<DATE>;<TIME>;<LAST>;<VOL>;<ID>;<OPER>
20240411;095940;51.23;10;10089535369;S
20240411;095940;51.23;10;10089535370;S
20240411;095940;51.23;10;10089535371;S
20240411;095940;51.23;40;10089535372;S
20240411;095940;51.23;30;10089535373;S
20240411;095940;51.23;10;10089535374;S
20240411;095940;51.23;10;10089535375;S
20240411;095940;51.23;60;10089535376;S
20240411;095940;51.23;30;10089535377;S
20240411;095940;51.23;10;10089535378;S
20240411;095940;51.23;150;10089535379;S
20240411;095940;51.23;150;10089535380;S
20240411;095940;51.23;20;10089535381;S
20240411;095940;51.23;80;10089535382;S
20240411;095940;51.23;20;10089535383;S
20240411;095940;51.23;80;10089535384;S
20240411;095940;51.23;50;10089535385;S
20240411;095940;51.23;60;10089535386;S
20240411;095940;51.23;10;10089535387;B
20240411;095940;51.23;10;10089535388;S
20240411;095940;51.23;10;10089535389;S
20240411;095940;51.23;180;10089535390;S
20240411;095940;51.23;20;10089535391;S
20240411;095940;51.23;100;10089535392;S
20240411;095940;51.23;280;10089535393;S
20240411;095940;51.23;790;10089535394;S
20240411;095940;51.23;1000;10089535395;S
20240411;095940;51.23;10;10089535396;S
20240411;095940;51.23;60;10089535397;S
20240411;095940;51.23;10;10089535398;S
20240411;095940;51.23;80;10089535399;S
20240411;095940;51.23;730;10089535400;S
20240411;095940;51.23;270;10089535401;B
20240411;095940;51.23;20;10089535402;B
20240411;095940;51.23;1000;10089535403;B
20240411;095940;51.23;210;10089535404;B
20240411;095940;51.23;190;10089535405;S
20240411;095940;51.23;20;10089535406;S
20240411;095940;51.23;10;10089535407;B
20240411;095940;51.23;10;10089535408;B
20240411;095940;51.23;30;10089535409;B
20240411;095940;51.23;200;10089535410;B
20240411;095940;51.23;20;10089535411;B
20240411;095940;51.23;1120;10089535412;B
20240411;095940;51.23;100;10089535413;S
20240411;095940;51.23;10;10089535414;B
20240411;095940;51.23;770;10089535415;B
20240411;095940;51.23;90;10089535416;B
20240411;095940;51.23;10;10089535417;B
20240411;095940;51.23;220;10089535418;B
20240411;095940;51.23;500;10089535419;B
20240411;095940;51.23;100;10089535420;B
20240411;095940;51.23;10;10089535421;B
20240411;095940;51.23;70;10089535422;B
20240411;095940;51.23;1230;10089535423;B
20240411;095940;51.23;5000;10089535424;S
20240411;095940;51.23;60;10089535425;B
20240411;095940;51.23;10;10089535426;B
20240411;095940;51.23;1200;10089535427;B
20240411;095940;51.23;500;10089535428;S
20240411;095940;51.23;50;10089535429;B
20240411;095940;51.23;300;10089535430;B
20240411;095940;51.23;40;10089535431;B
20240411;095940;51.23;6700;10089535432;S
20240411;095940;51.23;4700;10089535433;B
20240411;095940;51.23;200;10089535434;B
20240411;095940;51.23;1040;10089535435;B
20240411;095940;51.23;5270;10089535436;B
20240411;095940;51.23;1800;10089535437;B
20240411;095940;51.23;100;10089535438;B
20240411;095940;51.23;120;10089535439;B
20240411;095940;51.23;10;10089535440;B
20240411;095940;51.23;60;10089535441;B
20240411;095940;51.23;640;10089535442;B
20240411;095940;51.23;5000;10089535443;B
20240411;095940;51.23;360;10089535444;B
20240411;095940;51.23;250;10089535445;B
20240411;095940;51.23;10;10089535446;B
20240411;095940;51.23;110;10089535447;B
20240411;095940;51.23;10;10089535448;B
20240411;095940;51.23;120;10089535449;B
20240411;095940;51.23;140;10089535450;B
20240411;095940;51.23;950;10089535451;B
20240411;095940;51.23;10;10089535452;B
20240411;095940;51.23;720;10089535453;B
20240411;095940;51.23;40;10089535454;B
20240411;095940;51.23;550;10089535455;B
20240411;095940;51.23;1500;10089535456;B
20240411;095940;51.23;10;10089535457;B
20240411;095940;51.23;1000;10089535458;B
20240411;095940;51.23;680;10089535459;B
20240411;095940;51.23;1460;10089535460;B
20240411;095940;51.23;2500;10089535461;B
20240411;095940;51.23;10;10089535462;B
20240411;095940;51.23;10;10089535463;B
20240411;095940;51.23;10;10089535464;B
20240411;095940;51.23;10;10089535465;B
20240411;095940;51.23;10;10089535466;B
20240411;095940;51.23;100;10089535467;B
20240411;095940;51.23;20;10089535468;B
20240411;095940;51.23;40;10089535469;B
20240411;095940;51.23;10;10089535470;B
20240411;095940;51.23;30;10089535471;B
20240411;095940;51.23;10;10089535472;B
20240411;095940;51.23;40;10089535473;B
20240411;095940;51.23;20;10089535474;B
20240411;095940;51.23;10;10089535475;B
20240411;095940;51.23;10;10089535476;B
20240411;095940;51.23;500;10089535477;B
20240411;095940;51.23;50;10089535478;B
20240411;095940;51.23;60;10089535479;B
20240411;095940;51.23;10;10089535480;B
20240411;095940;51.23;10;10089535481;B
20240411;095940;51.23;2920;10089535482;B
20240411;095940;51.23;10;10089535483;B
20240411;095940;51.23;100;10089535484;B
20240411;095940;51.23;1560;10089535485;B
20240411;095940;51.23;110;10089535486;B
20240411;095940;51.23;500;10089535487;B
20240411;095940;51.23;20;10089535488;B
20240411;095940;51.23;10;10089535489;B
20240411;095940;51.23;30;10089535490;B
20240411;095940;51.23;10;10089535491;B
20240411;095940;51.23;10;10089535492;B
20240411;095940;51.23;190;10089535493;B
20240411;095940;51.23;50;10089535494;B
20240411;095940;51.23;20;10089535495;B
20240411;095940;51.23;10;10089535496;B
20240411;095940;51.23;10;10089535497;B
20240411;095940;51.23;100;10089535498;B
20240411;095940;51.23;10;10089535499;B
20240411;095940;51.23;50;10089535500;B
20240411;095940;51.23;20;10089535501;B
20240411;095940;51.23;10;10089535502;B
20240411;095940;51.23;2000;10089535503;B
20240411;095940;51.23;10;10089535504;B
20240411;095940;51.23;20;10089535505;B
20240411;095940;51.23;10;10089535506;B
20240411;095940;51.23;10;10089535507;B
20240411;095940;51.23;20;10089535508;B
20240411;095940;51.23;310;10089535509;B
20240411;095940;51.23;100;10089535510;B
20240411;095940;51.23;10;10089535511;B
20240411;095940;51.23;20;10089535512;B
20240411;095940;51.23;10;10089535513;B
20240411;095940;51.23;10;10089535514;B
20240411;095940;51.23;600;10089535515;B
20240411;095940;51.23;20;10089535516;B
20240411;095940;51.23;100;10089535517;B
20240411;095940;51.23;10;10089535518;B
20240411;095940;51.23;10;10089535519;B
20240411;095940;51.23;100;10089535520;B
20240411;095940;51.23;100;10089535521;B
20240411;095940;51.23;30;10089535522;B
20240411;095940;51.23;10;10089535523;B
20240411;095940;51.23;10;10089535524;B
20240411;095940;51.23;10;10089535525;B
20240411;095940;51.23;3020;10089535526;B
20240411;095940;51.23;150;10089535527;B
20240411;095940;51.23;20;10089535528;B
20240411;095940;51.23;30;10089535529;B
20240411;095940;51.23;30;10089535530;B
20240411;095940;51.23;40;10089535531;B
20240411;095940;51.23;10;10089535532;S
20240411;095940;51.23;100;10089535533;B
20240411;095940;51.23;30;10089535534;B
20240411;095940;51.23;30;10089535535;B
20240411;095940;51.23;200;10089535536;B
20240411;095940;51.23;200;10089535537;B
20240411;095940;51.23;30;10089535538;B
20240411;095940;51.23;30;10089535539;B
20240411;095940;51.23;1000;10089535540;B
20240411;095940;51.23;1450;10089535541;B
20240411;095940;51.23;1200;10089535542;B
20240411;095940;51.23;100;10089535543;B
20240411;095940;51.23;50;10089535544;B
20240411;095940;51.23;10;10089535545;B
20240411;095940;51.23;250;10089535546;B
20240411;095940;51.23;200;10089535547;B
20240411;095940;51.23;10;10089535548;B
20240411;095940;51.23;90;10089535549;B
20240411;095940;51.23;500;10089535550;B
20240411;095940;51.23;10;10089535551;B
20240411;095940;51.23;790;10089535552;B
20240411;095940;51.23;30;10089535553;B
20240411;095940;51.23;1720;10089535554;B
20240411;095940;51.23;10;10089535555;S
20240411;095940;51.23;8050;10089535556;S
20240411;095940;51.23;10;10089535557;S
20240411;095940;51.23;10;10089535558;B
20240411;095940;51.23;100;10089535559;B
20240411;095940;51.23;10;10089535560;B
20240411;095940;51.23;250;10089535561;S
20240411;095940;51.23;230;10089535562;S
20240411;095940;51.23;180;10089535563;S
20240411;095940;51.23;10;10089535564;S
20240411;095940;51.23;100;10089535565;S
20240411;095940;51.23;1520;10089535566;B
20240411;095940;51.23;200;10089535567;B
20240411;095940;51.23;20;10089535568;B
20240411;095940;51.23;10;10089535569;B
20240411;095940;51.23;970;10089535570;B
20240411;095940;51.23;50;10089535571;B
20240411;095940;51.23;9500;10089535572;B
20240411;095940;51.23;20;10089535573;B
20240411;095940;51.23;130;10089535574;B
20240411;095940;51.23;20;10089535575;B
20240411;095940;51.23;10;10089535576;B
20240411;095940;51.23;100;10089535577;B
20240411;095940;51.23;10;10089535578;B
20240411;095940;51.23;1500;10089535579;B
20240411;095940;51.23;10;10089535580;B
20240411;095940;51.23;10;10089535581;B
20240411;095940;51.23;100;10089535582;B
20240411;095940;51.23;10;10089535583;B
20240411;095940;51.23;60;10089535584;B
20240411;095940;51.23;400;10089535585;B
20240411;095940;51.23;500;10089535586;B
20240411;095940;51.23;80;10089535587;B
20240411;095940;51.23;10;10089535588;B
20240411;095940;51.23;50;10089535589;B
20240411;095940;51.23;10;10089535590;B
20240411;095940;51.23;10;10089535591;B
20240411;095940;51.23;540;10089535592;B
20240411;095940;51.23;590;10089535593;B
20240411;095940;51.23;30;10089535594;B
20240411;095940;51.23;1000;10089535595;B
20240411;095940;51.23;10;10089535596;B
20240411;095940;51.23;10;10089535597;B
20240411;095940;51.23;50;10089535598;B
20240411;095940;51.23;510;10089535599;B
20240411;095940;51.23;1490;10089535600;B
20240411;095940;51.23;60;10089535601;B
20240411;095940;51.23;200;10089535602;B
20240411;095940;51.23;10;10089535603;B
20240411;095940;51.23;10;10089535604;B
20240411;095940;51.23;20230;10089535605;S
20240411;100000;51.23;4770;10089541204;B
20240411;100000;51.24;10;10089541205;B
20240411;100000;51.24;20;10089541206;B
20240411;100000;51.24;30;10089541207;B
20240411;100000;51.24;10;10089541208;B
20240411;100000;51.24;500;10089541225;S
20240411;100000;51.24;2500;10089541226;S
20240411;100000;51.24;900;10089541227;S
20240411;100000;51.24;4500;10089541228;S
20240411;100000;51.24;500;10089541250;S
20240411;100000;51.24;500;10089541264;S
20240411;100000;51.24;100;10089541269;S
20240411;100000;51.24;200;10089541272;S
20240411;100000;51.24;500;10089541286;S
20240411;100000;51.24;400;10089541290;S
20240411;100000;51.24;1000;10089541292;S
20240411;100000;51.24;100;10089541293;S
20240411;100000;51.24;500;10089541299;S
20240411;100000;51.24;100;10089541302;S
20240411;100000;51.24;200;10089541305;S
20240411;100000;51.24;2800;10089541313;S
20240411;100000;51.24;1400;10089541316;S
20240411;100000;51.24;500;10089541318;S
20240411;100000;51.24;960;10089541334;S
20240411;100000;51.24;2950;10089541335;S
20240411;100000;51.23;10;10089541337;S
20240411;100000;51.23;10;10089541338;S
20240411;100000;51.23;40;10089541342;S
20240411;100000;51.22;460;10089541343;S
20240411;100000;51.24;490;10089541344;B
20240411;100000;51.25;100;10089541345;B
20240411;100000;51.25;100;10089541346;B
20240411;100000;51.25;10;10089541347;B
20240411;100000;51.25;500;10089541348;B
20240411;100000;51.25;10;10089541349;B
20240411;100000;51.25;10;10089541350;B
20240411;100000;51.25;80;10089541351;B
20240411;100000;51.25;10;10089541354;S
20240411;100000;51.25;500;10089541355;S
20240411;100000;51.25;3900;10089541360;S
20240411;100000;51.25;70;10089541362;S
20240411;100000;51.26;10;10089541363;B
20240411;100000;51.26;590;10089541364;B
20240411;100000;51.26;10;10089541369;B
20240411;100000;51.25;110;10089541370;S
20240411;100000;51.25;10;10089541371;S
20240411;100000;51.27;10;10089541373;B
20240411;100000;51.27;60;10089541374;B
20240411;100000;51.27;130;10089541375;B
20240411;100000;51.25;60;10089541376;S
20240411;100000;51.25;1000;10089541378;S
20240411;100000;51.25;100;10089541379;S
20240411;100000;51.25;100;10089541384;S
20240411;100000;51.25;30;10089541385;S
20240411;100000;51.25;200;10089541386;S
20240411;100000;51.27;120;10089541389;B
20240411;100000;51.25;120;10089541390;S
20240411;100000;51.25;200;10089541393;S
20240411;100000;51.25;750;10089541394;S
20240411;100000;51.27;500;10089541397;B
20240411;100000;51.27;1000;10089541398;B
20240411;100000;51.28;10;10089541399;B
20240411;100000;51.28;3300;10089541400;B
20240411;100000;51.28;6190;10089541401;B
20240411;100000;51.28;2810;10089541404;B
20240411;100000;51.29;10;10089541405;B
20240411;100000;51.29;20;10089541406;B
20240411;100000;51.29;200;10089541407;B
20240411;100000;51.3;50;10089541408;B
20240411;100000;51.3;10;10089541409;B
20240411;100000;51.3;10;10089541410;B
20240411;100000;51.3;50;10089541411;B
20240411;100000;51.3;40;10089541412;B
20240411;100000;51.3;100;10089541413;B
20240411;100000;51.3;400;10089541414;B
20240411;100000;51.3;30;10089541415;B
20240411;100000;51.3;10;10089541416;B
20240411;100000;51.3;50;10089541417;B
20240411;100000;51.3;10;10089541418;B
20240411;100000;51.3;10;10089541419;B
20240411;100000;51.3;10;10089541420;B
20240411;100000;51.3;150;10089541421;B
20240411;100000;51.3;400;10089541422;B
20240411;100000;51.3;50;10089541423;B
20240411;100000;51.3;10;10089541424;B
20240411;100000;51.3;10;10089541425;B
20240411;100000;51.3;440;10089541426;B
20240411;100000;51.25;500;10089541433;S
20240411;100000;51.25;250;10089541434;S
20240411;100000;51.28;1650;10089541437;B
20240411;100000;51.25;4200;10089541441;S
20240411;100000;51.25;1000;10089541449;S
20240411;100000;51.25;590;10089541450;S
20240411;100000;51.25;600;10089541451;S
20240411;100000;51.24;310;10089541452;S
20240411;100000;51.21;30;10089541484;S
20240411;100000;51.25;40;10089541592;B
20240411;100000;51.25;450;10089541613;B
20240411;100000;51.25;3310;10089541713;B
20240411;100000;51.25;100;10089541714;B
20240411;100000;51.25;100;10089541715;B
20240411;100000;51.25;300;10089541716;B
20240411;100000;51.26;700;10089541717;B
20240411;100000;51.28;490;10089541718;B
20240411;100000;51.29;700;10089541730;B
20240411;100000;51.24;480;10089541738;S
20240411;100000;51.24;190;10089541739;S
20240411;100000;51.24;330;10089541740;S
20240411;100000;51.28;1380;10089541741;B
20240411;100000;51.29;1120;10089541742;B
20240411;100000;51.24;1000;10089541745;S
20240411;100000;51.29;2550;10089541809;B
20240411;100000;51.29;660;10089541810;B
20240411;100000;51.29;690;10089541811;B
20240411;100000;51.24;1620;10089541830;S
20240411;100000;51.24;4050;10089541831;S
20240411;100000;51.24;2200;10089541879;S
20240411;100000;51.23;50;10089541891;S
20240411;100000;51.29;690;10089541942;B
20240411;100000;51.29;560;10089541943;B
20240411;100000;51.23;50;10089541989;S
20240411;100000;51.25;10;10089542035;B
20240411;100000;51.25;10;10089542036;B
20240411;100000;51.29;640;10089542037;B
20240411;100001;51.29;200;10089542107;B
20240411;100001;51.25;20;10089542203;S
20240411;100001;51.25;1000;10089542204;S
20240411;100001;51.29;1380;10089542229;B
20240411;100001;51.29;2550;10089542230;B
20240411;100001;51.3;1560;10089542231;B
20240411;100001;51.3;1000;10089542232;B
20240411;100001;51.3;20;10089542233;B
20240411;100001;51.3;600;10089542234;B
20240411;100001;51.3;650;10089542235;B
20240411;100001;51.3;280;10089542236;B
20240411;100001;51.3;10;10089542237;B
20240411;100001;51.31;310;10089542238;B
20240411;100001;51.31;11190;10089542239;B
20240411;100001;51.25;1000;10089542240;S
20240411;100001;51.25;1000;10089542242;S
20240411;100001;51.3;1960;10089542254;B
20240411;100001;51.25;1000;10089542255;S
20240411;100001;51.3;40;10089542257;B
20240411;100001;51.25;1010;10089542275;S
20240411;100001;51.25;60;10089542298;S
20240411;100001;51.3;1340;10089542305;B
20240411;100001;51.3;300;10089542306;B
20240411;100001;51.25;250;10089542326;S
20240411;100001;51.3;300;10089542331;B
20240411;100001;51.25;100;10089542404;S
20240411;100001;51.3;1950;10089542409;B
20240411;100001;51.3;550;10089542410;B
20240411;100001;51.3;830;10089542430;B
20240411;100001;51.3;2550;10089542431;B
20240411;100001;51.31;620;10089542432;B
20240411;100001;51.25;100;10089542433;S
20240411;100001;51.3;1380;10089542447;B
20240411;100001;51.3;1120;10089542448;B
20240411;100001;51.3;40;10089542456;B
20240411;100001;51.27;20;10089542470;B
20240411;100001;51.28;50;10089542487;S
20240411;100001;51.28;30;10089542506;S
20240411;100001;51.25;1300;10089542507;S
20240411;100001;51.27;400;10089542554;B
20240411;100001;51.27;160;10089542578;B
20240411;100001;51.24;450;10089542585;S
20240411;100001;51.24;10;10089542586;S
20240411;100001;51.24;4790;10089542587;S
20240411;100001;51.24;200;10089542609;S
20240411;100001;51.22;20;10089542634;S
20240411;100001;51.27;240;10089542662;B
20240411;100001;51.29;450;10089542663;B
20240411;100001;51.29;310;10089542664;B
20240411;100001;51.23;450;10089542698;S
20240411;100001;51.23;1550;10089542699;S
20240411;100001;51.3;100;10089542700;B
20240411;100001;51.24;450;10089542701;S
20240411;100001;51.23;5470;10089542702;S
20240411;100001;51.22;580;10089542703;S
20240411;100001;51.22;2500;10089542704;S
20240411;100001;51.26;450;10089542713;B
20240411;100001;51.26;2550;10089542714;B
20240411;100001;51.27;1380;10089542715;B
20240411;100001;51.27;620;10089542716;B
20240411;100001;51.21;820;10089542731;S
20240411;100001;51.21;30;10089542732;S
20240411;100001;51.21;10;10089542733;S
20240411;100001;51.21;140;10089542734;S
20240411;100001;51.21;10;10089542738;S
20240411;100001;51.26;100;10089542740;B
20240411;100002;51.24;40;10089542768;S
20240411;100002;51.23;2000;10089542769;S
20240411;100002;51.22;630;10089542770;S
20240411;100002;51.21;7350;10089542771;S
20240411;100002;51.21;2030;10089542772;S
20240411;100002;51.21;1960;10089542773;S
20240411;100002;51.21;1950;10089542774;S
20240411;100002;51.2;2800;10089542775;S
20240411;100002;51.2;2000;10089542776;S
20240411;100002;51.2;300;10089542777;S
20240411;100002;51.2;1000;10089542778;S
20240411;100002;51.2;3910;10089542779;S
20240411;100002;51.2;1000;10089542780;S
20240411;100002;51.19;200;10089542781;S
20240411;100002;51.19;840;10089542782;S
20240411;100002;51.17;2790;10089542845;S
20240411;100002;51.17;50;10089542874;S
20240411;100002;51.17;90;10089542923;S
20240411;100002;51.17;100;10089542924;S
20240411;100002;51.2;10;10089542928;B
20240411;100002;51.21;30;10089542929;B
20240411;100002;51.21;320;10089542933;B
20240411;100002;51.22;1380;10089542934;B
20240411;100002;51.22;2550;10089542935;B
20240411;100002;51.23;2000;10089542936;B
20240411;100002;51.23;620;10089542937;B
20240411;100002;51.24;7020;10089542938;B
20240411;100002;51.26;11000;10089542939;B
20240411;100002;51.29;470;10089542940;B
20240411;100002;51.29;100;10089542941;B
20240411;100002;51.3;3530;10089542942;B
20240411;100002;51.3;40;10089542943;B
20240411;100002;51.31;8190;10089542944;B
20240411;100002;51.31;2000;10089542945;B
20240411;100002;51.32;10;10089542946;B
20240411;100002;51.33;10;10089542947;B
20240411;100002;51.33;10;10089542948;B
20240411;100002;51.33;760;10089542949;B
20240411;100002;51.34;2990;10089542950;B
20240411;100002;51.2;400;10089542970;B
20240411;100002;51.25;10;10089542977;B
20240411;100002;51.27;990;10089542978;B
20240411;100002;51.27;2550;10089542988;B
20240411;100002;51.27;1370;10089542989;B
20240411;100002;51.21;450;10089542993;S
20240411;100002;51.21;7020;10089542994;S
20240411;100002;51.18;2310;10089542995;S
20240411;100002;51.23;10;10089543000;B
20240411;100002;51.19;20;10089543003;S
20240411;100002;51.23;1000;10089543023;B
20240411;100002;51.23;10;10089543029;B
20240411;100002;51.2;250;10089543030;B
20240411;100002;51.23;440;10089543048;B
20240411;100002;51.23;50;10089543049;B
20240411;100002;51.24;1000;10089543050;B
20240411;100002;51.26;510;10089543051;B
20240411;100002;51.26;1380;10089543074;B
20240411;100002;51.27;1570;10089543075;B
20240411;100002;51.27;1800;10089543091;B
20240411;100002;51.2;450;10089543119;S
20240411;100002;51.2;550;10089543120;S
20240411;100002;51.25;30;10089543123;B
20240411;100002;51.2;80;10089543124;S
20240411;100002;51.25;270;10089543129;B
20240411;100002;51.26;50;10089543130;B
20240411;100002;51.27;680;10089543131;B
20240411;100002;51.27;450;10089543132;B
20240411;100002;51.28;7020;10089543133;B
20240411;100002;51.3;550;10089543134;B
20240411;100002;51.3;300;10089543135;B
20240411;100002;51.3;100;10089543136;B
20240411;100002;51.3;2000;10089543137;B
20240411;100002;51.3;560;10089543138;B
20240411;100002;51.3;100;10089543139;B
20240411;100002;51.3;400;10089543140;B
20240411;100002;51.33;2310;10089543141;B
20240411;100002;51.33;2550;10089543142;B
20240411;100002;51.33;2640;10089543143;B
20240411;100002;51.34;20;10089543144;B
20240411;100002;51.29;1500;10089543153;B
20240411;100002;51.31;1500;10089543154;B
20240411;100002;51.23;40;10089543161;B
20240411;100002;51.23;100;10089543165;S
20240411;100002;51.32;2550;10089543180;B
20240411;100002;51.32;1350;10089543181;B
20240411;100002;51.3;200;10089543190;S
20240411;100002;51.27;1800;10089543191;S
20240411;100002;51.25;40;10089543213;S
20240411;100002;51.25;100;10089543214;S
20240411;100002;51.25;50;10089543260;B
20240411;100002;51.3;10;10089543261;B
20240411;100002;51.31;140;10089543262;B
20240411;100002;51.3;50;10089543264;B
20240411;100002;51.3;100;10089543265;B
20240411;100002;51.32;1000;10089543266;B
20240411;100002;51.32;800;10089543267;B
20240411;100002;51.25;930;10089543284;S
20240411;100002;51.25;10;10089543300;S
20240411;100002;51.32;1000;10089543326;B
20240411;100002;51.25;10;10089543331;S
20240411;100002;51.25;1380;10089543348;S
20240411;100002;51.24;7010;10089543349;S
20240411;100002;51.24;600;10089543350;S
20240411;100002;51.23;1010;10089543351;S
20240411;100002;51.25;10;10089543361;S
20240411;100002;51.3;10;10089543408;B
20240411;100002;51.25;10;10089543431;S
20240411;100002;51.25;50;10089543442;S
20240411;100002;51.26;40;10089543452;S
20240411;100002;51.26;400;10089543499;S
20240411;100002;51.26;10;10089543501;S
20240411;100002;51.25;940;10089543502;S
20240411;100002;51.24;4050;10089543503;S
20240411;100002;51.24;10;10089543504;S
20240411;100002;51.23;2000;10089543526;S
20240411;100002;51.28;100;10089543528;B
20240411;100002;51.23;800;10089543584;S
20240411;100003;51.23;30;10089543594;S
20240411;100003;51.28;200;10089543629;B
20240411;100003;51.26;20;10089543673;B
20240411;100003;51.28;230;10089543674;B
20240411;100003;51.25;990;10089543713;B
20240411;100003;51.26;10;10089543714;B
20240411;100003;51.25;850;10089543724;B
20240411;100003;51.26;1150;10089543725;B
20240411;100003;51.23;10;10089543727;S
20240411;100003;51.23;60;10089543746;S
20240411;100003;51.23;200;10089543747;S
20240411;100003;51.26;7500;10089543761;B
20240411;100003;51.23;10;10089543765;S
20240411;100003;51.23;80;10089543774;S
20240411;100003;51.23;1800;10089543827;S
20240411;100003;51.23;50;10089543828;S
20240411;100003;51.21;5000;10089543829;S
20240411;100003;51.21;3150;10089543830;S
20240411;100003;51.25;450;10089543840;B
20240411;100003;51.26;2340;10089543841;B
20240411;100003;51.27;2020;10089543842;B
20240411;100003;51.28;5020;10089543843;B
20240411;100003;51.25;5000;10089543881;B
20240411;100003;51.26;600;10089543886;B
20240411;100003;51.28;2000;10089543887;B
20240411;100003;51.29;400;10089543888;B
20240411;100003;51.24;10;10089543949;S
20240411;100003;51.28;10;10089543960;B
20240411;100003;51.24;10;10089543987;S
20240411;100003;51.24;330;10089544001;S
20240411;100004;51.27;10;10089544085;B
20240411;100004;51.28;10;10089544086;B
20240411;100004;51.29;3600;10089544087;B
20240411;100004;51.29;40;10089544088;B
20240411;100004;51.3;10;10089544089;B
20240411;100004;51.3;330;10089544090;B
20240411;100004;51.29;330;10089544181;B
20240411;100004;51.3;670;10089544182;B
20240411;100004;51.25;10;10089544195;S
20240411;100004;51.24;140;10089544196;S
20240411;100004;51.3;10;10089544250;B
20240411;100004;51.29;10;10089544610;B
20240411;100004;51.3;20;10089544611;B
20240411;100004;51.3;10;10089544612;B
20240411;100004;51.3;10;10089544613;B
20240411;100004;51.3;10;10089544614;B
20240411;100004;51.3;20;10089544615;B
20240411;100004;51.3;10;10089544616;B
20240411;100005;51.29;10;10089545062;B
20240411;100005;51.3;50;10089545063;B
20240411;100005;51.27;10;10089545064;S
20240411;100005;51.28;10;10089545104;S
20240411;100005;51.27;10;10089545105;S
20240411;100005;51.3;10;10089545107;B
20240411;100005;51.3;20;10089545109;B
20240411;100005;51.3;20;10089545112;B
20240411;100005;51.3;10;10089545116;B
20240411;100005;51.27;30;10089545119;S
20240411;100005;51.27;450;10089545340;S
20240411;100005;51.27;150;10089545341;S
20240411;100005;51.28;200;10089545470;S
20240411;100005;51.3;20;10089545595;B
20240411;100005;51.3;10;10089545597;B
20240411;100005;51.27;20;10089545604;S
20240411;100005;51.3;10;10089545609;B
20240411;100005;51.3;20;10089545612;B
20240411;100005;51.3;20;10089545614;B
20240411;100005;51.3;10;10089545617;B
20240411;100005;51.27;10;10089545674;S
20240411;100005;51.27;60;10089545693;S
20240411;100005;51.27;100;10089545706;S
20240411;100005;51.3;10;10089545851;B
20240411;100005;51.3;10;10089545854;B
20240411;100005;51.27;10;10089545856;S
20240411;100005;51.27;10;10089545859;S
20240411;100005;51.27;350;10089545878;S
20240411;100005;51.27;20;10089545879;S
20240411;100005;51.26;10;10089545880;S
20240411;100005;51.26;450;10089545881;S
20240411;100005;51.25;1120;10089545882;S
20240411;100005;51.29;450;10089545955;B
20240411;100005;51.3;2050;10089545956;B
20240411;100005;51.3;200;10089546004;B
20240411;100006;51.3;10;10089546263;B
20240411;100006;51.3;10;10089546267;B
20240411;100006;51.3;20;10089546269;B
20240411;100006;51.28;10;10089546275;S
20240411;100006;51.3;20;10089546279;B
20240411;100006;51.3;10;10089546284;B
20240411;100006;51.3;2190;10089546337;B
20240411;100006;51.3;110;10089546338;B
20240411;100006;51.3;200;10089546339;B
20240411;100006;51.3;10;10089546340;B
20240411;100006;51.3;100;10089546341;B
20240411;100006;51.31;30;10089546342;B
20240411;100006;51.31;1800;10089546343;B
20240411;100006;51.31;20;10089546413;B
20240411;100006;51.31;10;10089546420;B
20240411;100006;51.31;10;10089546423;B
20240411;100006;51.31;10;10089546424;B
20240411;100006;51.25;20;10089546438;S
20240411;100006;51.25;20;10089546440;S
20240411;100006;51.31;590;10089546442;B
20240411;100006;51.25;600;10089546446;S
20240411;100006;51.31;20;10089546448;B
20240411;100006;51.31;200;10089546478;B
20240411;100006;51.3;1000;10089546716;S
20240411;100006;51.32;10;10089546852;B
20240411;100006;51.3;1000;10089546854;S
20240411;100006;51.32;10;10089546862;B
20240411;100006;51.27;10;10089546865;S
20240411;100006;51.32;20;10089546868;B
20240411;100006;51.32;20;10089546889;B
20240411;100006;51.3;500;10089547003;S
20240411;100006;51.27;350;10089547006;S
20240411;100006;51.31;10;10089547378;S
20240411;100006;51.31;40;10089547622;B
20240411;100006;51.32;20;10089547623;B
20240411;100006;51.32;40;10089547624;B
20240411;100006;51.32;10;10089547633;B
20240411;100006;51.32;10;10089547638;B
20240411;100006;51.32;30;10089547639;B
20240411;100006;51.29;10;10089547645;S
20240411;100006;51.32;10;10089547660;B
20240411;100006;51.29;20;10089547664;S
20240411;100006;51.27;80;10089547665;S
20240411;100006;51.32;50;10089547671;B
20240411;100006;51.32;10;10089547728;B
20240411;100006;51.27;30;10089547734;S
20240411;100006;51.32;10;10089547740;B
20240411;100006;51.28;10;10089547745;B
20240411;100006;51.27;10;10089547750;S
20240411;100006;51.28;20;10089547756;B
20240411;100006;51.28;120;10089547765;B
20240411;100006;51.28;350;10089547843;B
20240411;100006;51.32;10;10089547883;B
20240411;100006;51.27;20;10089547891;S
20240411;100006;51.32;10;10089547899;B
20240411;100006;51.32;10;10089547900;B
20240411;100006;51.32;10;10089547906;B
20240411;100006;51.32;10;10089547910;B
20240411;100006;51.27;10;10089547915;S
20240411;100006;51.32;20;10089547919;B
20240411;100006;51.32;10;10089547921;B
20240411;100006;51.32;10;10089547924;B
20240411;100006;51.32;10;10089547928;B
20240411;100006;51.32;10;10089547938;B
20240411;100006;51.32;10;10089547943;B
20240411;100006;51.32;10;10089547944;B
20240411;100006;51.33;50;10089547945;B
20240411;100006;51.33;40;10089547946;B
20240411;100006;51.27;20;10089547953;S
20240411;100006;51.32;350;10089548086;B
20240411;100006;51.33;460;10089548087;B
20240411;100006;51.33;10;10089548088;B
20240411;100006;51.33;620;10089548089;B
20240411;100007;51.27;20;10089548169;S
20240411;100007;51.29;40;10089548799;B
20240411;100007;51.29;350;10089548822;B
20240411;100007;51.29;40;10089548857;B
20240411;100007;51.27;310;10089549040;S
20240411;100007;51.27;690;10089549041;S
20240411;100007;51.29;10;10089549043;B
20240411;100007;51.29;560;10089549091;B
20240411;100007;51.33;870;10089549092;B
20240411;100007;51.33;1000;10089549093;B
20240411;100007;51.34;20;10089549094;B
20240411;100007;51.34;50;10089549181;B
20240411;100007;51.28;40;10089549197;S
20240411;100007;51.33;20;10089549329;B
20240411;100007;51.33;10;10089549333;B
20240411;100007;51.33;10;10089549338;B
20240411;100007;51.34;40;10089549339;B
20240411;100007;51.34;10;10089549346;B
20240411;100007;51.28;10;10089549347;S
20240411;100007;51.33;10;10089549382;B
20240411;100007;51.34;10;10089549383;B
20240411;100007;51.34;10;10089549384;B
20240411;100007;51.34;10;10089549385;B
20240411;100008;51.34;40;10089549711;B
20240411;100008;51.34;2950;10089549712;B
20240411;100008;51.34;5000;10089549714;B
20240411;100008;51.34;850;10089549723;B
20240411;100008;51.34;250;10089549724;B
20240411;100008;51.34;250;10089549725;B
20240411;100008;51.34;10;10089549726;B
20240411;100008;51.34;1000;10089549727;B
20240411;100008;51.34;100;10089549728;B
20240411;100008;51.34;10;10089549729;B
20240411;100008;51.34;10;10089549730;B
20240411;100008;51.34;7020;10089549731;B
20240411;100008;51.35;10;10089549732;B
20240411;100008;51.35;10;10089549733;B
20240411;100008;51.35;10;10089549734;B
20240411;100008;51.36;10;10089549735;B
20240411;100008;51.37;30;10089549736;B
20240411;100008;51.37;430;10089549737;B
20240411;100008;51.29;1000;10089549742;S
20240411;100008;51.3;400;10089549744;S
20240411;100008;51.3;20;10089549820;S
20240411;100008;51.34;100;10089549821;B
20240411;100008;51.34;10;10089549822;B
20240411;100008;51.34;20;10089549824;B
20240411;100008;51.34;20;10089549825;B
20240411;100008;51.3;10;10089549826;S
20240411;100008;51.3;10;10089549827;S
20240411;100008;51.34;10;10089549986;B
20240411;100008;51.34;120;10089550064;B
20240411;100008;51.3;10;10089550069;S
20240411;100008;51.29;90;10089550070;S
20240411;100008;51.3;100;10089550071;S
20240411;100008;51.34;120;10089550072;B
20240411;100008;51.36;4880;10089550073;B
20240411;100008;51.31;300;10089550075;S
20240411;100008;51.31;700;10089550076;S
20240411;100008;51.31;1000;10089550078;S
20240411;100008;51.35;500;10089550079;S
20240411;100008;51.35;1500;10089550080;S
20240411;100008;51.35;50;10089550127;B
20240411;100008;51.35;450;10089550129;B
20240411;100008;51.35;150;10089550130;B
20240411;100008;51.35;30;10089550135;B
20240411;100008;51.35;320;10089550138;B
20240411;100008;51.35;2000;10089550139;B
20240411;100008;51.35;150;10089550140;B
20240411;100008;51.37;70;10089550141;B
20240411;100008;51.37;20;10089550142;B
20240411;100008;51.38;300;10089550143;B
20240411;100008;51.38;10;10089550144;B
20240411;100008;51.38;10;10089550145;B
20240411;100008;51.38;120;10089550146;B
20240411;100008;51.38;2000;10089550147;B
20240411;100008;51.36;1000;10089550148;S
20240411;100008;51.38;80;10089550168;B
20240411;100008;51.38;300;10089550174;B
20240411;100008;51.38;260;10089550176;B
20240411;100008;51.36;750;10089550197;S
20240411;100008;51.38;2360;10089550201;B
20240411;100008;51.38;7640;10089550202;B
20240411;100008;51.38;1860;10089550213;B
20240411;100008;51.39;500;10089550214;B
20240411;100008;51.39;4640;10089550215;B
20240411;100008;51.36;10;10089550217;S
20240411;100008;51.39;200;10089550219;B
20240411;100008;51.36;1000;10089550220;S
20240411;100008;51.37;210;10089550221;B
20240411;100008;51.39;2790;10089550222;B
20240411;100009;51.36;10;10089550267;S
20240411;100009;51.39;20;10089550320;B
20240411;100009;51.39;10;10089550321;B
20240411;100009;51.39;8000;10089550324;B
20240411;100009;51.36;10;10089550346;S
20240411;100009;51.36;50;10089550351;S
20240411;100009;51.38;1000;10089550374;S
20240411;100009;51.38;1500;10089550375;S
20240411;100009;51.36;20;10089550391;S
20240411;100009;51.36;1000;10089550465;S
20240411;100009;51.38;50;10089550466;B
20240411;100009;51.37;50;10089550467;S
20240411;100009;51.38;650;10089550472;B
20240411;100009;51.38;700;10089550473;B
20240411;100009;51.38;300;10089550474;B
20240411;100009;51.38;100;10089550475;S
20240411;100009;51.38;200;10089550476;S
20240411;100009;51.39;4340;10089550477;B
20240411;100009;51.39;100;10089550478;B
20240411;100009;51.39;200;10089550479;B
20240411;100009;51.39;20;10089550480;B
20240411;100009;51.39;10;10089550481;B
20240411;100009;51.39;800;10089550482;B
20240411;100009;51.4;20;10089550483;B
20240411;100009;51.4;100;10089550484;B
20240411;100009;51.4;10;10089550485;B
20240411;100009;51.4;10;10089550486;B
20240411;100009;51.4;20;10089550487;B
20240411;100009;51.4;10;10089550488;B
20240411;100009;51.4;3000;10089550489;B
20240411;100009;51.4;10;10089550490;B
20240411;100009;51.4;20;10089550491;B
20240411;100009;51.4;80;10089550492;B
20240411;100009;51.4;10;10089550493;B
20240411;100009;51.4;50;10089550494;B
20240411;100009;51.4;10;10089550495;B
20240411;100009;51.4;8200;10089550496;B
20240411;100009;51.4;2500;10089550497;B
20240411;100009;51.4;20;10089550498;B
20240411;100009;51.4;50;10089550499;B
20240411;100009;51.41;10;10089550500;B
20240411;100009;51.42;2340;10089550501;B
20240411;100009;51.42;3060;10089550502;B
20240411;100009;51.43;30;10089550503;B
20240411;100009;51.43;30;10089550504;B
20240411;100009;51.43;200;10089550505;B
20240411;100009;51.44;10;10089550506;B
20240411;100009;51.45;100;10089550507;B
20240411;100009;51.45;130;10089550508;B
20240411;100009;51.43;20;10089550511;S
20240411;100009;51.38;50;10089550512;S
20240411;100009;51.38;950;10089550513;S
20240411;100009;51.38;1480;10089550514;S
20240411;100009;51.44;2090;10089550517;B
20240411;100009;51.44;910;10089550518;B
20240411;100009;51.39;300;10089550552;S
20240411;100009;51.37;150;10089550554;S
20240411;100009;51.37;450;10089550555;S
20240411;100009;51.37;7000;10089550556;S
20240411;100009;51.36;1150;10089550557;S
20240411;100009;51.35;500;10089550558;S
20240411;100009;51.35;2000;10089550568;B
20240411;100009;51.35;10;10089550584;B
20240411;100009;51.35;2500;10089550586;B
20240411;100009;51.35;100;10089550591;B
20240411;100009;51.35;4060;10089550592;B
20240411;100009;51.35;1220;10089550593;B
20240411;100009;51.38;450;10089550594;B
20240411;100009;51.42;1000;10089550595;B
20240411;100009;51.42;2330;10089550596;B
20240411;100009;51.42;600;10089550597;B
20240411;100009;51.35;500;10089550598;S
20240411;100009;51.44;4500;10089550599;B
20240411;100009;51.45;10;10089550604;B
20240411;100009;51.37;200;10089550605;S
20240411;100009;51.45;10;10089550607;B
20240411;100009;51.45;10;10089550608;B
20240411;100009;51.44;40;10089550620;B
20240411;100009;51.45;1000;10089550750;B
20240411;100009;51.45;730;10089550751;B
20240411;100009;51.44;700;10089550764;S
20240411;100009;51.44;10;10089550765;S
20240411;100009;51.43;10;10089550767;S
20240411;100009;51.41;70;10089550768;S
20240411;100009;51.41;370;10089550769;S
20240411;100009;51.41;10;10089550771;S
20240411;100009;51.41;620;10089550790;S
20240411;100009;51.41;100;10089550797;S
20240411;100009;51.41;500;10089550799;S
20240411;100009;51.44;490;10089550825;B
20240411;100009;51.44;10;10089550827;B
20240411;100009;51.41;30;10089550841;S
20240411;100009;51.44;190;10089550842;B
20240411;100009;51.44;1500;10089550843;B
20240411;100009;51.44;310;10089550844;B
20240411;100009;51.44;60;10089550845;B
20240411;100009;51.44;630;10089550846;B
20240411;100009;51.44;700;10089550847;B
20240411;100009;51.44;100;10089550848;B
20240411;100009;51.44;700;10089550849;B
20240411;100009;51.44;700;10089550850;B
20240411;100009;51.45;6110;10089550851;B
20240411;100009;51.45;10;10089550852;B
20240411;100009;51.45;90;10089550853;B
20240411;100009;51.45;10;10089550854;B
20240411;100009;51.46;10;10089550855;B
20240411;100009;51.47;1630;10089550856;B
20240411;100009;51.47;2000;10089550857;B
20240411;100009;51.47;14320;10089550858;B
20240411;100009;51.47;160;10089550859;B
20240411;100009;51.48;20;10089550860;B
20240411;100009;51.48;1000;10089550861;B
20240411;100009;51.48;1430;10089550862;S
20240411;100009;51.48;1500;10089550863;S
20240411;100009;51.48;500;10089550864;S
20240411;100009;51.48;1200;10089550865;S
20240411;100009;51.48;10;10089550866;S
20240411;100009;51.48;160;10089550867;S
20240411;100009;51.48;7500;10089550868;S
20240411;100009;51.48;20;10089550869;S
20240411;100009;51.48;20000;10089550870;S
20240411;100009;51.48;100;10089550871;S
20240411;100009;51.48;200;10089550872;S
20240411;100009;51.48;1500;10089550873;S
20240411;100009;51.48;300;10089550874;S
20240411;100009;51.48;100;10089550875;S
20240411;100009;51.48;90;10089550877;S
20240411;100009;51.48;10;10089550878;S
20240411;100010;51.48;750;10089550883;S
20240411;100010;51.49;50;10089550884;B
20240411;100010;51.49;150;10089550885;B
20240411;100010;51.49;350;10089550889;B
20240411;100010;51.49;1000;10089550890;B
20240411;100010;51.49;50;10089550891;B
20240411;100010;51.48;1440;10089550892;S
20240411;100010;51.45;10;10089550896;S
20240411;100010;51.45;10;10089550897;S
20240411;100010;51.49;40;10089550898;B
20240411;100010;51.49;10;10089550899;B
20240411;100010;51.49;190;10089550900;B
20240411;100010;51.45;20;10089550903;S
20240411;100010;51.44;40;10089550904;S
20240411;100010;51.44;20;10089550909;S
20240411;100010;51.44;70;10089550911;S
20240411;100010;51.43;40;10089550912;S
20240411;100010;51.42;890;10089550913;S
20240411;100010;51.42;10;10089550915;S
20240411;100010;51.45;50;10089550917;B
20240411;100010;51.42;70;10089550924;S
20240411;100010;51.45;30;10089550927;B
20240411;100010;51.48;40;10089550928;B
20240411;100010;51.49;10;10089550929;B
20240411;100010;51.49;120;10089550930;B
20240411;100010;51.45;10;10089550931;B
20240411;100010;51.49;260;10089550932;B
20240411;100010;51.49;680;10089550935;B
20240411;100010;51.42;250;10089550950;S
20240411;100010;51.42;10;10089550959;S
20240411;100010;51.49;130;10089550973;B
20240411;100010;51.49;20;10089550974;B
20240411;100010;51.49;1350;10089550975;B
20240411;100010;51.42;1000;10089550985;S
20240411;100010;51.49;650;10089551010;B
20240411;100010;51.49;500;10089551011;B
20240411;100010;51.49;6650;10089551012;B
20240411;100010;51.49;60;10089551014;B
20240411;100010;51.49;10;10089551017;B
20240411;100010;51.49;500;10089551024;B
20240411;100010;51.46;20;10089551037;S
20240411;100010;51.49;10000;10089551039;B
20240411;100010;51.49;70;10089551070;B
20240411;100010;51.46;30;10089551071;S
20240411;100010;51.44;450;10089551072;S
20240411;100010;51.43;520;10089551073;S
20240411;100010;51.42;400;10089551075;S
20240411;100010;51.48;450;10089551080;B
20240411;100010;51.49;550;10089551081;B
20240411;100010;51.43;10;10089551082;S
20240411;100010;51.48;10;10089551084;B
20240411;100010;51.49;5990;10089551085;B
20240411;100010;51.43;20;10089551093;S
20240411;100010;51.43;40;10089551094;S
20240411;100010;51.43;10;10089551105;S
20240411;100010;51.48;20;10089551108;B
20240411;100010;51.49;28480;10089551109;B
20240411;100010;51.44;450;10089551119;S
20240411;100010;51.44;550;10089551120;S
20240411;100010;51.43;10;10089551123;S
20240411;100010;51.44;10;10089551158;B
20240411;100010;51.44;90;10089551181;B
20240411;100010;51.48;50;10089551182;B
20240411;100010;51.49;3800;10089551183;B
20240411;100010;51.48;450;10089551186;B
20240411;100010;51.49;4550;10089551187;B
20240411;100010;51.49;1250;10089551190;B
20240411;100010;51.49;1450;10089551192;B
20240411;100010;51.49;300;10089551194;B
20240411;100010;51.49;30;10089551197;B
20240411;100010;51.43;20;10089551213;S
20240411;100010;51.45;10;10089551221;B
20240411;100010;51.49;240;10089551222;B
20240411;100010;51.49;10;10089551230;B
20240411;100010;51.46;100;10089551240;S
20240411;100010;51.45;10;10089551241;S
20240411;100010;51.45;30;10089551243;S
20240411;100010;51.49;30;10089551251;B
20240411;100010;51.46;100;10089551291;S
20240411;100010;51.46;1900;10089551292;S
20240411;100010;51.46;10;10089551296;S
20240411;100010;51.46;10;10089551297;S
20240411;100010;51.46;10;10089551299;S
20240411;100010;51.49;240;10089551306;B
20240411;100010;51.49;50;10089551319;B
20240411;100010;51.46;10;10089551333;S
20240411;100010;51.49;4000;10089551334;B
20240411;100010;51.49;10;10089551338;B
20240411;100010;51.49;130;10089551339;B
20240411;100010;51.49;500;10089551340;B
20240411;100010;51.49;10;10089551344;S
20240411;100010;51.46;2990;10089551345;S
20240411;100010;51.46;200;10089551346;S
20240411;100011;51.48;500;10089551381;B
20240411;100011;51.5;10;10089551382;B
20240411;100011;51.5;100;10089551383;B
20240411;100011;51.5;4650;10089551384;B
20240411;100011;51.5;350;10089551387;B
20240411;100011;51.5;20;10089551388;B
20240411;100011;51.5;200;10089551389;B
20240411;100011;51.5;60;10089551390;B
20240411;100011;51.5;300;10089551391;B
20240411;100011;51.5;30;10089551392;B
20240411;100011;51.5;10;10089551393;B
20240411;100011;51.5;150;10089551394;B
20240411;100011;51.5;30;10089551395;B
20240411;100011;51.5;40;10089551396;B
20240411;100011;51.5;10;10089551397;B
20240411;100011;51.5;40;10089551398;B
20240411;100011;51.5;1000;10089551399;B
20240411;100011;51.5;100;10089551400;B
20240411;100011;51.5;10;10089551401;B
20240411;100011;51.5;10;10089551402;B
20240411;100011;51.5;30;10089551403;B
20240411;100011;51.5;20;10089551404;B
20240411;100011;51.5;10;10089551405;B
20240411;100011;51.5;7580;10089551406;B
20240411;100011;51.5;110;10089551408;B
20240411;100011;51.5;500;10089551418;B
20240411;100011;51.47;200;10089551433;S
20240411;100011;51.5;1500;10089551438;B
20240411;100011;51.5;50;10089551439;B
20240411;100011;51.5;700;10089551473;B
20240411;100011;51.49;50;10089551516;B
20240411;100011;51.49;50;10089551520;B
20240411;100011;51.5;450;10089551521;B
20240411;100011;51.5;4000;10089551525;B
20240411;100011;51.5;110;10089551538;B
20240411;100011;51.5;30;10089551539;B
20240411;100011;51.5;10;10089551540;B
20240411;100011;51.5;40;10089551541;B
20240411;100011;51.5;600;10089551542;B
20240411;100011;51.5;210;10089551543;B
20240411;100011;51.5;90;10089551544;B
20240411;100011;51.5;500;10089551545;B
20240411;100011;51.5;10;10089551546;B
20240411;100011;51.5;2100;10089551547;B
20240411;100011;51.5;560;10089551550;B
20240411;100011;51.5;2000;10089551553;B
20240411;100011;51.46;10;10089551561;S
20240411;100011;51.46;10;10089551562;S
20240411;100011;51.5;860;10089551581;B
20240411;100011;51.5;100;10089551582;B
20240411;100011;51.5;1000;10089551583;B
20240411;100011;51.5;50;10089551584;B
20240411;100011;51.5;1000;10089551585;B
20240411;100011;51.5;2000;10089551586;B
20240411;100011;51.5;2990;10089551587;B
20240411;100011;51.47;50;10089551621;S
20240411;100011;51.46;20;10089551622;S
20240411;100011;51.48;10;10089551624;B
20240411;100011;51.5;40;10089551625;B
20240411;100011;51.5;2000;10089551636;B
20240411;100011;51.48;20;10089551638;S
20240411;100011;51.49;40;10089551671;B
20240411;100011;51.5;1220;10089551672;B
20240411;100011;51.5;10;10089551673;B
20240411;100011;51.5;500;10089551674;B
20240411;100011;51.5;400;10089551675;B
20240411;100011;51.5;280;10089551676;B
20240411;100011;51.5;50;10089551677;B
20240411;100011;51.48;40;10089551704;S
20240411;100011;51.5;650;10089551705;B
20240411;100011;51.48;40;10089551743;S
20240411;100011;51.47;1240;10089551744;S
20240411;100011;51.48;90;10089551761;B
20240411;100011;51.5;410;10089551762;B
20240411;100011;51.5;20;10089551768;B
20240411;100011;51.5;250;10089551779;B
20240411;100011;51.49;10;10089551826;S
20240411;100011;51.49;20;10089551855;S
20240411;100011;51.47;30;10089551856;S
20240411;100011;51.5;620;10089551870;B
20240411;100011;51.5;300;10089551871;B
20240411;100011;51.5;1000;10089551872;B
20240411;100011;51.5;1350;10089551873;B
20240411;100011;51.49;10;10089551884;S
20240411;100011;51.47;270;10089551885;S
20240411;100011;51.45;450;10089551886;S
20240411;100011;51.45;990;10089551887;S
20240411;100011;51.45;5000;10089551888;B
20240411;100011;51.43;1000;10089551900;S
20240411;100011;51.43;10;10089551903;S
20240411;100012;51.45;3280;10089551923;B
20240411;100012;51.45;30;10089551924;B
20240411;100012;51.47;450;10089551925;B
20240411;100012;51.5;240;10089551926;B
20240411;100012;51.5;910;10089551927;B
20240411;100012;51.5;80;10089551928;B
20240411;100012;51.5;20;10089551929;B
20240411;100012;51.5;10;10089551930;B
20240411;100012;51.5;30;10089551931;B
20240411;100012;51.5;10;10089551932;B
20240411;100012;51.5;10;10089551933;B
20240411;100012;51.5;2500;10089551934;B
20240411;100012;51.5;30;10089551935;B
20240411;100012;51.5;8600;10089551936;B
20240411;100012;51.5;4000;10089551939;B
20240411;100012;51.5;4050;10089551953;B
20240411;100012;51.49;20;10089551978;S
20240411;100012;51.49;180;10089551982;S
20240411;100012;51.44;450;10089551983;S
20240411;100012;51.44;870;10089551984;S
20240411;100012;51.44;1000;10089552011;S
20240411;100012;51.44;500;10089552012;S
20240411;100012;51.46;10;10089552038;B
20240411;100012;51.49;450;10089552039;B
20240411;100012;51.5;9550;10089552040;B
20240411;100012;51.44;190;10089552102;S
20240411;100012;51.5;1900;10089552111;B
20240411;100012;51.45;10;10089552115;S
20240411;100012;51.44;10;10089552116;S
20240411;100012;51.49;250;10089552122;S
20240411;100012;51.5;2000;10089552140;B
20240411;100012;51.49;10;10089552152;S
20240411;100012;51.49;960;10089552158;B
20240411;100012;51.5;4040;10089552159;B
20240411;100012;51.5;1000;10089552160;B
20240411;100012;51.45;50;10089552186;S
20240411;100012;51.44;6290;10089552187;S
20240411;100012;51.44;450;10089552188;S
20240411;100012;51.43;1990;10089552189;S
20240411;100012;51.42;1220;10089552190;S
20240411;100012;51.47;450;10089552192;B
20240411;100012;51.48;60;10089552193;B
20240411;100012;51.48;20;10089552221;B
20240411;100012;51.48;30;10089552257;B
20240411;100012;51.46;1000;10089552261;S
20240411;100012;51.43;8000;10089552262;S
20240411;100012;51.42;1780;10089552263;S
20240411;100012;51.42;200;10089552264;S
20240411;100012;51.42;6990;10089552265;S
20240411;100012;51.42;450;10089552266;S
20240411;100012;51.41;1580;10089552267;S
20240411;100013;51.47;1000;10089552308;B
20240411;100013;51.47;300;10089552337;B
20240411;100013;51.47;80;10089552382;B
20240411;100013;51.46;20;10089552453;S
20240411;100013;51.42;450;10089552454;S
20240411;100013;51.42;1000;10089552455;S
20240411;100014;51.41;8420;10089552585;S
20240411;100014;51.41;400;10089552586;S
20240411;100014;51.41;1180;10089552587;S
20240411;100014;51.42;100;10089552612;B
20240411;100014;51.41;30;10089552754;S
20240411;100014;51.42;1000;10089552755;B
20240411;100014;51.41;10;10089552861;S
20240411;100015;51.41;5000;10089552883;S
20240411;100015;51.42;390;10089552902;B
20240411;100015;51.41;2780;10089552903;S
20240411;100015;51.41;300;10089552904;S
20240411;100015;51.41;6920;10089552905;S
20240411;100015;51.41;40;10089552997;S
20240411;100015;51.41;480;10089553009;S
20240411;100015;51.41;190;10089553014;S
20240411;100015;51.41;2370;10089553026;S
20240411;100015;51.4;480;10089553043;S
20240411;100015;51.4;500;10089553044;S
20240411;100015;51.4;20;10089553045;S
20240411;100015;51.39;50;10089553046;S
20240411;100015;51.39;50;10089553047;S
20240411;100015;51.39;1000;10089553048;S
20240411;100015;51.38;2900;10089553049;S
20240411;100015;51.41;5130;10089553053;B
20240411;100015;51.42;2040;10089553054;B
20240411;100015;51.42;1000;10089553055;B
20240411;100015;51.42;1830;10089553056;B
20240411;100015;51.37;7000;10089553109;S
20240411;100015;51.36;500;10089553110;S
20240411;100015;51.37;50;10089553141;S
20240411;100016;51.37;4000;10089553211;S
20240411;100016;51.36;50;10089553251;S
20240411;100016;51.38;10;10089553284;B
20240411;100016;51.38;90;10089553296;B
20240411;100016;51.39;10;10089553297;B
20240411;100016;51.39;10;10089553298;B
20240411;100016;51.4;10;10089553299;B
20240411;100016;51.4;130;10089553300;B
20240411;100016;51.35;2000;10089553317;S
20240411;100016;51.35;50;10089553357;S
20240411;100016;51.38;1000;10089553384;B
20240411;100016;51.35;860;10089553386;S
20240411;100016;51.35;50;10089553446;S
20240411;100017;51.35;960;10089553489;S
20240411;100017;51.35;3080;10089553491;S
20240411;100017;51.34;1000;10089553492;S
20240411;100017;51.33;10;10089553493;S
20240411;100017;51.32;300;10089553494;S
20240411;100017;51.32;800;10089553495;S
20240411;100017;51.31;5000;10089553496;S
20240411;100017;51.31;700;10089553497;S
20240411;100017;51.3;5900;10089553498;S
20240411;100017;51.29;450;10089553499;S
20240411;100017;51.28;1250;10089553500;S
20240411;100017;51.28;2000;10089553501;S
20240411;100017;51.27;20000;10089553502;S
20240411;100017;51.25;500;10089553503;S
20240411;100017;51.23;5820;10089553504;S
20240411;100017;51.19;300;10089553505;S
20240411;100017;51.18;7060;10089553506;S
20240411;100017;51.18;570;10089553507;S
20240411;100017;51.3;400;10089553510;B
20240411;100017;51.21;70;10089553511;S
20240411;100017;51.28;390;10089553597;S
20240411;100017;51.34;40;10089553603;B
20240411;100017;51.35;450;10089553604;B
20240411;100017;51.35;700;10089553605;B
20240411;100017;51.36;10;10089553606;B
20240411;100017;51.36;500;10089553607;B
20240411;100017;51.36;100;10089553608;B
20240411;100017;51.36;5900;10089553609;B
20240411;100017;51.37;500;10089553610;B
20240411;100017;51.37;12000;10089553611;B
20240411;100017;51.38;2800;10089553612;B
20240411;100017;51.34;250;10089553713;B
20240411;100017;51.37;50;10089553714;B
20240411;100017;51.32;510;10089553722;B
20240411;100017;51.31;500;10089553723;S
20240411;100017;51.32;100;10089553752;B
20240411;100017;51.37;10;10089553865;B
20240411;100018;51.37;10;10089553910;B
20240411;100018;51.34;10;10089553914;S
20240411;100018;51.37;300;10089553915;B
20240411;100018;51.38;350;10089553916;B
20240411;100018;51.34;10;10089553918;S
20240411;100018;51.34;540;10089553921;S
20240411;100018;51.34;4460;10089553922;S
20240411;100018;51.34;10;10089553924;S
20240411;100018;51.34;10;10089553926;S
20240411;100018;51.34;10;10089553930;S
20240411;100018;51.34;10;10089553949;S
20240411;100018;51.34;10;10089553976;S
20240411;100018;51.34;50;10089554065;S
20240411;100018;51.34;100;10089554066;S
20240411;100018;51.38;850;10089554102;B
20240411;100018;51.38;100;10089554103;B
20240411;100018;51.38;900;10089554104;B
20240411;100018;51.39;50;10089554105;B
20240411;100018;51.39;500;10089554106;B
20240411;100018;51.4;10000;10089554107;B
20240411;100018;51.42;600;10089554108;B
20240411;100018;51.42;200;10089554219;B
20240411;100018;51.42;2370;10089554244;B
20240411;100018;51.42;1550;10089554245;B
20240411;100018;51.34;20;10089554270;S
20240411;100019;51.34;10;10089554276;S
20240411;100019;51.34;2000;10089554317;S
20240411;100019;51.34;200;10089554349;S
20240411;100019;51.34;120;10089554381;S
20240411;100019;51.34;450;10089554382;S
20240411;100019;51.33;4430;10089554383;S
20240411;100019;51.34;1000;10089554468;S
20240411;100019;51.34;1000;10089554541;S
20240411;100019;51.37;100;10089554544;B
20240411;100019;51.38;100;10089554545;B
20240411;100019;51.4;20;10089554546;B
20240411;100020;51.34;170;10089554601;S
20240411;100020;51.34;1250;10089554698;S
20240411;100020;51.34;450;10089554699;S
20240411;100020;51.33;300;10089554700;S
20240411;100020;51.36;200;10089554718;B
20240411;100020;51.35;10;10089554721;S
20240411;100020;51.33;990;10089554722;S
20240411;100020;51.34;1000;10089554783;S
20240411;100021;51.34;650;10089554937;S
20240411;100021;51.34;200;10089554962;S
20240411;100021;51.41;10;10089554997;B
20240411;100021;51.41;440;10089554998;B
20240411;100021;51.42;1560;10089554999;B
20240411;100021;51.41;450;10089555055;B
20240411;100021;51.42;890;10089555056;B
20240411;100021;51.42;60;10089555057;B
20240411;100021;51.42;800;10089555058;B
20240411;100021;51.42;7010;10089555059;B
20240411;100021;51.42;100;10089555060;B
20240411;100021;51.42;100;10089555061;B
20240411;100021;51.42;5000;10089555062;B
20240411;100021;51.43;1900;10089555063;B
20240411;100021;51.44;330;10089555064;B
20240411;100021;51.44;10;10089555065;B
20240411;100021;51.44;10;10089555066;B
20240411;100021;51.44;390;10089555067;B
20240411;100021;51.46;100;10089555068;B
20240411;100021;51.46;2000;10089555069;B
20240411;100021;51.47;850;10089555070;B
20240411;100021;51.37;10;10089555147;S
20240411;100022;51.38;20;10089555156;S
20240411;100022;51.37;30;10089555157;S
20240411;100022;51.37;10;10089555164;S
20240411;100022;51.38;10;10089555361;S
20240411;100022;51.37;400;10089555362;S
20240411;100022;51.36;40;10089555363;S
20240411;100022;51.35;230;10089555364;S
20240411;100022;51.4;100;10089555520;B
20240411;100023;51.43;10;10089555585;B
20240411;100023;51.44;40;10089555586;B
20240411;100023;51.45;950;10089555587;B
20240411;100023;51.37;450;10089555634;S
20240411;100023;51.37;10;10089555635;S
20240411;100023;51.36;40;10089555636;S
20240411;100023;51.36;700;10089555637;S
20240411;100023;51.35;6750;10089555638;S
20240411;100023;51.33;2050;10089555639;S
20240411;100023;51.33;30;10089555640;S
20240411;100023;51.34;450;10089555697;S
20240411;100023;51.33;1930;10089555698;S
20240411;100023;51.33;3320;10089555699;S
20240411;100023;51.34;330;10089555701;B
20240411;100023;51.39;20;10089555741;B
20240411;100023;51.4;460;10089555742;B
20240411;100023;51.4;40;10089555756;S
20240411;100024;51.4;100;10089555802;S
20240411;100024;51.4;10;10089555967;S
20240411;100024;51.4;270;10089555999;S
20240411;100024;51.4;100;10089556018;S
20240411;100025;51.38;10;10089556231;B
20240411;100025;51.33;1680;10089556289;S
20240411;100025;51.31;40;10089556290;S
20240411;100025;51.3;800;10089556291;S
20240411;100025;51.3;450;10089556292;S
20240411;100025;51.29;1000;10089556293;S
20240411;100025;51.28;10;10089556294;S
20240411;100025;51.28;980;10089556295;S
20240411;100025;51.27;10;10089556296;S
20240411;100025;51.27;30;10089556297;S
20240411;100025;51.29;400;10089556298;B
20240411;100025;51.29;60;10089556386;B
20240411;100025;51.3;140;10089556387;B
20240411;100026;51.33;200;10089556456;B
20240411;100026;51.33;200;10089556557;B
20240411;100026;51.32;200;10089556608;S
20240411;100026;51.3;1560;10089556609;S
20240411;100026;51.33;100;10089556659;B
20240411;100027;51.3;2000;10089556795;S
20240411;100027;51.3;200;10089556801;S
20240411;100027;51.31;1750;10089556903;B
20240411;100027;51.3;50;10089556994;S
20240411;100027;51.3;800;10089556995;S
20240411;100027;51.31;990;10089557025;B
20240411;100027;51.31;4000;10089557039;B
20240411;100028;51.3;2000;10089557045;S
20240411;100028;51.3;8000;10089557075;S
20240411;100028;51.3;1110;10089557076;S
20240411;100028;51.3;5000;10089557099;S
20240411;100028;51.3;6000;10089557155;S
20240411;100028;51.31;850;10089557169;B
20240411;100028;51.31;600;10089557195;B
20240411;100028;51.3;1200;10089557210;S
20240411;100028;51.3;1180;10089557242;S
20240411;100028;51.26;50;10089557278;S
20240411;100028;51.28;1000;10089557287;B
20240411;100028;51.26;20;10089557295;S
20240411;100028;51.25;4980;10089557296;S
20240411;100028;51.25;20;10089557297;S
20240411;100028;51.24;200;10089557298;S
20240411;100028;51.23;10;10089557299;S
20240411;100028;51.22;30;10089557300;S
20240411;100028;51.25;100;10089557302;B
20240411;100028;51.25;1000;10089557303;B
20240411;100028;51.23;70;10089557313;S
20240411;100028;51.23;230;10089557314;S
20240411;100029;51.22;200;10089557374;S
20240411;100029;51.22;970;10089557426;S
20240411;100029;51.22;1000;10089557427;S
20240411;100029;51.22;450;10089557428;S
20240411;100029;51.21;1200;10089557429;S
20240411;100029;51.21;4000;10089557430;S
20240411;100029;51.21;100;10089557431;S
20240411;100029;51.21;200;10089557432;S
20240411;100029;51.21;2000;10089557433;S
20240411;100029;51.2;80;10089557434;S
20240411;100029;51.21;20;10089557502;S
20240411;100029;51.2;2920;10089557503;S
20240411;100029;51.2;1250;10089557504;S
20240411;100029;51.19;810;10089557505;S
20240411;100029;51.21;200;10089557546;B
20240411;100029;51.21;4000;10089557549;B
20240411;100029;51.22;50;10089557550;B
20240411;100029;51.23;460;10089557551;B
20240411;100029;51.21;2000;10089557561;S
20240411;100029;51.19;9800;10089557562;S
20240411;100029;51.22;190;10089557610;B
20240411;100029;51.19;30;10089557611;S
20240411;100029;51.18;90;10089557612;S
20240411;100029;51.18;10;10089557613;S
20240411;100029;51.22;40;10089557615;B
20240411;100030;51.21;100;10089557692;B
20240411;100030;51.25;40;10089557748;B
20240411;100030;51.23;1000;10089557783;S
20240411;100030;51.23;1520;10089557840;S
20240411;100031;51.23;20;10089558307;S
20240411;100031;51.23;200;10089558376;S
20240411;100031;51.24;40;10089558422;B
20240411;100032;51.23;10;10089558799;S
20240411;100032;51.23;500;10089558844;S
20240411;100033;51.23;1650;10089558998;S
20240411;100033;51.23;350;10089558999;S
20240411;100033;51.23;100;10089559006;S
20240411;100033;51.23;50;10089559014;S
20240411;100033;51.23;320;10089559093;B
20240411;100033;51.2;500;10089559162;B
20240411;100034;51.2;60;10089559576;B
20240411;100034;51.2;200;10089559577;B
20240411;100034;51.21;30;10089559639;B
20240411;100034;51.21;60;10089559640;B
20240411;100034;51.21;500;10089559650;B
20240411;100034;51.21;500;10089559651;B
20240411;100034;51.2;40;10089559657;S
20240411;100034;51.2;40;10089559672;S
20240411;100035;51.2;660;10089559718;S
20240411;100035;51.19;690;10089559719;S
20240411;100035;51.19;100;10089559847;S
20240411;100035;51.19;100;10089559848;S
20240411;100035;51.19;100;10089559849;S
20240411;100035;51.19;10;10089559850;S
20240411;100035;51.18;10;10089559851;S
20240411;100035;51.17;80;10089559852;S
20240411;100035;51.17;100;10089559854;S
20240411;100035;51.17;320;10089559860;S
20240411;100035;51.16;180;10089559861;S
20240411;100035;51.19;1000;10089559867;B
20240411;100035;51.17;20;10089560032;S
20240411;100035;51.16;1820;10089560033;S
20240411;100035;51.15;6000;10089560034;S
20240411;100035;51.15;20;10089560035;S
20240411;100035;51.14;2140;10089560036;S
20240411;100035;51.14;250;10089560070;S
20240411;100036;51.17;10;10089560317;B
20240411;100036;51.17;490;10089560318;B
20240411;100036;51.15;20;10089560344;S
20240411;100036;51.14;580;10089560345;S
20240411;100036;51.17;10;10089560358;B
20240411;100036;51.17;10;10089560359;B
20240411;100036;51.18;80;10089560360;B
20240411;100036;51.16;30;10089560409;B
20240411;100036;51.18;20;10089560410;B
20240411;100036;51.18;10;10089560411;B
20240411;100036;51.19;450;10089560412;B
20240411;100036;51.19;20;10089560413;B
20240411;100036;51.19;100;10089560414;B
20240411;100036;51.19;370;10089560415;B
20240411;100036;51.18;180;10089560467;B
20240411;100036;51.19;2720;10089560468;B
20240411;100036;51.16;560;10089560471;B
20240411;100036;51.18;1420;10089560528;B
20240411;100036;51.19;910;10089560529;B
20240411;100036;51.19;2670;10089560530;B
20240411;100036;51.16;500;10089560577;S
20240411;100036;51.14;1030;10089560578;S
20240411;100036;51.14;450;10089560579;S
20240411;100036;51.14;14010;10089560580;B
20240411;100036;51.14;4010;10089560581;B
20240411;100037;51.17;70;10089560590;B
20240411;100037;51.15;10;10089560607;S
20240411;100037;51.15;990;10089560608;B
20240411;100037;51.16;10;10089560811;B
20240411;100037;51.16;200;10089560825;B
20240411;100037;51.15;50;10089560833;S
20240411;100037;51.15;150;10089560875;S
20240411;100037;51.14;120;10089560876;S
20240411;100037;51.17;30;10089560877;B
20240411;100038;51.14;2000;10089560896;S
20240411;100038;51.14;1180;10089560902;S
20240411;100038;51.14;700;10089560903;S
20240411;100038;51.13;2000;10089560904;S
20240411;100038;51.13;2000;10089560905;S
20240411;100038;51.13;620;10089560906;S
20240411;100038;51.13;2400;10089560910;S
20240411;100038;51.14;10;10089560942;S
20240411;100038;51.13;2000;10089560943;S
20240411;100038;51.13;10;10089560944;S
20240411;100038;51.12;1020;10089560945;S
20240411;100038;51.12;880;10089560954;S
20240411;100038;51.12;1000;10089560955;S
20240411;100038;51.12;2000;10089560956;S
20240411;100038;51.12;200;10089560957;S
20240411;100038;51.12;5920;10089560958;S
20240411;100038;51.12;1000;10089560961;S
20240411;100038;51.13;10;10089560991;S
20240411;100038;51.12;1590;10089560992;S
20240411;100038;51.12;1490;10089561016;S
20240411;100038;51.11;3510;10089561017;S
20240411;100038;51.11;1000;10089561020;S
20240411;100038;51.11;10;10089561043;S
20240411;100038;51.12;1000;10089561118;S
20240411;100038;51.11;500;10089561119;S
20240411;100039;51.14;30;10089561182;B
20240411;100039;51.11;4980;10089561183;S
20240411;100039;51.11;1000;10089561184;S
20240411;100039;51.11;10;10089561185;S
20240411;100039;51.1;7470;10089561186;S
20240411;100039;51.13;300;10089561200;B
20240411;100039;51.1;190;10089561367;S
20240411;100039;51.1;40;10089561376;S
20240411;100040;51.1;5000;10089561389;S
20240411;100040;51.1;20;10089561490;S
20240411;100040;51.12;400;10089561555;B
20240411;100040;51.12;100;10089561628;B
20240411;100040;51.14;1530;10089561631;B
20240411;100040;51.11;180;10089561645;S
20240411;100040;51.1;300;10089561646;S
20240411;100041;51.1;200;10089561725;S
20240411;100041;51.12;200;10089561732;B
20240411;100041;51.14;2440;10089561733;B
20240411;100041;51.14;400;10089561734;B
20240411;100041;51.15;350;10089561735;B
20240411;100041;51.15;40;10089561736;B
20240411;100041;51.15;6070;10089561737;B
20240411;100041;51.11;30;10089561766;S
20240411;100041;51.11;420;10089561768;S
20240411;100041;51.11;3500;10089561769;S
20240411;100041;51.1;4500;10089561876;S
20240411;100041;51.15;10;10089561889;B
20240411;100041;51.15;20;10089561914;B
20240411;100041;51.16;480;10089561915;B
20240411;100041;51.1;20;10089561916;S
20240411;100042;51.1;500;10089561999;S
20240411;100042;51.1;1760;10089562075;S
20240411;100042;51.1;700;10089562076;S
20240411;100042;51.1;2480;10089562077;S
20240411;100042;51.1;200;10089562156;S
20240411;100042;51.12;2880;10089562221;S
20240411;100042;51.11;100;10089562222;S
20240411;100042;51.1;3190;10089562223;S
20240411;100042;51.1;10;10089562224;S
20240411;100042;51.1;100;10089562225;S
20240411;100042;51.1;100;10089562226;S
20240411;100042;51.1;250;10089562227;S
20240411;100042;51.1;1170;10089562228;S
20240411;100043;51.1;20;10089562343;S
20240411;100043;51.13;480;10089562481;B
20240411;100043;51.13;20;10089562482;B
20240411;100043;51.14;420;10089562483;B
20240411;100043;51.15;60;10089562484;B
20240411;100044;51.13;20;10089562584;S
20240411;100044;51.12;450;10089562585;S
20240411;100044;51.11;2000;10089562586;S
20240411;100044;51.11;20;10089562587;S
20240411;100044;51.1;1950;10089562588;S
20240411;100044;51.15;20;10089562607;B
20240411;100044;51.11;100;10089562854;S
20240411;100044;51.1;1860;10089562855;S
20240411;100044;51.14;20;10089562900;B
20240411;100045;51.1;5000;10089562965;S
20240411;100045;51.1;5000;10089562966;S
20240411;100045;51.1;1610;10089563046;S
20240411;100045;51.1;1000;10089563047;S
20240411;100045;51.1;500;10089563048;S
20240411;100045;51.1;2000;10089563049;S
20240411;100045;51.1;1380;10089563050;S
20240411;100045;51.1;3290;10089563051;S
20240411;100045;51.13;100;10089563190;B
20240411;100045;51.14;880;10089563191;B
20240411;100045;51.14;520;10089563192;B
20240411;100045;51.14;6520;10089563292;B
20240411;100045;51.15;430;10089563293;B
20240411;100045;51.15;3810;10089563294;B
20240411;100045;51.16;700;10089563295;B
20240411;100045;51.17;30;10089563296;B
20240411;100045;51.17;7000;10089563297;B
20240411;100045;51.18;300;10089563298;B
20240411;100045;51.18;10000;10089563299;B
20240411;100045;51.19;1000;10089563300;B
20240411;100045;51.2;50210;10089563301;B
20240411;100046;51.2;20;10089563569;B
20240411;100047;51.2;10;10089563618;B
20240411;100047;51.2;20;10089563693;B
20240411;100047;51.16;300;10089563725;S
20240411;100047;51.2;400;10089563796;B
20240411;100047;51.2;500;10089563808;B
20240411;100047;51.2;100;10089563844;B
20240411;100047;51.2;1300;10089563860;B
20240411;100048;51.16;1000;10089563870;S
20240411;100048;51.15;20;10089563871;S
20240411;100048;51.14;20;10089563872;S
20240411;100048;51.14;960;10089563873;S
20240411;100048;51.13;390;10089563887;S
20240411;100048;51.19;390;10089564036;B
20240411;100048;51.2;630;10089564037;B
20240411;100049;51.2;60;10089564207;B
20240411;100049;51.13;60;10089564245;S
20240411;100049;51.13;2160;10089564246;S
20240411;100049;51.19;60;10089564320;B
20240411;100049;51.19;200;10089564321;B
20240411;100049;51.2;3750;10089564322;B
20240411;100049;51.2;500;10089564323;B
20240411;100049;51.2;7030;10089564324;B
20240411;100049;51.21;3460;10089564325;B
20240411;100049;51.21;100;10089564376;B
20240411;100049;51.21;100;10089564377;B
20240411;100049;51.21;100;10089564378;B
20240411;100049;51.21;100;10089564379;B
20240411;100049;51.14;450;10089564396;S
20240411;100049;51.14;550;10089564397;S
20240411;100050;51.15;450;10089564484;S
20240411;100050;51.14;5000;10089564485;S
20240411;100050;51.14;40;10089564486;S
20240411;100050;51.14;700;10089564487;S
20240411;100050;51.13;7030;10089564488;S
20240411;100050;51.11;1780;10089564489;S
20240411;100050;51.12;3930;10089564494;S
20240411;100050;51.18;450;10089564496;B
20240411;100050;51.19;50;10089564497;B
20240411;100050;51.18;450;10089564638;B
20240411;100050;51.19;2430;10089564639;B
20240411;100051;51.13;10;10089564818;S
20240411;100051;51.18;10;10089564846;B
20240411;100051;51.19;7030;10089564847;B
20240411;100051;51.2;40;10089564848;B
20240411;100051;51.2;700;10089564849;B
20240411;100051;51.21;1140;10089564850;B
20240411;100051;51.21;50;10089564851;B
20240411;100051;51.22;10000;10089564852;B
20240411;100051;51.24;10;10089564853;B
20240411;100051;51.25;380;10089564854;B
20240411;100051;51.29;1000;10089564855;B
20240411;100051;51.29;10;10089564856;B
20240411;100051;51.29;10;10089564857;B
20240411;100051;51.29;10;10089564858;B
20240411;100051;51.29;10;10089564859;B
20240411;100051;51.3;2000;10089564860;B
20240411;100051;51.3;2000;10089564861;B
20240411;100051;51.3;3000;10089564862;B
20240411;100051;51.31;600;10089564863;B
20240411;100051;51.3;7030;10089564898;B
20240411;100051;51.31;400;10089564899;B
20240411;100051;51.35;7060;10089564900;B
20240411;100051;51.36;260;10089564901;B
20240411;100051;51.36;11000;10089564902;B
20240411;100051;51.38;300;10089564903;B
20240411;100051;51.38;50;10089564904;B
20240411;100051;51.39;100;10089564905;B
20240411;100051;51.39;1780;10089564906;B
20240411;100051;51.4;1800;10089564907;B
20240411;100051;51.4;11110;10089564908;B
20240411;100051;51.4;20;10089564909;B
20240411;100051;51.4;5000;10089564910;B
20240411;100051;51.4;350;10089564911;B
20240411;100051;51.4;9730;10089564912;B
20240411;100051;51.4;80;10089564913;B
20240411;100051;51.41;1170;10089564914;B
20240411;100051;51.41;4000;10089564915;B
20240411;100051;51.41;10;10089564916;B
20240411;100051;51.41;500;10089564917;B
20240411;100051;51.41;10000;10089564918;B
20240411;100051;51.42;8250;10089564919;B
20240411;100051;51.4;7020;10089564922;B
20240411;100051;51.4;1800;10089564923;S
20240411;100051;51.4;1180;10089564924;S
20240411;100051;51.37;450;10089564933;S
20240411;100052;51.31;10;10089565000;S
20240411;100052;51.31;30;10089565026;S
20240411;100052;51.29;450;10089565027;S
20240411;100052;51.27;2520;10089565028;S
20240411;100052;51.25;600;10089565029;S
20240411;100052;51.26;450;10089565060;B
20240411;100052;51.27;150;10089565061;B
20240411;100052;51.27;150;10089565115;B
20240411;100052;51.33;50;10089565116;B
20240411;100052;51.33;450;10089565268;B
20240411;100052;51.33;50;10089565269;B
20240411;100053;51.27;100;10089565308;S
20240411;100053;51.26;100;10089565309;S
20240411;100053;51.25;800;10089565310;S
20240411;100053;51.24;50;10089565393;S
20240411;100053;51.3;70;10089565465;B
20240411;100053;51.33;180;10089565466;B
20240411;100053;51.33;100;10089565478;B
20240411;100054;51.27;20;10089565497;S
20240411;100054;51.33;20;10089565697;B
20240411;100055;51.29;200;10089565800;S
20240411;100055;51.29;10;10089565801;S
20240411;100055;51.28;290;10089565802;S
20240411;100055;51.28;110;10089565844;S
20240411;100056;51.32;30;10089566034;B
20240411;100057;51.32;120;10089566187;B
20240411;100057;51.32;10;10089566246;B
20240411;100057;51.32;200;10089566396;B
20240411;100058;51.3;20;10089566455;B
20240411;100058;51.29;410;10089566526;S
20240411;100058;51.32;5000;10089566571;B
20240411;100059;51.32;600;10089566670;B
20240411;100059;51.3;10;10089566671;S
20240411;100059;51.32;1050;10089566805;B
20240411;100059;51.33;100;10089566806;B
20240411;100059;51.34;50;10089566807;B
20240411;100059;51.34;800;10089566808;B
20240411;100059;51.34;1000;10089566894;B
20240411;100059;51.34;100;10089566952;B
20240411;100100;51.34;10;10089567054;B
20240411;100100;51.34;1540;10089567081;B
20240411;100100;51.34;20;10089567082;B
20240411;100100;51.35;820;10089567083;B
20240411;100100;51.36;7010;10089567084;B
20240411;100100;51.36;610;10089567085;B
20240411;100100;51.33;100;10089567110;S
20240411;100100;51.33;10;10089567117;S
20240411;100100;51.33;1270;10089567122;S
20240411;100100;51.32;1000;10089567123;S
20240411;100100;51.32;810;10089567124;S
20240411;100100;51.31;710;10089567125;S
20240411;100100;51.31;1000;10089567126;S
20240411;100100;51.3;190;10089567127;S
20240411;100100;51.3;10;10089567128;S
20240411;100100;51.3;700;10089567129;S
20240411;100100;51.3;1000;10089567130;S
20240411;100100;51.3;450;10089567131;S
20240411;100100;51.29;300;10089567132;S
20240411;100100;51.29;1000;10089567133;S
20240411;100100;51.29;1210;10089567134;S
20240411;100102;51.32;20;10089567617;S
20240411;100102;51.33;100;10089567661;S
20240411;100102;51.33;20;10089567673;S
20240411;100103;51.33;20;10089567865;S
20240411;100103;51.34;30;10089567866;B
20240411;100103;51.34;70;10089567870;B
20240411;100103;51.34;230;10089567871;B
20240411;100103;51.33;1240;10089567872;S
20240411;100103;51.33;20;10089567873;S
20240411;100103;51.32;980;10089567874;S
20240411;100103;51.32;6180;10089567875;S
20240411;100103;51.32;20;10089567876;S
20240411;100103;51.35;10;10089567877;B
20240411;100103;51.35;30;10089567970;B
20240411;100104;51.34;20;10089568135;S
20240411;100104;51.36;2000;10089568146;B
20240411;100104;51.36;5000;10089568151;B
20240411;100104;51.36;10;10089568178;B
20240411;100104;51.36;1000;10089568179;B
20240411;100104;51.36;790;10089568180;B
20240411;100104;51.36;40;10089568181;B
20240411;100104;51.37;1000;10089568182;B
20240411;100104;51.37;50;10089568183;B
20240411;100104;51.37;790;10089568184;B
20240411;100104;51.38;1000;10089568185;B
20240411;100104;51.38;410;10089568186;B
20240411;100104;51.39;50;10089568187;B
20240411;100104;51.39;1000;10089568188;B
20240411;100104;51.39;2000;10089568189;B
20240411;100104;51.39;700;10089568190;B
20240411;100104;51.4;50;10089568191;B
20240411;100104;51.4;200;10089568192;B
20240411;100104;51.4;910;10089568193;B
20240411;100104;51.39;120;10089568229;B
20240411;100105;51.36;10;10089568309;S
20240411;100105;51.35;790;10089568310;S
20240411;100105;51.34;30;10089568311;S
20240411;100105;51.34;450;10089568312;S
20240411;100105;51.34;1000;10089568313;S
20240411;100105;51.34;1380;10089568314;S
20240411;100105;51.34;700;10089568315;S
20240411;100105;51.33;50;10089568316;S
20240411;100105;51.33;2550;10089568317;S
20240411;100105;51.33;50;10089568318;S
20240411;100105;51.33;1000;10089568319;S
20240411;100105;51.33;10000;10089568320;S
20240411;100105;51.32;810;10089568321;S
20240411;100105;51.32;50;10089568322;S
20240411;100105;51.32;50;10089568323;S
20240411;100105;51.32;3850;10089568324;S
20240411;100105;51.32;1000;10089568325;S
20240411;100105;51.31;10;10089568326;S
20240411;100105;51.31;1000;10089568327;S
20240411;100105;51.31;40;10089568328;S
20240411;100105;51.31;180;10089568329;B
20240411;100105;51.35;10;10089568341;B
20240411;100105;51.35;990;10089568373;B
20240411;100105;51.36;210;10089568374;B
20240411;100105;51.34;440;10089568399;S
20240411;100105;51.34;100;10089568447;S
20240411;100106;51.34;10;10089568528;S
20240411;100106;51.34;450;10089568588;S
20240411;100107;51.33;1000;10089568720;B
20240411;100107;51.3;30;10089568913;S
20240411;100107;51.29;50;10089568914;S
20240411;100107;51.29;10;10089568915;S
20240411;100107;51.29;770;10089568916;S
20240411;100107;51.28;100;10089568917;S
20240411;100107;51.28;1000;10089568918;S
20240411;100107;51.28;5000;10089568919;S
20240411;100107;51.28;450;10089568920;S
20240411;100107;51.27;10;10089568921;S
20240411;100107;51.27;60;10089568922;S
20240411;100107;51.27;1000;10089568923;S
20240411;100107;51.26;500;10089568924;S
20240411;100107;51.26;1000;10089568925;S
20240411;100107;51.26;10020;10089568926;S
20240411;100107;51.28;40;10089568980;B
20240411;100107;51.25;10;10089568987;S
20240411;100107;51.24;450;10089568988;S
20240411;100107;51.23;1000;10089568989;S
20240411;100107;51.22;40;10089568990;S
20240411;100108;51.22;20;10089569090;S
20240411;100108;51.25;10;10089569113;B
20240411;100109;51.22;10;10089569330;S
20240411;100111;51.23;100;10089569719;S
20240411;100111;51.22;190;10089569720;S
20240411;100111;51.24;10;10089569725;B
20240411;100111;51.24;500;10089569731;B
20240411;100111;51.22;240;10089569865;S
20240411;100111;51.22;500;10089569866;S
20240411;100111;51.22;500;10089569867;S
20240411;100111;51.22;10;10089569868;S
20240411;100111;51.21;50;10089569869;S
20240411;100111;51.21;2000;10089569870;S
20240411;100111;51.21;700;10089569871;S
20240411;100112;51.2;500;10089570008;S
20240411;100112;51.2;200;10089570009;S
20240411;100112;51.18;500;10089570010;S
20240411;100112;51.18;500;10089570011;S
20240411;100112;51.17;1000;10089570012;S
20240411;100112;51.17;740;10089570013;S
20240411;100112;51.16;560;10089570014;S
20240411;100112;51.19;100;10089570027;B
20240411;100112;51.19;10;10089570148;B
20240411;100113;51.18;20;10089570276;B
20240411;100113;51.19;340;10089570277;B
20240411;100113;51.19;1380;10089570278;B
20240411;100113;51.19;700;10089570279;B
20240411;100113;51.19;10;10089570402;B
20240411;100113;51.19;290;10089570469;B
20240411;100113;51.19;240;10089570470;B
20240411;100113;51.19;290;10089570471;B
20240411;100113;51.19;1090;10089570472;B
20240411;100113;51.19;150;10089570473;B
20240411;100113;51.2;1000;10089570474;B
20240411;100113;51.2;730;10089570475;B
20240411;100113;51.21;1000;10089570476;B
20240411;100113;51.21;2550;10089570477;B
20240411;100113;51.22;1000;10089570478;B
20240411;100113;51.22;8000;10089570479;B
20240411;100113;51.22;700;10089570480;B
20240411;100113;51.22;100;10089570481;B
20240411;100113;51.23;1000;10089570482;B
20240411;100113;51.24;1000;10089570483;B
20240411;100113;51.24;1680;10089570484;B
20240411;100115;51.24;40;10089570849;S
20240411;100115;51.24;960;10089570933;B
20240411;100115;51.26;1000;10089570934;B
20240411;100115;51.26;40;10089570935;B
20240411;100115;51.26;720;10089570936;B
20240411;100115;51.27;1000;10089570937;B
20240411;100115;51.28;1000;10089570938;B
20240411;100115;51.28;5280;10089570939;B
20240411;100116;51.28;10;10089570984;B
20240411;100116;51.26;300;10089571054;S
20240411;100117;51.27;20;10089571211;S
20240411;100117;51.27;10;10089571212;S
20240411;100117;51.25;1080;10089571213;S
20240411;100117;51.28;40;10089571302;B
20240411;100117;51.3;30;10089571303;B
20240411;100118;51.3;150;10089571571;B
20240411;100118;51.3;10;10089571691;B
20240411;100119;51.26;150;10089571756;S
20240411;100120;51.26;500;10089571987;S
20240411;100122;51.26;100;10089572341;B
20240411;100122;51.26;20;10089572351;B
20240411;100123;51.26;10;10089572407;B
20240411;100124;51.25;20;10089572710;S
20240411;100125;51.26;20;10089572726;B
20240411;100126;51.26;350;10089572920;B
20240411;100126;51.27;1380;10089572921;B
20240411;100126;51.27;1000;10089572922;B
20240411;100126;51.28;70;10089572923;B
20240411;100126;51.28;17200;10089572924;B
20240411;100127;51.24;10;10089573188;S
20240411;100128;51.26;320;10089573352;B
20240411;100128;51.25;50;10089573506;B
20240411;100129;51.24;90;10089573609;S
20240411;100129;51.23;1140;10089573610;S
20240411;100129;51.22;4270;10089573611;S
20240411;100130;51.24;360;10089573768;B
20240411;100130;51.25;2450;10089573769;B
20240411;100130;51.25;1000;10089573770;B
20240411;100130;51.26;1000;10089573771;B
20240411;100130;51.26;50;10089573793;S
20240411;100130;51.26;140;10089573803;S
20240411;100130;51.23;570;10089573804;S
20240411;100130;51.22;800;10089573805;S
20240411;100130;51.22;450;10089573806;S
20240411;100130;51.27;10;10089573868;B
20240411;100130;51.24;10;10089573912;S
20240411;100130;51.22;20;10089573913;S
20240411;100134;51.22;260;10089574497;S
20240411;100134;51.22;290;10089574498;B
20240411;100135;51.21;10;10089574763;S
20240411;100135;51.21;10;10089574764;S
20240411;100135;51.21;10;10089574765;S
20240411;100136;51.24;70;10089574819;B
20240411;100136;51.25;10;10089574820;B
20240411;100136;51.21;10;10089574938;S
20240411;100137;51.22;30;10089575069;B
20240411;100137;51.22;490;10089575095;B
20240411;100138;51.21;420;10089575357;S
20240411;100138;51.21;40;10089575358;S
20240411;100138;51.21;270;10089575359;S
20240411;100138;51.21;10;10089575360;S
20240411;100138;51.21;500;10089575361;S
20240411;100138;51.21;1000;10089575362;S
20240411;100138;51.2;1000;10089575363;S
20240411;100138;51.2;3500;10089575364;S
20240411;100138;51.2;500;10089575365;S
20240411;100138;51.2;2760;10089575366;S
20240411;100139;51.25;200;10089575399;B
20240411;100139;51.25;240;10089575478;B
20240411;100139;51.25;730;10089575479;B
20240411;100140;51.21;20;10089575731;S
20240411;100140;51.21;450;10089575732;S
20240411;100140;51.21;530;10089575733;B
20240411;100140;51.2;500;10089575745;S
20240411;100141;51.2;900;10089575871;S
20240411;100141;51.2;5840;10089575934;S
20240411;100141;51.2;80;10089575935;S
20240411;100141;51.2;3000;10089575936;S
20240411;100141;51.2;1000;10089575937;S
20240411;100141;51.19;1000;10089575938;S
20240411;100141;51.19;190;10089575939;S
20240411;100142;51.23;1000;10089576039;B
20240411;100142;51.24;2500;10089576040;B
20240411;100142;51.24;1000;10089576041;B
20240411;100142;51.24;40;10089576042;B
20240411;100142;51.25;270;10089576043;B
20240411;100142;51.25;450;10089576044;B
20240411;100142;51.25;1580;10089576045;B
20240411;100142;51.26;480;10089576046;B
20240411;100142;51.26;1000;10089576047;B
20240411;100142;51.26;50;10089576048;B
20240411;100142;51.26;100;10089576049;B
20240411;100142;51.26;500;10089576050;B
20240411;100142;51.26;100;10089576051;B
20240411;100142;51.26;100;10089576052;B
20240411;100142;51.26;560;10089576053;B
20240411;100142;51.25;40;10089576058;B
20240411;100142;51.2;450;10089576131;S
20240411;100142;51.2;1000;10089576132;S
20240411;100142;51.2;20;10089576133;S
20240411;100142;51.2;1520;10089576134;B
20240411;100142;51.2;1640;10089576135;B
20240411;100142;51.2;5570;10089576136;B
20240411;100143;51.18;10;10089576328;S
20240411;100144;51.2;10;10089576612;B
20240411;100144;51.2;10;10089576613;B
20240411;100144;51.18;600;10089576674;S
20240411;100144;51.18;390;10089576761;S
20240411;100144;51.18;2610;10089576762;S
20240411;100144;51.18;2390;10089576838;S
20240411;100144;51.17;10;10089576839;S
20240411;100144;51.16;1000;10089576840;S
20240411;100144;51.16;500;10089576841;S
20240411;100144;51.16;100;10089576842;S
20240411;100144;51.15;1000;10089576843;S
20240411;100144;51.15;1000;10089576846;S
20240411;100144;51.15;500;10089576847;S
20240411;100144;51.15;1000;10089576848;S
20240411;100144;51.19;10;10089576851;B
20240411;100146;51.15;50;10089577236;S
20240411;100146;51.14;320;10089577237;S
20240411;100146;51.14;630;10089577238;S
20240411;100146;51.14;370;10089577246;S
20240411;100146;51.14;450;10089577247;S
20240411;100146;51.14;40;10089577248;S
20240411;100146;51.13;4000;10089577249;S
20240411;100146;51.13;140;10089577250;S
20240411;100146;51.18;200;10089577253;B
20240411;100146;51.19;10;10089577254;B
20240411;100146;51.19;450;10089577255;B
20240411;100146;51.19;1000;10089577256;B
20240411;100146;51.2;2340;10089577257;B
20240411;100146;51.19;1000;10089577296;B
20240411;100146;51.19;450;10089577297;B
20240411;100146;51.2;2550;10089577298;B
20240411;100146;51.14;60;10089577346;S
20240411;100147;51.15;250;10089577525;B
20240411;100147;51.18;70;10089577533;B
20240411;100148;51.14;940;10089577661;S
20240411;100148;51.14;140;10089577662;B
20240411;100148;51.14;350;10089577663;B
20240411;100148;51.14;540;10089577664;B
20240411;100148;51.18;930;10089577673;B
20240411;100148;51.18;200;10089577674;B
20240411;100148;51.19;790;10089577675;B
20240411;100149;51.15;50;10089577832;S
20240411;100149;51.15;10;10089577833;S
20240411;100149;51.15;19940;10089577834;B
20240411;100150;51.13;860;10089578075;S
20240411;100150;51.13;1000;10089578076;S
20240411;100150;51.12;400;10089578077;S
20240411;100150;51.12;500;10089578078;S
20240411;100150;51.12;7240;10089578079;S
20240411;100150;51.13;10;10089578136;S
20240411;100151;51.13;990;10089578153;S
20240411;100151;51.12;9010;10089578154;S
20240411;100151;51.17;10;10089578277;B
20240411;100152;51.12;20;10089578426;S
20240411;100153;51.14;10;10089578543;B
20240411;100153;51.12;300;10089578655;S
20240411;100154;51.12;100;10089578788;S
20240411;100154;51.12;4300;10089578789;S
20240411;100154;51.12;1480;10089578790;S
20240411;100154;51.12;4180;10089578791;S
20240411;100154;51.12;2500;10089578808;S
20240411;100154;51.12;70;10089578809;S
20240411;100155;51.13;3750;10089578933;B
20240411;100155;51.14;390;10089578934;B
20240411;100155;51.14;1000;10089578935;B
20240411;100155;51.15;100;10089578936;B
20240411;100155;51.15;760;10089578937;B
20240411;100155;51.12;10;10089578980;S
20240411;100155;51.12;120;10089578981;B
20240411;100155;51.12;20;10089578982;B
20240411;100155;51.14;20;10089578983;B
20240411;100155;51.16;980;10089578984;B
20240411;100155;51.12;1000;10089578996;S
20240411;100155;51.12;450;10089578997;S
20240411;100155;51.11;40;10089578998;S
20240411;100155;51.11;1000;10089578999;S
20240411;100155;51.11;510;10089579000;S
20240411;100155;51.11;7000;10089579001;S
20240411;100155;51.1;6710;10089579002;S
20240411;100155;51.1;3290;10089579003;S
20240411;100155;51.15;230;10089579021;B
20240411;100155;51.11;450;10089579023;S
20240411;100155;51.1;1710;10089579024;S
20240411;100155;51.1;1800;10089579025;S
20240411;100155;51.1;1040;10089579026;S
20240411;100156;51.1;3960;10089579132;S
20240411;100156;51.1;500;10089579133;S
20240411;100156;51.1;50;10089579134;S
20240411;100156;51.1;2490;10089579135;S
20240411;100156;51.1;510;10089579136;S
20240411;100156;51.1;500;10089579137;S
20240411;100156;51.1;1000;10089579138;S
20240411;100156;51.1;2500;10089579139;S
20240411;100156;51.1;10;10089579140;S
20240411;100156;51.09;480;10089579141;S
20240411;100156;51.1;10;10089579170;S
20240411;100156;51.12;80;10089579229;S
20240411;100156;51.12;10;10089579235;S
20240411;100156;51.12;10;10089579246;S
20240411;100157;51.1;190;10089579261;S
20240411;100157;51.09;7040;10089579262;S
20240411;100157;51.08;10;10089579263;S
20240411;100157;51.08;1000;10089579264;S
20240411;100157;51.08;100;10089579265;S
20240411;100157;51.07;200;10089579266;S
20240411;100157;51.07;1000;10089579267;S
20240411;100157;51.07;900;10089579268;S
20240411;100157;51.07;1000;10089579269;S
20240411;100157;51.07;40;10089579270;S
20240411;100157;51.06;1950;10089579271;S
20240411;100157;51.06;1000;10089579272;S
20240411;100157;51.06;4000;10089579273;S
20240411;100157;51.05;10;10089579274;S
20240411;100157;51.05;10;10089579275;S
20240411;100157;51.05;70;10089579276;S
20240411;100157;51.05;100;10089579277;S
20240411;100157;51.05;6380;10089579278;S
20240411;100157;51.07;440;10089579297;B
20240411;100157;51.07;160;10089579298;B
20240411;100157;51.1;10;10089579356;B
20240411;100157;51.09;710;10089579405;B
20240411;100157;51.1;990;10089579406;B
20240411;100157;51.11;450;10089579407;B
20240411;100157;51.11;1000;10089579408;B
20240411;100157;51.11;40;10089579409;B
20240411;100157;51.12;490;10089579410;B
20240411;100157;51.12;1000;10089579411;B
20240411;100157;51.12;160;10089579412;S
20240411;100157;51.12;4000;10089579421;S
20240411;100158;51.14;20;10089579555;B
20240411;100158;51.12;1440;10089579557;S
20240411;100158;51.13;360;10089579698;S
20240411;100158;51.13;210;10089579699;S
20240411;100159;51.13;1000;10089579829;S
20240411;100159;51.13;3430;10089579954;S
20240411;100159;51.12;4150;10089579955;S
20240411;100159;51.12;10;10089579956;S
20240411;100200;51.08;10;10089580025;S
20240411;100200;51.08;10;10089580026;S
20240411;100200;51.11;70;10089580042;B
20240411;100200;51.11;10;10089580071;B
20240411;100200;51.11;920;10089580147;B
20240411;100200;51.11;580;10089580148;B
20240411;100200;51.08;20;10089580167;S
20240411;100201;51.08;970;10089580390;S
20240411;100202;51.08;10;10089580425;B
20240411;100202;51.07;10;10089580569;S
20240411;100203;51.07;10;10089580670;S
20240411;100203;51.06;40;10089580671;S
20240411;100203;51.06;40;10089580672;S
20240411;100203;51.05;8620;10089580673;S
20240411;100203;51.05;10;10089580674;S
20240411;100203;51.05;40;10089580675;S
20240411;100203;51.05;8770;10089580676;B
20240411;100204;51.06;10;10089580776;B
20240411;100204;51.06;20;10089580779;B
20240411;100204;51.05;300;10089580803;S
20240411;100204;51.05;10;10089580861;S
20240411;100204;51.06;530;10089580876;B
20240411;100204;51.06;440;10089580877;B
20240411;100204;51.05;20;10089580952;S
20240411;100205;51.06;50;10089580953;B
20240411;100205;51.06;3950;10089580954;B
20240411;100205;51.08;500;10089581068;B
20240411;100205;51.05;100;10089581073;S
20240411;100205;51.05;100;10089581075;S
20240411;100206;51.08;540;10089581165;B
20240411;100206;51.08;460;10089581166;B
20240411;100207;51.08;210;10089581289;B
20240411;100207;51.09;20;10089581339;B
20240411;100207;51.09;10;10089581422;B
20240411;100208;51.09;40;10089581463;B
20240411;100209;51.09;10;10089581673;B
20240411;100210;51.09;600;10089581881;B
20240411;100210;51.07;10;10089581932;S
20240411;100210;51.06;660;10089581933;S
20240411;100210;51.06;330;10089581934;S
20240411;100211;51.07;100;10089582039;S
20240411;100211;51.06;900;10089582040;S
20240411;100212;51.07;1000;10089582129;S
20240411;100213;51.09;10;10089582535;B
20240411;100215;51.09;10;10089583080;S
20240411;100215;51.09;840;10089583202;S
20240411;100215;51.09;650;10089583203;S
20240411;100215;51.08;60;10089583204;S
20240411;100215;51.07;2000;10089583205;S
20240411;100215;51.06;2550;10089583206;S
20240411;100215;51.06;10;10089583207;S
20240411;100215;51.06;1380;10089583208;S
20240411;100215;51.06;50;10089583209;S
20240411;100215;51.05;470;10089583210;S
20240411;100215;51.05;2930;10089583211;S
20240411;100215;51.05;40;10089583212;S
20240411;100215;51.05;1000;10089583213;S
20240411;100215;51.04;10;10089583214;S
20240411;100215;51.04;2000;10089583215;S
20240411;100215;51.04;100;10089583216;S
20240411;100215;51.04;1000;10089583217;S
20240411;100215;51.04;7040;10089583218;S
20240411;100215;51.04;1000;10089583219;S
20240411;100215;51.03;30;10089583220;S
20240411;100215;51.03;10;10089583221;S
20240411;100215;51.03;1000;10089583222;S
20240411;100215;51.03;1000;10089583223;S
20240411;100215;51.02;300;10089583224;S
20240411;100215;51.02;20;10089583225;S
20240411;100215;51.02;260;10089583226;S
20240411;100215;51.02;100;10089583227;S
20240411;100215;51.02;390;10089583228;S
20240411;100215;51.02;20;10089583229;S
20240411;100215;51.02;10;10089583230;S
20240411;100215;51.02;200;10089583231;S
20240411;100215;51.02;30;10089583232;S
20240411;100215;51.02;40;10089583233;S
20240411;100215;51.02;1000;10089583234;S
20240411;100215;51.02;170;10089583235;S
20240411;100215;51.02;450;10089583236;S
20240411;100215;51.02;10;10089583237;S
20240411;100215;51.02;500;10089583238;S
20240411;100215;51.02;500;10089583239;S
20240411;100215;51.02;2000;10089583240;S
20240411;100215;51.02;5000;10089583241;S
20240411;100215;51.02;10000;10089583242;S
20240411;100215;51.01;10;10089583243;S
20240411;100215;51.01;10;10089583244;S
20240411;100215;51.01;10;10089583245;S
20240411;100215;51.01;10;10089583246;S
20240411;100215;51.01;10;10089583247;S
20240411;100215;51.01;10;10089583248;S
20240411;100215;51.01;10;10089583249;S
20240411;100215;51.01;30;10089583250;S
20240411;100215;51.01;120;10089583251;S
20240411;100215;51.01;40;10089583252;S
20240411;100215;51.01;10;10089583253;S
20240411;100215;51.01;210;10089583254;S
20240411;100215;51.01;10;10089583255;S
20240411;100215;51.01;20;10089583256;S
20240411;100215;51.01;10;10089583257;S
20240411;100215;51.01;20;10089583258;S
20240411;100215;51.01;10;10089583259;S
20240411;100215;51.01;10;10089583260;S
20240411;100215;51.01;20;10089583261;S
20240411;100215;51.01;10;10089583262;S
20240411;100215;51.01;10;10089583263;S
20240411;100215;51.01;10;10089583264;S
20240411;100215;51.01;10;10089583265;S
20240411;100215;51.01;20;10089583266;S
20240411;100215;51.01;10;10089583267;S
20240411;100215;51.01;10;10089583268;S
20240411;100215;51.01;40;10089583269;S
20240411;100215;51.01;10;10089583270;S
20240411;100215;51.01;10;10089583271;S
20240411;100215;51.01;100;10089583272;S
20240411;100215;51.01;1500;10089583273;S
20240411;100215;51.01;10;10089583274;S
20240411;100215;51.01;10;10089583275;S
20240411;100215;51.01;90;10089583276;S
20240411;100215;51.01;10;10089583277;S
20240411;100215;51.01;700;10089583278;S
20240411;100215;51.01;1000;10089583279;S
20240411;100215;51.01;2000;10089583280;S
20240411;100215;51.01;250;10089583281;S
20240411;100215;51.01;20;10089583282;S
20240411;100215;51.01;10;10089583283;S
20240411;100215;51.01;1000;10089583284;S
20240411;100215;51.01;1000;10089583285;S
20240411;100215;51.01;550;10089583286;S
20240411;100215;51.01;10000;10089583287;S
20240411;100215;51;50;10089583288;S
20240411;100215;51;40;10089583289;S
20240411;100215;51;50;10089583290;S
20240411;100215;51;20;10089583291;S
20240411;100215;51;20;10089583292;S
20240411;100215;51;990;10089583293;S
20240411;100215;51;200;10089583294;S
20240411;100215;51;10;10089583295;S
20240411;100215;51;10;10089583296;S
20240411;100215;51;20;10089583297;S
20240411;100215;51;250;10089583298;S
20240411;100215;51;3000;10089583299;S
20240411;100215;51;40;10089583300;S
20240411;100215;51;10;10089583301;S
20240411;100215;51;500;10089583302;S
20240411;100215;51;1000;10089583303;S
20240411;100215;51;40;10089583304;S
20240411;100215;50.99;10;10089583305;S
20240411;100215;50.99;580;10089583306;S
20240411;100215;50.99;10;10089583307;S
20240411;100215;50.99;1000;10089583308;S
20240411;100215;50.98;5070;10089583309;S
20240411;100215;50.98;1000;10089583310;S
20240411;100215;50.98;1200;10089583311;S
20240411;100215;50.97;1000;10089583312;S
20240411;100215;50.96;1000;10089583313;S
20240411;100215;50.96;1000;10089583314;S
20240411;100215;50.95;220;10089583315;S
20240411;100215;50.95;10;10089583316;S
20240411;100215;50.95;400;10089583317;S
20240411;100215;50.95;10;10089583318;S
20240411;100215;50.95;10;10089583319;S
20240411;100215;50.95;1000;10089583320;S
20240411;100215;50.95;10000;10089583321;S
20240411;100215;50.95;4000;10089583322;S
20240411;100215;50.95;4000;10089583323;S
20240411;100215;50.94;1000;10089583324;S
20240411;100215;50.92;200;10089583325;S
20240411;100215;50.91;50;10089583326;S
20240411;100215;50.9;50;10089583327;S
20240411;100215;50.9;10;10089583328;S
20240411;100215;50.9;10;10089583329;S
20240411;100215;50.9;4000;10089583330;S
20240411;100215;50.9;5000;10089583331;S
20240411;100215;50.9;10;10089583332;S
20240411;100215;50.9;20;10089583333;S
20240411;100215;50.9;2500;10089583334;S
20240411;100215;50.88;970;10089583335;S
20240411;100215;50.85;60;10089583336;S
20240411;100215;50.85;10;10089583337;S
20240411;100215;50.85;10;10089583338;S
20240411;100215;50.83;300;10089583339;S
20240411;100215;50.82;200;10089583340;S
20240411;100215;50.82;1440;10089583341;S
20240411;100215;50.81;4240;10089583342;S
20240411;100215;50.81;20;10089583343;S
20240411;100215;50.81;5000;10089583344;S
20240411;100215;50.81;30;10089583345;S
20240411;100215;50.8;30;10089583346;S
20240411;100215;50.8;40;10089583347;S
20240411;100215;50.8;10;10089583348;S
20240411;100215;50.8;400;10089583349;S
20240411;100215;50.8;1000;10089583350;S
20240411;100215;50.8;10;10089583351;S
20240411;100215;50.8;250;10089583352;S
20240411;100215;50.8;700;10089583353;S
20240411;100215;50.8;2030;10089583354;S
20240411;100215;50.78;60;10089583355;S
20240411;100215;50.77;10;10089583356;S
20240411;100215;50.77;100;10089583357;S
20240411;100215;50.77;1600;10089583358;S
20240411;100215;50.76;7060;10089583359;S
20240411;100215;50.76;5910;10089583360;S
20240411;100215;50.76;5000;10089583361;S
20240411;100215;50.75;100;10089583362;S
20240411;100215;50.75;10000;10089583363;S
20240411;100215;50.75;10;10089583364;S
20240411;100215;50.75;20;10089583365;S
20240411;100215;50.75;2500;10089583366;S
20240411;100215;50.74;2000;10089583367;S
20240411;100215;50.73;60;10089583368;S
20240411;100215;50.73;800;10089583369;S
20240411;100215;50.73;2500;10089583370;S
20240411;100215;50.73;4000;10089583371;S
20240411;100215;50.72;2500;10089583372;S
20240411;100215;50.72;1500;10089583373;S
20240411;100215;50.72;20000;10089583374;S
20240411;100215;50.71;1760;10089583375;S
20240411;100215;51.01;500;10089583379;S
20240411;100215;50.96;1000;10089583380;B
20240411;100215;50.96;500;10089583381;S
20240411;100215;50.95;100;10089583384;S
20240411;100215;50.95;100;10089583386;S
20240411;100215;50.95;750;10089583389;S
20240411;100216;50.96;20;10089583417;B
20240411;100216;50.95;600;10089583431;S
20240411;100216;50.95;20;10089583432;S
20240411;100216;50.96;980;10089583438;B
20240411;100216;50.96;660;10089583439;B
20240411;100216;50.97;570;10089583440;B
20240411;100216;50.97;1000;10089583441;B
20240411;100216;50.98;190;10089583442;B
20240411;100216;50.97;320;10089583468;S
20240411;100216;50.96;1380;10089583469;S
20240411;100216;50.96;2550;10089583470;S
20240411;100216;50.95;3750;10089583471;S
20240411;100216;50.96;10;10089583472;S
20240411;100216;50.96;100;10089583473;S
20240411;100216;50.96;2440;10089583478;S
20240411;100216;50.95;1720;10089583479;S
20240411;100216;50.95;840;10089583480;S
20240411;100216;50.96;10;10089583481;S
20240411;100216;50.96;10;10089583487;S
20240411;100216;50.96;1360;10089583488;S
20240411;100216;50.95;290;10089583489;S
20240411;100216;50.96;1380;10089583491;S
20240411;100216;50.95;4560;10089583492;S
20240411;100216;50.95;4310;10089583496;S
20240411;100216;50.95;690;10089583497;S
20240411;100216;50.95;1000;10089583584;B
20240411;100216;50.96;330;10089583585;B
20240411;100216;50.96;670;10089583586;B
20240411;100216;50.95;790;10089583596;B
20240411;100216;50.94;10;10089583632;S
20240411;100216;50.94;110;10089583633;S
20240411;100216;50.94;890;10089583634;S
20240411;100216;50.95;210;10089583636;B
20240411;100216;50.95;1380;10089583637;B
20240411;100216;50.96;40;10089583638;B
20240411;100216;50.96;370;10089583639;B
20240411;100217;50.93;200;10089583733;S
20240411;100217;50.95;1000;10089583801;B
20240411;100217;50.96;1000;10089583802;B
20240411;100217;50.97;1000;10089583836;B
20240411;100217;50.98;1000;10089583837;B
20240411;100217;50.98;510;10089583838;B
20240411;100217;50.99;990;10089583839;B
20240411;100217;50.97;10;10089583844;S
20240411;100217;51;1000;10089583869;B
20240411;100218;51.01;1000;10089583979;B
20240411;100218;51.02;1000;10089583980;B
20240411;100218;51.02;2000;10089584027;B
20240411;100218;51.02;2000;10089584103;S
20240411;100218;51.01;1380;10089584104;S
20240411;100218;51;1660;10089584105;S
20240411;100218;51.01;1380;10089584116;S
20240411;100218;51;370;10089584117;S
20240411;100218;51.01;10;10089584191;S
20240411;100218;51.03;1000;10089584193;B
20240411;100218;51.03;1500;10089584194;B
20240411;100219;51.03;10;10089584405;B
20240411;100220;51.03;30;10089584636;B
20240411;100221;51.02;10;10089584724;S
20240411;100221;51.02;80;10089584725;S
20240411;100221;51.02;1300;10089584930;S
20240411;100221;51.02;30;10089584931;S
20240411;100221;51.02;200;10089584932;S
20240411;100221;51.02;2470;10089584933;S
20240411;100222;51.03;690;10089585041;B
20240411;100222;51.03;1310;10089585042;B
20240411;100223;51.02;200;10089585211;S
20240411;100223;51.03;160;10089585266;B
20240411;100224;51.03;1000;10089585375;B
20240411;100224;51.03;500;10089585520;B
20240411;100225;51.02;7330;10089585634;S
20240411;100225;51.02;1380;10089585635;S
20240411;100225;51.01;550;10089585636;S
20240411;100225;51.01;5000;10089585637;S
20240411;100225;51.01;50;10089585638;S
20240411;100225;51;5690;10089585639;S
20240411;100226;51.02;480;10089585771;B
20240411;100226;51.02;200;10089585843;B
20240411;100226;51;2550;10089585970;S
20240411;100226;51;1380;10089585971;S
20240411;100226;51;100;10089585972;S
20240411;100226;50.99;7050;10089585973;S
20240411;100226;50.98;40;10089585974;S
20240411;100226;50.97;10;10089585975;S
20240411;100226;50.97;570;10089585976;S
20240411;100226;50.97;1300;10089585977;S
20240411;100227;51.01;270;10089585987;B
20240411;100227;51.02;10;10089586108;B
20240411;100228;51.02;10;10089586188;B
20240411;100228;51.02;30;10089586223;B
20240411;100229;51.02;30;10089586359;B
20240411;100230;51.02;10;10089586939;B
20240411;100230;51.02;20;10089586940;B
20240411;100231;51.01;500;10089587110;S
20240411;100231;51.01;1380;10089587111;S
20240411;100231;51;460;10089587112;S
20240411;100232;51;10;10089587333;S
20240411;100233;51;30;10089587572;S
20240411;100233;51;500;10089587573;S
20240411;100233;51;470;10089587574;S
20240411;100234;51;410;10089587823;S
20240411;100234;51;1380;10089587824;S
20240411;100234;50.99;500;10089587825;S
20240411;100234;50.99;1650;10089587826;S
20240411;100234;51;420;10089587918;S
20240411;100234;50.99;2100;10089588004;S
20240411;100236;51;10;10089588351;B
20240411;100236;50.99;60;10089588364;S
20240411;100236;51;100;10089588451;B
20240411;100238;50.99;10;10089589021;S
20240411;100240;50.99;100;10089589436;S
20240411;100242;51;10;10089589751;B
20240411;100242;50.99;1080;10089589776;S
20240411;100242;50.99;200;10089589777;S
20240411;100242;50.99;1000;10089589890;B
20240411;100242;50.98;220;10089589903;S
20240411;100243;50.99;10;10089590091;B
20240411;100243;50.98;150;10089590128;S
20240411;100244;50.98;130;10089590298;S
20240411;100244;50.98;1870;10089590299;B
20240411;100244;50.97;200;10089590357;S
20240411;100245;50.98;1380;10089590536;B
20240411;100245;50.98;1380;10089590537;B
20240411;100245;50.98;1380;10089590544;B
20240411;100248;50.99;2710;10089590974;B
20240411;100248;50.99;1000;10089590975;B
20240411;100248;50.98;1250;10089591082;S
20240411;100248;50.98;1380;10089591083;S
20240411;100248;50.98;2550;10089591084;S
20240411;100248;50.98;4820;10089591085;B
20240411;100248;50.98;30;10089591119;S
20240411;100249;51;110;10089591200;B
20240411;100249;51;20;10089591212;B
20240411;100249;51;20;10089591241;B
20240411;100249;51;20;10089591267;B
