<DATE>;<TIME>;<LAST>;<VOL>;<ID>;<OPER>
20240506;095957;50.25;10;10278928319;B
20240506;095957;50.25;30;10278928320;B
20240506;095957;50.25;10;10278928321;S
20240506;095957;50.25;10;10278928322;S
20240506;095957;50.25;100;10278928323;S
20240506;095957;50.25;300;10278928324;S
20240506;095957;50.25;1260;10278928325;S
20240506;095957;50.25;100;10278928326;S
20240506;095957;50.25;200;10278928327;B
20240506;095957;50.25;10;10278928328;B
20240506;095957;50.25;250;10278928329;B
20240506;095957;50.25;10;10278928330;B
20240506;095957;50.25;80;10278928331;B
20240506;095957;50.25;100;10278928332;B
20240506;095957;50.25;10;10278928333;B
20240506;095957;50.25;10;10278928334;S
20240506;095957;50.25;60;10278928335;S
20240506;095957;50.25;30;10278928336;S
20240506;095957;50.25;20;10278928337;S
20240506;095957;50.25;10;10278928338;S
20240506;095957;50.25;100;10278928339;S
20240506;095957;50.25;20;10278928340;S
20240506;095957;50.25;370;10278928341;S
20240506;095957;50.25;20;10278928342;S
20240506;095957;50.25;40;10278928343;S
20240506;095957;50.25;10;10278928344;S
20240506;095957;50.25;60;10278928345;S
20240506;095957;50.25;40;10278928346;S
20240506;095957;50.25;20;10278928347;S
20240506;095957;50.25;10;10278928348;S
20240506;095957;50.25;20;10278928349;S
20240506;095957;50.25;30;10278928350;S
20240506;095957;50.25;70;10278928351;S
20240506;095957;50.25;10;10278928352;S
20240506;095957;50.25;50;10278928353;S
20240506;095957;50.25;30;10278928354;S
20240506;095957;50.25;10420;10278928355;S
20240506;095957;50.25;9580;10278928356;B
20240506;095957;50.25;20;10278928357;B
20240506;095957;50.25;200;10278928358;S
20240506;095957;50.25;50;10278928359;S
20240506;095957;50.25;20;10278928360;S
20240506;095957;50.25;20;10278928361;S
20240506;095957;50.25;20;10278928362;S
20240506;095957;50.25;10;10278928363;S
20240506;095957;50.25;10;10278928364;S
20240506;095957;50.25;30;10278928365;S
20240506;095957;50.25;20;10278928366;S
20240506;095957;50.25;10;10278928367;S
20240506;095957;50.25;10;10278928368;S
20240506;095957;50.25;10;10278928369;S
20240506;095957;50.25;10;10278928370;S
20240506;095957;50.25;10;10278928371;S
20240506;095957;50.25;10;10278928372;S
20240506;095957;50.25;10;10278928373;S
20240506;095957;50.25;10;10278928374;S
20240506;095957;50.25;20;10278928375;S
20240506;095957;50.25;20;10278928376;S
20240506;095957;50.25;10;10278928377;S
20240506;095957;50.25;10;10278928378;S
20240506;095957;50.25;9890;10278928379;S
20240506;095957;50.25;10;10278928380;B
20240506;095957;50.25;10;10278928381;B
20240506;095957;50.25;10;10278928382;B
20240506;095957;50.25;10;10278928383;B
20240506;095957;50.25;10;10278928384;B
20240506;095957;50.25;10;10278928385;B
20240506;095957;50.25;10;10278928386;B
20240506;095957;50.25;40;10278928387;B
20240506;095957;50.25;590;10278928388;B
20240506;095957;50.25;30;10278928389;S
20240506;095957;50.25;10;10278928390;S
20240506;095957;50.25;30;10278928391;S
20240506;095957;50.25;700;10278928392;S
20240506;095957;50.25;10;10278928393;S
20240506;095957;50.25;20;10278928394;S
20240506;095957;50.25;10;10278928395;S
20240506;095957;50.25;20;10278928396;S
20240506;095957;50.25;10;10278928397;S
20240506;095957;50.25;10;10278928398;S
20240506;095957;50.25;520;10278928399;S
20240506;095957;50.25;40;10278928400;S
20240506;095957;50.25;10;10278928401;S
20240506;095957;50.25;7990;10278928402;S
20240506;095957;50.25;10;10278928403;S
20240506;095957;50.25;20;10278928404;S
20240506;095957;50.25;20;10278928405;S
20240506;095957;50.25;10;10278928406;S
20240506;095957;50.25;10;10278928407;S
20240506;095957;50.25;10;10278928408;S
20240506;095957;50.25;10;10278928409;S
20240506;095957;50.25;10;10278928410;S
20240506;095957;50.25;10;10278928411;S
20240506;095957;50.25;10;10278928412;S
20240506;095957;50.25;10;10278928413;S
20240506;095957;50.25;20;10278928414;S
20240506;095957;50.25;20;10278928415;S
20240506;095957;50.25;20;10278928416;S
20240506;095957;50.25;40;10278928417;S
20240506;095957;50.25;20;10278928418;S
20240506;095957;50.25;10;10278928419;S
20240506;095957;50.25;10;10278928420;S
20240506;095957;50.25;20;10278928421;S
20240506;095957;50.25;10;10278928422;S
20240506;095957;50.25;20;10278928423;S
20240506;095957;50.25;10;10278928424;S
20240506;095957;50.25;20;10278928425;S
20240506;095957;50.25;30;10278928426;S
20240506;095957;50.25;250;10278928427;S
20240506;095957;50.25;20;10278928428;S
20240506;095957;50.25;50;10278928429;S
20240506;095957;50.25;400;10278928430;S
20240506;095957;50.25;100;10278928431;S
20240506;095957;50.25;500;10278928432;S
20240506;095957;50.25;100;10278928433;S
20240506;095957;50.25;10;10278928434;S
20240506;095957;50.25;10;10278928435;B
20240506;095957;50.25;50;10278928436;B
20240506;100000;50.25;140;10278930046;B
20240506;100000;50.25;20;10278930047;B
20240506;100000;50.25;750;10278930048;B
20240506;100001;50.26;100;10278930551;S
20240506;100001;50.26;500;10278930560;S
20240506;100001;50.26;900;10278930562;S
20240506;100001;50.26;100;10278930566;S
20240506;100001;50.27;100;10278930593;S
20240506;100002;50.28;10;10278931387;S
20240506;100002;50.28;10;10278931685;S
20240506;100002;50.33;10;10278931891;B
20240506;100003;50.33;40;10278932699;B
20240506;100003;50.34;170;10278932700;B
20240506;100003;50.35;50;10278932701;B
20240506;100003;50.35;10;10278932702;B
20240506;100003;50.35;10;10278932703;B
20240506;100003;50.35;100;10278932704;B
20240506;100003;50.35;20;10278932705;B
20240506;100003;50.31;460;10278932707;S
20240506;100004;50.3;170;10278932893;S
20240506;100004;50.3;2130;10278932894;S
20240506;100004;50.26;1540;10278932895;S
20240506;100004;50.34;30;10278933652;B
20240506;100004;50.34;20;10278933657;B
20240506;100004;50.34;20;10278933661;B
20240506;100004;50.34;390;10278933679;B
20240506;100004;50.35;60;10278933680;B
20240506;100004;50.35;10;10278933681;B
20240506;100004;50.35;400;10278933682;B
20240506;100004;50.35;200;10278933683;B
20240506;100004;50.36;1010;10278933684;B
20240506;100004;50.4;120;10278933685;B
20240506;100004;50.4;460;10278933686;B
20240506;100004;50.4;10;10278933687;B
20240506;100004;50.42;2340;10278933688;B
20240506;100004;50.41;300;10278933701;B
20240506;100004;50.31;20;10278933707;S
20240506;100004;50.4;10;10278933710;B
20240506;100004;50.38;10;10278933799;B
20240506;100004;50.38;20;10278933806;B
20240506;100004;50.37;10;10278933821;B
20240506;100004;50.43;10;10278933829;B
20240506;100004;50.43;10;10278933839;B
20240506;100004;50.31;10;10278933845;S
20240506;100004;50.39;10;10278933867;B
20240506;100004;50.39;10;10278933879;B
20240506;100004;50.39;10;10278933881;B
20240506;100004;50.39;20;10278933886;B
20240506;100004;50.39;20;10278933888;B
20240506;100004;50.37;10;10278933894;B
20240506;100004;50.32;10;10278933895;S
20240506;100004;50.33;1400;10278933902;S
20240506;100004;50.33;20;10278933912;B
20240506;100004;50.29;100;10278933935;S
20240506;100004;50.29;2000;10278933957;S
20240506;100004;50.26;1260;10278933968;B
20240506;100004;50.25;580;10278933970;S
20240506;100004;50.25;820;10278933974;S
20240506;100004;50.25;1180;10278933975;S
20240506;100005;50.25;740;10278934021;S
20240506;100005;50.24;110;10278934199;S
20240506;100005;50.32;10;10278934209;B
20240506;100005;50.33;30;10278934210;B
20240506;100005;50.28;20;10278934219;S
20240506;100005;50.28;240;10278934224;S
20240506;100005;50.26;20;10278934227;S
20240506;100005;50.33;10;10278935017;B
20240506;100005;50.33;10;10278935021;B
20240506;100005;50.33;20;10278935025;B
20240506;100005;50.33;20;10278935028;B
20240506;100005;50.33;20;10278935033;B
20240506;100005;50.33;10;10278935047;B
20240506;100005;50.33;30;10278935050;B
20240506;100005;50.33;10;10278935056;B
20240506;100005;50.33;10;10278935063;B
20240506;100005;50.33;10;10278935067;B
20240506;100005;50.33;10;10278935076;B
20240506;100005;50.33;10;10278935079;B
20240506;100005;50.3;30;10278935093;S
20240506;100005;50.31;20;10278935095;S
20240506;100005;50.31;10;10278936115;S
20240506;100005;50.33;10;10278936239;B
20240506;100005;50.33;60;10278936477;B
20240506;100005;50.31;10;10278936489;S
20240506;100005;50.31;10;10278936499;S
20240506;100005;50.33;10;10278936513;B
20240506;100005;50.31;50;10278936524;S
20240506;100005;50.31;10;10278936532;S
20240506;100005;50.33;140;10278936800;B
20240506;100006;50.33;40;10278936875;B
20240506;100006;50.33;10;10278936882;B
20240506;100006;50.33;10;10278936884;B
20240506;100006;50.31;10;10278936886;S
20240506;100006;50.33;200;10278936892;B
20240506;100006;50.33;50;10278936895;B
20240506;100006;50.31;70;10278936901;S
20240506;100006;50.31;30;10278936904;S
20240506;100006;50.33;20;10278936905;B
20240506;100006;50.33;10;10278936911;B
20240506;100006;50.33;10;10278936912;B
20240506;100006;50.33;10;10278936915;B
20240506;100006;50.33;20;10278936920;B
20240506;100006;50.33;10;10278936934;B
20240506;100006;50.33;10;10278936935;B
20240506;100006;50.33;20;10278936941;B
20240506;100006;50.33;10;10278936963;B
20240506;100006;50.33;10;10278936979;B
20240506;100006;50.33;10;10278937008;B
20240506;100006;50.33;10;10278937137;B
20240506;100006;50.31;20;10278937146;S
20240506;100006;50.33;10;10278937153;B
20240506;100006;50.33;10;10278937164;B
20240506;100006;50.33;90;10278937184;B
20240506;100006;50.33;10;10278937185;B
20240506;100006;50.31;10;10278937191;S
20240506;100006;50.37;10;10278937201;B
20240506;100006;50.32;10;10278937214;S
20240506;100006;50.37;10;10278937221;B
20240506;100006;50.37;40;10278937225;B
20240506;100006;50.32;10;10278937232;S
20240506;100006;50.37;40;10278937237;B
20240506;100006;50.32;10;10278937948;S
20240506;100006;50.32;20;10278937959;S
20240506;100006;50.38;10;10278937970;B
20240506;100006;50.38;10;10278937981;B
20240506;100006;50.38;20;10278937994;B
20240506;100006;50.37;10;10278938003;B
20240506;100006;50.37;10;10278938019;B
20240506;100006;50.37;10;10278938059;B
20240506;100006;50.38;20;10278938060;B
20240506;100006;50.4;20;10278938097;B
20240506;100006;50.32;190;10278938111;S
20240506;100006;50.38;10;10278938195;B
20240506;100006;50.38;70;10278938696;B
20240506;100006;50.38;10;10278938705;B
20240506;100006;50.32;30;10278938719;S
20240506;100006;50.32;20;10278938721;S
20240506;100006;50.32;20;10278938734;S
20240506;100006;50.38;20;10278938740;B
20240506;100006;50.38;10;10278938767;B
20240506;100006;50.38;20;10278938772;B
20240506;100006;50.38;10;10278938786;B
20240506;100006;50.38;20;10278938804;B
20240506;100006;50.38;10;10278938822;B
20240506;100006;50.32;80;10278938832;S
20240506;100006;50.38;10;10278938840;B
20240506;100006;50.38;10;10278938841;B
20240506;100006;50.32;70;10278939204;S
20240506;100006;50.31;900;10278939205;S
20240506;100006;50.38;40;10278939758;B
20240506;100006;50.38;10;10278939762;B
20240506;100006;50.38;10;10278939766;B
20240506;100006;50.38;10;10278939769;B
20240506;100006;50.39;10;10278939773;B
20240506;100006;50.28;200;10278939777;S
20240506;100006;50.38;20;10278939782;B
20240506;100006;50.39;30;10278939787;B
20240506;100006;50.28;10;10278939792;S
20240506;100007;50.28;10;10278940644;S
20240506;100007;50.38;20;10278941073;B
20240506;100007;50.38;10;10278941074;B
20240506;100007;50.38;10;10278941076;B
20240506;100007;50.38;10;10278941077;B
20240506;100007;50.39;10;10278941082;B
20240506;100007;50.39;10;10278941085;B
20240506;100007;50.39;20;10278941086;B
20240506;100007;50.28;30;10278941087;S
20240506;100007;50.39;30;10278941088;B
20240506;100008;50.28;30;10278942014;S
20240506;100008;50.28;180;10278942033;S
20240506;100008;50.28;70;10278942034;S
20240506;100008;50.28;10;10278942045;S
20240506;100008;50.38;30;10278942048;B
20240506;100008;50.38;10;10278942074;B
20240506;100008;50.29;40;10278942088;S
20240506;100008;50.38;10;10278942095;B
20240506;100008;50.38;10;10278942105;B
20240506;100008;50.38;1000;10278942212;B
20240506;100008;50.29;20;10278942218;S
20240506;100008;50.38;10;10278942223;B
20240506;100008;50.29;10;10278942230;S
20240506;100008;50.29;10;10278942235;S
20240506;100008;50.29;10;10278942239;S
20240506;100008;50.38;10;10278942243;B
20240506;100008;50.38;10;10278942246;B
20240506;100008;50.38;10;10278942251;B
20240506;100008;50.29;50;10278942255;S
20240506;100008;50.38;10;10278942257;B
20240506;100008;50.38;20;10278942833;B
20240506;100008;50.38;10;10278942834;B
20240506;100008;50.38;10;10278942836;B
20240506;100008;50.39;20;10278942838;B
20240506;100008;50.29;10;10278942839;S
20240506;100008;50.38;10;10278943545;B
20240506;100008;50.39;10;10278943547;B
20240506;100008;50.39;10;10278943548;B
20240506;100008;50.29;30;10278943553;S
20240506;100008;50.38;10;10278943556;B
20240506;100008;50.29;10;10278943557;S
20240506;100008;50.38;10;10278943558;B
20240506;100008;50.29;20;10278943564;S
20240506;100008;50.37;10;10278943565;B
20240506;100008;50.29;10;10278943663;S
20240506;100009;50.37;20;10278944274;B
20240506;100009;50.29;10;10278944275;S
20240506;100009;50.29;10;10278944276;S
20240506;100009;50.37;20;10278944277;B
20240506;100009;50.29;10;10278944278;S
20240506;100009;50.29;10;10278944581;S
20240506;100009;50.37;20;10278944583;B
20240506;100009;50.29;20;10278944584;S
20240506;100009;50.29;20;10278944586;S
20240506;100009;50.37;10;10278944590;B
20240506;100009;50.29;10;10278944592;S
20240506;100009;50.29;10;10278944593;S
20240506;100009;50.37;10;10278944596;B
20240506;100009;50.29;10;10278944597;S
20240506;100009;50.29;10;10278944600;S
20240506;100009;50.37;10;10278944602;B
20240506;100010;50.37;10;10278945260;B
20240506;100010;50.37;10;10278945261;B
20240506;100010;50.37;10;10278945262;B
20240506;100010;50.37;10;10278945263;B
20240506;100010;50.37;10;10278945266;B
20240506;100010;50.37;10;10278945267;B
20240506;100010;50.29;20;10278945268;S
20240506;100010;50.37;20;10278945270;B
20240506;100010;50.37;20;10278945271;B
20240506;100010;50.37;10;10278945273;B
20240506;100010;50.29;10;10278945274;S
20240506;100010;50.29;20;10278945275;S
20240506;100010;50.29;70;10278945620;S
20240506;100010;50.28;30;10278945621;S
20240506;100010;50.29;10;10278945701;S
20240506;100010;50.37;20;10278945715;B
20240506;100010;50.37;10;10278945719;B
20240506;100010;50.37;10;10278945722;B
20240506;100010;50.29;450;10278945726;S
20240506;100010;50.28;5220;10278945727;S
20240506;100010;50.28;1400;10278945728;S
20240506;100010;50.28;7150;10278945729;S
20240506;100010;50.25;10;10278945730;S
20240506;100010;50.23;2000;10278945731;S
20240506;100010;50.23;2000;10278945732;S
20240506;100010;50.21;800;10278945733;S
20240506;100010;50.21;130;10278945734;S
20240506;100010;50.21;20;10278945735;S
20240506;100010;50.2;10;10278945736;S
20240506;100010;50.2;1000;10278945737;S
20240506;100010;50.18;6000;10278945738;S
20240506;100010;50.15;3810;10278945739;S
20240506;100010;50.37;10;10278945755;B
20240506;100010;50.21;10;10278945756;S
20240506;100010;50.37;200;10278945765;B
20240506;100010;50.36;10;10278946284;B
20240506;100010;50.36;150;10278946287;B
20240506;100010;50.36;10;10278946291;B
20240506;100010;50.36;140;10278946295;B
20240506;100010;50.36;10;10278946298;B
20240506;100011;50.31;1400;10278947012;S
20240506;100011;50.3;100;10278947013;S
20240506;100011;50.3;170;10278947120;S
20240506;100011;50.36;140;10278947134;B
20240506;100011;50.37;200;10278947135;B
20240506;100011;50.38;1400;10278947136;B
20240506;100011;50.39;260;10278947137;B
20240506;100011;50.38;10;10278947202;B
20240506;100011;50.31;100;10278947314;S
20240506;100013;50.33;1400;10278947962;S
20240506;100013;50.33;460;10278947963;B
20240506;100015;50.32;10;10278948373;B
20240506;100015;50.28;10;10278948376;S
20240506;100015;50.29;120;10278948452;S
20240506;100015;50.28;1500;10278948537;S
20240506;100017;50.26;10;10278948889;S
20240506;100019;50.26;260;10278949488;S
20240506;100020;50.3;200;10278949886;B
20240506;100021;50.3;20;10278950088;B
20240506;100021;50.26;550;10278950233;S
20240506;100021;50.3;10;10278950264;B
20240506;100025;50.3;20;10278951450;B
20240506;100026;50.3;2000;10278951800;B
20240506;100029;50.3;10;10278952549;B
20240506;100029;50.29;7150;10278952735;S
20240506;100029;50.28;1000;10278952736;S
20240506;100029;50.25;800;10278952737;S
20240506;100029;50.25;50;10278952738;S
20240506;100029;50.23;2100;10278952739;S
20240506;100030;50.29;10;10278952913;B
20240506;100031;50.29;480;10278953221;B
20240506;100032;50.28;40;10278953438;S
20240506;100033;50.3;200;10278953743;B
20240506;100033;50.3;1000;10278953793;B
20240506;100038;50.29;10;10278955240;S
20240506;100043;50.3;10;10278956646;B
20240506;100046;50.29;1800;10278957195;S
20240506;100049;50.3;10;10278958009;B
20240506;100049;50.29;160;10278958014;S
20240506;100053;50.29;30;10278959242;S
20240506;100057;50.3;10;10278960238;B
20240506;100058;50.3;10;10278960590;B
20240506;100059;50.29;100;10278960743;S
20240506;100102;50.29;10;10278961710;S
20240506;100102;50.3;6500;10278961837;B
20240506;100102;50.31;470;10278961838;B
20240506;100102;50.31;490;10278961839;B
20240506;100102;50.32;550;10278961840;B
20240506;100102;50.32;650;10278961841;B
20240506;100102;50.33;540;10278961842;B
20240506;100102;50.33;1400;10278961843;B
20240506;100102;50.33;570;10278961844;B
20240506;100102;50.34;4560;10278961845;B
20240506;100102;50.3;1400;10278961899;S
20240506;100102;50.3;190;10278961900;S
20240506;100103;50.29;2000;10278961922;S
20240506;100104;50.29;3040;10278962320;S
20240506;100104;50.29;460;10278962321;S
20240506;100104;50.28;440;10278962322;S
20240506;100104;50.28;480;10278962323;S
20240506;100104;50.27;3580;10278962324;S
20240506;100105;50.28;20;10278962550;S
20240506;100110;50.3;10;10278963598;B
20240506;100113;50.29;60;10278964081;S
20240506;100118;50.3;100;10278965199;B
20240506;100120;50.3;10;10278965572;B
20240506;100128;50.29;20;10278967473;S
20240506;100128;50.3;30;10278967502;B
20240506;100134;50.3;20;10278968789;B
20240506;100137;50.3;10;10278969408;B
20240506;100137;50.3;2000;10278969551;B
20240506;100145;50.29;70;10278971401;S
20240506;100145;50.28;740;10278971402;S
20240506;100150;50.28;10;10278972775;S
20240506;100152;50.3;10;10278973068;B
20240506;100156;50.3;30;10278973889;B
20240506;100200;50.3;300;10278974751;B
20240506;100203;50.3;20;10278975328;B
20240506;100212;50.3;20;10278977342;B
20240506;100214;50.3;30;10278978241;B
20240506;100214;50.3;90;10278978308;B
20240506;100214;50.3;500;10278978309;B
20240506;100214;50.3;10;10278978310;B
20240506;100214;50.31;480;10278978311;B
20240506;100214;50.32;20;10278978312;B
20240506;100218;50.27;10;10278979213;S
20240506;100218;50.27;10;10278979303;S
20240506;100221;50.27;30;10278980044;S
20240506;100224;50.27;990;10278980766;S
20240506;100226;50.26;160;10278981206;S
20240506;100229;50.28;10;10278982661;B
20240506;100235;50.27;200;10278984245;S
20240506;100235;50.26;2840;10278984246;S
20240506;100235;50.26;470;10278984247;S
20240506;100235;50.26;10;10278984248;S
20240506;100235;50.26;10;10278984249;S
20240506;100235;50.25;1000;10278984250;S
20240506;100235;50.25;30;10278984251;S
20240506;100235;50.24;30;10278984252;S
20240506;100235;50.24;400;10278984253;S
20240506;100235;50.23;2150;10278984254;S
20240506;100235;50.22;8860;10278984255;S
20240506;100236;50.22;60;10278984337;S
20240506;100238;50.22;1500;10278985360;S
20240506;100239;50.26;500;10278985710;B
20240506;100240;50.23;110;10278985930;S
20240506;100240;50.22;2890;10278985931;S
20240506;100245;50.25;10;10278987078;B
20240506;100246;50.22;5000;10278987424;S
20240506;100249;50.22;50;10278988032;S
20240506;100250;50.22;10;10278988144;S
20240506;100251;50.25;480;10278988263;B
20240506;100251;50.25;520;10278988264;B
20240506;100255;50.22;1000;10278989048;S
20240506;100257;50.22;80;10278989616;S
20240506;100259;50.22;100;10278989834;S
20240506;100304;50.22;10;10278991173;S
20240506;100310;50.23;20;10278992539;S
20240506;100312;50.22;10;10278992944;S
20240506;100313;50.25;10;10278993143;B
20240506;100318;50.25;30;10278994097;B
20240506;100318;50.27;10;10278994098;B
20240506;100318;50.24;20;10278994119;S
20240506;100320;50.23;100;10278994456;S
20240506;100327;50.24;480;10278995933;S
20240506;100327;50.23;120;10278995934;S
20240506;100328;50.23;10;10278996103;S
20240506;100332;50.24;470;10278996764;S
20240506;100332;50.24;10;10278996783;B
20240506;100335;50.23;10;10278997399;S
20240506;100336;50.23;30;10278997527;S
20240506;100341;50.23;230;10278998372;S
20240506;100341;50.23;20;10278998373;S
20240506;100343;50.24;20;10278998602;B
20240506;100343;50.24;30;10278998655;B
20240506;100344;50.24;2060;10278998924;B
20240506;100345;50.24;50;10278998960;B
20240506;100345;50.24;20;10278998991;B
20240506;100345;50.24;10;10278999127;B
20240506;100346;50.24;10;10278999204;B
20240506;100346;50.24;20;10278999268;B
20240506;100346;50.24;10;10278999269;B
20240506;100347;50.23;60;10278999473;S
20240506;100351;50.23;10;10279000066;S
20240506;100352;50.24;20;10279000119;B
20240506;100354;50.24;10;10279000546;B
20240506;100359;50.23;10;10279001352;S
20240506;100359;50.24;60;10279001353;B
20240506;100400;50.23;40;10279001552;S
20240506;100401;50.23;360;10279001634;S
20240506;100401;50.23;10;10279001635;S
20240506;100401;50.23;410;10279001636;S
20240506;100401;50.24;20;10279001637;B
20240506;100402;50.23;10;10279001815;S
20240506;100402;50.23;100;10279001838;S
20240506;100409;50.23;20;10279003418;S
20240506;100410;50.24;180;10279003754;B
20240506;100416;50.25;10;10279005088;B
20240506;100420;50.24;300;10279005751;S
20240506;100423;50.24;10;10279006390;S
20240506;100424;50.24;1000;10279006895;S
20240506;100425;50.25;10;10279007015;B
20240506;100427;50.24;1000;10279007324;S
20240506;100429;50.24;100;10279007676;S
20240506;100429;50.24;5050;10279007719;S
20240506;100429;50.24;10;10279007720;S
20240506;100429;50.24;460;10279007721;S
20240506;100431;50.23;10;10279008141;S
20240506;100433;50.23;10;10279008437;S
20240506;100433;50.23;90;10279008438;S
20240506;100437;50.22;70;10279009268;S
20240506;100441;50.22;30;10279010045;S
20240506;100446;50.23;1400;10279010886;B
20240506;100446;50.23;40;10279010887;B
20240506;100446;50.24;1060;10279010888;B
20240506;100447;50.23;40;10279011033;S
20240506;100447;50.23;40;10279011063;S
20240506;100450;50.23;10;10279011996;B
20240506;100453;50.24;10;10279012499;B
20240506;100454;50.23;40;10279012795;S
20240506;100455;50.22;2920;10279012827;S
20240506;100456;50.24;60;10279013014;B
20240506;100457;50.23;20;10279013210;B
20240506;100458;50.23;800;10279013454;B
20240506;100459;50.22;70;10279013726;S
20240506;100500;50.23;1000;10279013780;B
20240506;100500;50.23;1000;10279013852;B
20240506;100504;50.24;400;10279014821;B
20240506;100506;50.24;10;10279015290;B
20240506;100508;50.23;60;10279015769;S
20240506;100511;50.24;60;10279016630;B
20240506;100512;50.24;60;10279016921;B
20240506;100515;50.24;10;10279017398;B
20240506;100516;50.23;20;10279017658;S
20240506;100516;50.24;10;10279017684;B
20240506;100517;50.23;10;10279017930;S
20240506;100518;50.23;90;10279018061;S
20240506;100518;50.23;140;10279018062;S
20240506;100520;50.24;1000;10279018498;B
20240506;100521;50.23;90;10279018648;S
20240506;100524;50.23;10;10279019368;S
20240506;100525;50.23;20;10279019413;S
20240506;100526;50.24;10;10279019693;B
20240506;100540;50.23;90;10279022192;S
20240506;100541;50.24;1000;10279022747;B
20240506;100542;50.24;20;10279022811;B
20240506;100552;50.24;10;10279025388;B
20240506;100553;50.24;10;10279025420;B
20240506;100553;50.24;750;10279025435;B
20240506;100553;50.24;10;10279025436;B
20240506;100553;50.24;10;10279025437;B
20240506;100553;50.25;10;10279025438;B
20240506;100553;50.25;60;10279025439;B
20240506;100553;50.25;460;10279025440;B
20240506;100553;50.26;110;10279025495;S
20240506;100554;50.27;10;10279025627;B
20240506;100555;50.27;10;10279025916;B
20240506;100556;50.26;20;10279026085;S
20240506;100601;50.28;250;10279026957;B
20240506;100601;50.28;750;10279026958;B
20240506;100601;50.28;40;10279026959;B
20240506;100601;50.29;1000;10279026960;B
20240506;100601;50.29;460;10279026961;B
20240506;100601;50.3;5000;10279026962;B
20240506;100601;50.3;10;10279026963;B
20240506;100601;50.3;1580;10279026964;B
20240506;100601;50.3;470;10279026965;B
20240506;100601;50.3;700;10279026966;S
20240506;100601;50.31;400;10279026968;S
20240506;100601;50.32;100;10279026971;S
20240506;100601;50.33;1000;10279027026;S
20240506;100601;50.33;80;10279027027;S
20240506;100602;50.32;60;10279027169;B
20240506;100602;50.31;100;10279027197;S
20240506;100602;50.32;140;10279027212;B
20240506;100602;50.34;20;10279027213;B
20240506;100603;50.32;100;10279027333;S
20240506;100605;50.32;10;10279027778;S
20240506;100607;50.32;10;10279027912;S
20240506;100616;50.32;100;10279029625;S
20240506;100618;50.34;10;10279030033;B
20240506;100620;50.34;430;10279030340;B
20240506;100620;50.34;240;10279030341;B
20240506;100620;50.34;470;10279030342;B
20240506;100620;50.35;10;10279030343;B
20240506;100620;50.35;1590;10279030344;B
20240506;100620;50.35;1000;10279030345;B
20240506;100620;50.36;40;10279030346;B
20240506;100620;50.37;1000;10279030348;B
20240506;100620;50.36;460;10279030458;S
20240506;100620;50.36;600;10279030459;S
20240506;100620;50.36;440;10279030460;S
20240506;100620;50.37;100;10279030467;S
20240506;100620;50.36;200;10279030475;S
20240506;100621;50.36;100;10279030582;S
20240506;100621;50.37;80;10279030700;B
20240506;100628;50.37;100;10279032559;B
20240506;100630;50.37;10;10279033266;B
20240506;100631;50.36;1000;10279033598;S
20240506;100633;50.37;20;10279034083;B
20240506;100635;50.36;520;10279034452;S
20240506;100635;50.36;10;10279034453;S
20240506;100635;50.36;3180;10279034454;S
20240506;100635;50.35;20820;10279034466;S
20240506;100640;50.35;160;10279035568;S
20240506;100643;50.35;4290;10279036234;S
20240506;100643;50.35;1180;10279036235;S
20240506;100643;50.35;4730;10279036236;S
20240506;100646;50.35;10;10279036706;S
20240506;100647;50.36;20;10279036970;B
20240506;100649;50.36;1000;10279037575;B
20240506;100649;50.36;200;10279037576;B
20240506;100649;50.36;1000;10279037577;B
20240506;100649;50.36;480;10279037578;B
20240506;100649;50.37;780;10279037579;B
20240506;100649;50.37;240;10279037580;B
20240506;100649;50.38;1400;10279037581;B
20240506;100649;50.38;1900;10279037582;B
20240506;100653;50.35;60;10279038273;S
20240506;100654;50.35;30;10279038561;S
20240506;100656;50.36;10;10279038833;B
20240506;100656;50.36;10;10279038858;B
20240506;100657;50.36;10;10279039057;B
20240506;100657;50.36;10;10279039215;B
20240506;100658;50.35;700;10279039429;S
20240506;100658;50.35;100;10279039431;S
20240506;100659;50.36;100;10279039496;B
20240506;100702;50.36;1260;10279040190;B
20240506;100702;50.36;1000;10279040191;B
20240506;100702;50.36;480;10279040192;B
20240506;100702;50.37;4000;10279040193;B
20240506;100702;50.39;800;10279040194;B
20240506;100702;50.39;280;10279040195;B
20240506;100702;50.39;800;10279040196;B
20240506;100702;50.39;180;10279040197;B
20240506;100703;50.35;4180;10279040343;S
20240506;100703;50.35;10;10279040344;S
20240506;100704;50.35;810;10279040507;B
20240506;100704;50.35;1000;10279040508;B
20240506;100704;50.36;480;10279040509;B
20240506;100704;50.36;100;10279040510;B
20240506;100704;50.37;60;10279040511;B
20240506;100704;50.38;960;10279040512;B
20240506;100704;50.38;2590;10279040513;B
20240506;100704;50.38;250;10279040514;B
20240506;100704;50.38;400;10279040515;B
20240506;100704;50.39;12000;10279040516;B
20240506;100704;50.4;3960;10279040517;B
20240506;100704;50.4;800;10279040518;B
20240506;100704;50.4;10;10279040519;B
20240506;100704;50.41;1400;10279040520;B
20240506;100704;50.44;10;10279040616;B
20240506;100704;50.44;10;10279040617;B
20240506;100704;50.44;580;10279040618;B
20240506;100704;50.45;200;10279040644;B
20240506;100704;50.45;10;10279040645;B
20240506;100704;50.47;500;10279040646;B
20240506;100704;50.47;430;10279040647;B
20240506;100704;50.47;570;10279040648;B
20240506;100704;50.45;50;10279040649;S
20240506;100704;50.45;40;10279040650;S
20240506;100705;50.45;500;10279040806;S
20240506;100705;50.45;500;10279040807;S
20240506;100705;50.45;10;10279040867;S
20240506;100708;50.42;10;10279041628;S
20240506;100708;50.42;190;10279041629;S
20240506;100708;50.45;300;10279041898;B
20240506;100708;50.45;1000;10279041899;B
20240506;100708;50.45;480;10279041900;B
20240506;100708;50.47;1400;10279041901;B
20240506;100708;50.48;210;10279041902;B
20240506;100708;50.48;500;10279041903;B
20240506;100708;50.48;10;10279041904;B
20240506;100708;50.48;100;10279041905;B
20240506;100708;50.48;100;10279041906;B
20240506;100708;50.48;40;10279041907;B
20240506;100708;50.48;50;10279041908;B
20240506;100708;50.48;610;10279041909;B
20240506;100709;50.49;20;10279041914;B
20240506;100709;50.49;270;10279041915;B
20240506;100714;50.44;10;10279042925;S
20240506;100714;50.44;10;10279042926;S
20240506;100714;50.44;10;10279042932;S
20240506;100714;50.47;10;10279043047;B
20240506;100714;50.47;10;10279043048;B
20240506;100715;50.47;1000;10279043157;B
20240506;100715;50.47;10;10279043158;B
20240506;100715;50.48;30;10279043159;B
20240506;100715;50.48;80;10279043160;B
20240506;100715;50.48;220;10279043161;B
20240506;100715;50.49;660;10279043162;B
20240506;100718;50.48;10;10279043689;B
20240506;100718;50.48;1000;10279043690;B
20240506;100718;50.49;10540;10279043691;B
20240506;100718;50.49;200;10279043692;B
20240506;100718;50.49;4570;10279043693;B
20240506;100720;50.48;300;10279043879;S
20240506;100723;50.49;10;10279044465;B
20240506;100723;50.48;20;10279044536;S
20240506;100727;50.48;500;10279045171;S
20240506;100728;50.48;10;10279045296;S
20240506;100728;50.49;2550;10279045305;B
20240506;100728;50.49;1000;10279045306;B
20240506;100728;50.49;480;10279045307;B
20240506;100728;50.49;1370;10279045308;B
20240506;100728;50.5;10;10279045309;B
20240506;100728;50.5;10;10279045310;B
20240506;100728;50.5;10;10279045311;B
20240506;100728;50.5;10;10279045312;B
20240506;100728;50.5;1800;10279045313;B
20240506;100728;50.5;500;10279045314;B
20240506;100728;50.5;800;10279045315;B
20240506;100728;50.51;10;10279045316;B
20240506;100728;50.51;240;10279045317;B
20240506;100728;50.51;1210;10279045318;S
20240506;100731;50.49;500;10279045850;S
20240506;100731;50.48;2920;10279045851;S
20240506;100731;50.48;470;10279045852;S
20240506;100731;50.46;290;10279045853;S
20240506;100731;50.48;10;10279045860;B
20240506;100739;50.43;10;10279047168;S
20240506;100739;50.42;10;10279047169;S
20240506;100739;50.42;10;10279047197;S
20240506;100739;50.41;460;10279047198;S
20240506;100739;50.41;470;10279047199;S
20240506;100739;50.4;60;10279047200;S
20240506;100741;50.46;460;10279047713;B
20240506;100741;50.46;1000;10279047714;B
20240506;100741;50.47;1400;10279047715;B
20240506;100741;50.47;2840;10279047716;B
20240506;100744;50.45;10;10279048454;B
20240506;100749;50.45;700;10279049724;B
20240506;100753;50.45;2500;10279050690;B
20240506;100753;50.45;100;10279050692;B
20240506;100754;50.41;460;10279050995;S
20240506;100754;50.41;610;10279050996;S
20240506;100754;50.41;430;10279050997;S
20240506;100754;50.41;100;10279051094;S
20240506;100755;50.41;40;10279051170;S
20240506;100756;50.41;300;10279051505;S
20240506;100757;50.41;30;10279051623;S
20240506;100759;50.41;130;10279051949;S
20240506;100801;50.41;300;10279052377;S
20240506;100801;50.4;10;10279052396;S
20240506;100801;50.44;10;10279052402;B
20240506;100804;50.44;60;10279052901;B
20240506;100806;50.44;10;10279053115;B
20240506;100818;50.4;10;10279055587;S
20240506;100828;50.43;100;10279057345;B
20240506;100832;50.44;20;10279057939;B
20240506;100841;50.4;20;10279059694;S
20240506;100843;50.44;10;10279059978;B
20240506;100852;50.44;20;10279061926;B
20240506;100853;50.4;1900;10279062037;S
20240506;100854;50.43;10;10279062293;B
20240506;100854;50.43;100;10279062397;B
20240506;100856;50.4;10;10279062755;S
20240506;100857;50.4;1480;10279062903;S
20240506;100857;50.4;10;10279062904;S
20240506;100857;50.4;10;10279062905;S
20240506;100857;50.4;470;10279062906;S
20240506;100901;50.39;1400;10279063798;B
20240506;100901;50.39;100;10279063799;B
20240506;100903;50.39;20;10279064201;B
20240506;100904;50.39;10;10279064384;B
20240506;100905;50.39;20;10279064549;B
20240506;100909;50.39;40;10279065210;B
20240506;100912;50.39;250;10279065862;B
20240506;100921;50.39;10;10279067553;B
20240506;100922;50.39;50;10279067561;B
20240506;100922;50.39;10;10279067908;B
20240506;100925;50.36;250;10279068901;S
20240506;100927;50.36;20;10279069218;S
20240506;100929;50.36;10;10279069699;S
20240506;100931;50.36;10;10279070193;S
20240506;100932;50.36;30;10279070432;S
20240506;100934;50.39;260;10279070658;B
20240506;100934;50.39;10;10279070730;B
20240506;100937;50.36;40;10279071199;S
20240506;100940;50.36;10;10279071863;S
20240506;100942;50.36;630;10279072401;S
20240506;100942;50.36;670;10279072402;S
20240506;100942;50.36;480;10279072403;S
20240506;100942;50.35;10;10279072404;S
20240506;100942;50.34;460;10279072405;S
20240506;100942;50.34;1000;10279072406;S
20240506;100942;50.33;10;10279072407;S
20240506;100942;50.32;6650;10279072408;S
20240506;100944;50.32;80;10279072833;S
20240506;100944;50.32;20;10279072834;S
20240506;100945;50.35;240;10279072971;B
20240506;100955;50.35;1000;10279075206;B
20240506;100958;50.36;10;10279075832;B
20240506;100959;50.36;700;10279075964;B
20240506;101001;50.35;20;10279076366;S
20240506;101002;50.37;10;10279076599;B
20240506;101008;50.35;30;10279077689;S
20240506;101008;50.35;10;10279077695;S
20240506;101008;50.37;190;10279077745;B
20240506;101013;50.37;20;10279078611;B
20240506;101016;50.37;20;10279079150;B
20240506;101020;50.36;10;10279079750;B
20240506;101025;50.36;30;10279080630;B
20240506;101025;50.37;220;10279080648;B
20240506;101025;50.38;410;10279080649;B
20240506;101025;50.38;840;10279080650;B
20240506;101026;50.38;10;10279081056;B
20240506;101029;50.39;30;10279081578;B
20240506;101030;50.39;40;10279081927;B
20240506;101031;50.36;20;10279082083;S
20240506;101031;50.36;10;10279082134;S
20240506;101035;50.39;10;10279083043;B
20240506;101036;50.39;10;10279083291;B
20240506;101047;50.36;20;10279085381;S
20240506;101052;50.37;10;10279086383;B
20240506;101055;50.37;20;10279086717;B
20240506;101055;50.37;10;10279086734;B
20240506;101055;50.37;10;10279086750;B
20240506;101056;50.36;500;10279086845;S
20240506;101056;50.37;160;10279086853;B
20240506;101101;50.37;10;10279087797;B
20240506;101101;50.37;20;10279087843;B
20240506;101102;50.36;80;10279087964;S
20240506;101102;50.36;100;10279087994;S
20240506;101104;50.37;70;10279088148;B
20240506;101104;50.37;470;10279088149;B
20240506;101104;50.37;460;10279088150;B
20240506;101104;50.37;50;10279088151;B
20240506;101104;50.37;10;10279088152;B
20240506;101104;50.38;440;10279088153;B
20240506;101104;50.38;1000;10279088154;B
20240506;101104;50.37;100;10279088243;S
20240506;101105;50.38;10;10279088352;B
20240506;101108;50.38;30;10279088713;B
20240506;101115;50.37;20;10279090014;S
20240506;101117;50.37;10;10279090396;S
20240506;101120;50.38;10;10279090972;B
20240506;101120;50.37;50;10279090991;S
20240506;101122;50.38;10;10279091293;B
20240506;101123;50.37;120;10279091385;S
20240506;101123;50.37;100;10279091386;S
20240506;101123;50.37;100;10279091387;S
20240506;101123;50.36;1000;10279091388;S
20240506;101123;50.36;470;10279091389;S
20240506;101123;50.35;210;10279091390;S
20240506;101130;50.35;50;10279092806;S
20240506;101132;50.35;1680;10279093004;S
20240506;101132;50.35;100;10279093005;S
20240506;101136;50.35;20;10279093779;B
20240506;101138;50.35;50;10279093950;B
20240506;101142;50.34;100;10279094629;S
20240506;101149;50.34;80;10279095933;B
20240506;101149;50.33;20;10279095934;S
20240506;101149;50.32;20;10279095935;S
20240506;101149;50.32;470;10279095936;S
20240506;101149;50.32;100;10279095997;B
20240506;101151;50.31;120;10279096357;S
20240506;101155;50.32;200;10279096934;B
20240506;101158;50.32;50;10279097323;B
20240506;101202;50.32;70;10279098191;B
20240506;101206;50.31;500;10279099058;S
20240506;101207;50.32;2000;10279099233;B
20240506;101209;50.31;10;10279099579;S
20240506;101210;50.32;50;10279099636;B
20240506;101212;50.31;370;10279099967;S
20240506;101212;50.31;1000;10279099968;S
20240506;101212;50.31;10;10279099969;S
20240506;101213;50.3;20;10279100108;S
20240506;101222;50.3;280;10279101511;S
20240506;101222;50.3;360;10279101512;S
20240506;101223;50.31;120;10279101816;B
20240506;101223;50.31;880;10279101817;B
20240506;101226;50.3;500;10279102433;S
20240506;101229;50.3;50;10279102850;S
20240506;101230;50.31;40;10279103144;B
20240506;101234;50.3;500;10279103886;S
20240506;101235;50.3;20;10279104058;S
20240506;101239;50.3;10;10279104585;S
20240506;101239;50.3;50;10279104674;S
20240506;101241;50.3;9640;10279104980;S
20240506;101241;50.3;10;10279104981;S
20240506;101241;50.3;1000;10279104982;S
20240506;101241;50.3;2000;10279104983;S
20240506;101241;50.3;580;10279104984;S
20240506;101242;50.3;10;10279105257;B
20240506;101247;50.3;10;10279105940;B
20240506;101247;50.29;10;10279106067;S
20240506;101249;50.3;10;10279106300;B
20240506;101255;50.3;190;10279107238;B
20240506;101256;50.29;90;10279107324;S
20240506;101258;50.3;10;10279107611;B
20240506;101258;50.29;50;10279107612;S
20240506;101259;50.29;50;10279107758;S
20240506;101259;50.28;80;10279107759;S
20240506;101259;50.28;580;10279107760;S
20240506;101259;50.27;7150;10279107761;S
20240506;101259;50.26;460;10279107762;S
20240506;101259;50.26;1000;10279107763;S
20240506;101259;50.25;10;10279107764;S
20240506;101259;50.25;10;10279107765;S
20240506;101259;50.25;100;10279107766;S
20240506;101259;50.25;10;10279107767;S
20240506;101259;50.25;800;10279107768;S
20240506;101259;50.25;20;10279107769;S
20240506;101259;50.25;600;10279107770;S
20240506;101259;50.25;2000;10279107771;S
20240506;101259;50.25;3100;10279107772;B
20240506;101259;50.25;1900;10279107773;B
20240506;101259;50.25;8530;10279107774;B
20240506;101259;50.25;40;10279107775;B
20240506;101259;50.24;100;10279107777;S
20240506;101259;50.25;320;10279107780;B
20240506;101300;50.24;150;10279107854;S
20240506;101303;50.24;10;10279108472;S
20240506;101304;50.25;600;10279108588;B
20240506;101310;50.24;1000;10279110002;S
20240506;101310;50.24;1000;10279110008;S
20240506;101316;50.25;20;10279111168;B
20240506;101316;50.24;250;10279111201;S
20240506;101317;50.25;20;10279111341;B
20240506;101321;50.24;100;10279111947;S
20240506;101321;50.25;20;10279112026;B
20240506;101322;50.24;180;10279112158;S
20240506;101323;50.25;5000;10279112310;B
20240506;101324;50.24;300;10279112402;S
20240506;101335;50.25;500;10279114270;B
20240506;101335;50.25;20;10279114360;B
20240506;101338;50.24;20;10279114643;S
20240506;101344;50.26;10;10279115477;B
20240506;101346;50.26;100;10279115675;S
20240506;101346;50.26;30;10279115866;S
20240506;101349;50.29;20;10279116349;B
20240506;101349;50.29;70;10279116350;B
20240506;101349;50.3;30;10279116351;B
20240506;101351;50.3;10;10279116853;B
20240506;101359;50.27;10;10279118034;S
20240506;101359;50.27;10;10279118072;S
20240506;101402;50.27;60;10279118521;S
20240506;101404;50.28;10;10279118791;B
20240506;101404;50.29;90;10279118792;B
20240506;101415;50.29;20;10279120585;B
20240506;101419;50.27;20;10279121022;S
20240506;101421;50.29;90;10279121384;B
20240506;101421;50.29;50;10279121385;B
20240506;101421;50.3;280;10279121386;B
20240506;101421;50.3;6930;10279121387;B
20240506;101424;50.28;500;10279121885;S
20240506;101428;50.3;30;10279122472;B
20240506;101429;50.3;500;10279122629;B
20240506;101431;50.29;420;10279122908;S
20240506;101433;50.3;20;10279123112;B
20240506;101434;50.29;50;10279123267;S
20240506;101439;50.29;40;10279123916;S
20240506;101449;50.3;10;10279125370;B
20240506;101449;50.29;20;10279125405;S
20240506;101450;50.29;280;10279125510;S
20240506;101451;50.29;10;10279125765;S
20240506;101452;50.29;10;10279125987;S
20240506;101456;50.3;50;10279126519;B
20240506;101459;50.29;170;10279127216;S
20240506;101459;50.28;720;10279127217;S
20240506;101459;50.27;1140;10279127218;S
20240506;101500;50.28;1400;10279127236;S
20240506;101500;50.27;1000;10279127237;S
20240506;101500;50.27;500;10279127238;S
20240506;101500;50.27;720;10279127239;S
20240506;101500;50.26;370;10279127240;S
20240506;101500;50.26;990;10279127260;S
20240506;101500;50.25;150;10279127279;S
20240506;101500;50.25;310;10279127281;S
20240506;101500;50.25;1500;10279127285;S
20240506;101501;50.25;1500;10279127505;S
20240506;101501;50.25;1500;10279127506;S
20240506;101501;50.25;90;10279127612;S
20240506;101501;50.25;50;10279127700;S
20240506;101502;50.25;50;10279127872;S
20240506;101502;50.25;50;10279127954;S
20240506;101502;50.25;40;10279128103;S
20240506;101502;50.26;10;10279128156;B
20240506;101503;50.25;270;10279128181;S
20240506;101503;50.25;50;10279128201;S
20240506;101503;50.25;1500;10279128214;S
20240506;101503;50.25;60;10279128216;S
20240506;101503;50.25;40;10279128217;S
20240506;101503;50.25;50;10279128218;S
20240506;101503;50.25;430;10279128219;S
20240506;101503;50.25;1500;10279128402;S
20240506;101503;50.25;1500;10279128403;S
20240506;101504;50.25;50;10279128458;S
20240506;101504;50.25;70;10279128676;S
20240506;101504;50.25;1500;10279128677;S
20240506;101504;50.25;440;10279128678;S
20240506;101505;50.24;10;10279129143;S
20240506;101505;50.26;10;10279129183;B
20240506;101505;50.24;1500;10279129225;S
20240506;101505;50.24;50;10279129276;S
20240506;101511;50.24;70;10279131052;S
20240506;101511;50.24;1310;10279131297;S
20240506;101514;50.24;10;10279132010;S
20240506;101514;50.24;30;10279132100;S
20240506;101521;50.24;100;10279133641;S
20240506;101524;50.26;10;10279134450;B
20240506;101529;50.25;10;10279135796;S
20240506;101531;50.25;10;10279136113;S
20240506;101531;50.25;10;10279136224;S
20240506;101531;50.26;100;10279136271;B
20240506;101532;50.26;10;10279136445;B
20240506;101533;50.26;30;10279136555;B
20240506;101536;50.26;60;10279137412;B
20240506;101536;50.25;20;10279137579;S
20240506;101537;50.25;70;10279137703;S
20240506;101537;50.26;10;10279137768;B
20240506;101538;50.25;10;10279137897;S
20240506;101539;50.26;20;10279138334;B
20240506;101540;50.25;10;10279138619;S
20240506;101540;50.25;140;10279138633;S
20240506;101541;50.26;10;10279138763;B
20240506;101545;50.26;50;10279139637;B
20240506;101547;50.26;130;10279139893;B
20240506;101547;50.27;70;10279139894;B
20240506;101557;50.26;30;10279142035;S
20240506;101557;50.26;20;10279142150;S
20240506;101557;50.26;10;10279142151;S
20240506;101559;50.25;220;10279142406;S
20240506;101559;50.25;280;10279142407;S
20240506;101600;50.27;110;10279142885;B
20240506;101600;50.27;1400;10279142886;B
20240506;101600;50.28;460;10279142887;B
20240506;101600;50.28;30;10279142888;B
20240506;101610;50.26;1400;10279145003;S
20240506;101610;50.25;720;10279145004;S
20240506;101610;50.25;1340;10279145005;S
20240506;101610;50.25;210;10279145006;S
20240506;101610;50.25;740;10279145007;S
20240506;101610;50.25;20;10279145008;S
20240506;101610;50.24;570;10279145009;S
20240506;101619;50.28;10;10279146782;B
20240506;101633;50.28;10;10279149867;B
20240506;101634;50.29;460;10279149920;B
20240506;101634;50.29;2490;10279149921;B
20240506;101634;50.29;2650;10279149922;B
20240506;101634;50.29;760;10279149923;B
20240506;101634;50.3;6380;10279149924;B
20240506;101634;50.3;10;10279149925;B
20240506;101634;50.3;20;10279149926;B
20240506;101634;50.3;1000;10279149927;B
20240506;101634;50.31;10;10279149928;B
20240506;101634;50.31;1610;10279149929;B
20240506;101634;50.31;9000;10279149930;B
20240506;101634;50.31;1400;10279149931;B
20240506;101634;50.31;300;10279149932;S
20240506;101635;50.32;50;10279150144;B
20240506;101636;50.32;10;10279150404;B
20240506;101638;50.31;10;10279151029;S
20240506;101640;50.31;10;10279151272;S
20240506;101640;50.32;100;10279151289;B
20240506;101641;50.32;10;10279151476;B
20240506;101641;50.32;110;10279151572;B
20240506;101645;50.31;10;10279152285;S
20240506;101647;50.31;20;10279152618;S
20240506;101649;50.32;10;10279152896;B
20240506;101649;50.31;10;10279152928;S
20240506;101652;50.31;10;10279153441;S
20240506;101652;50.31;10;10279153472;S
20240506;101653;50.31;200;10279153676;S
20240506;101655;50.32;10;10279154040;B
20240506;101655;50.31;10;10279154060;S
20240506;101655;50.32;60;10279154071;B
20240506;101656;50.31;50;10279154230;S
20240506;101656;50.32;200;10279154247;B
20240506;101659;50.31;10;10279154751;S
20240506;101659;50.31;10;10279154895;S
20240506;101701;50.32;10;10279155194;B
20240506;101702;50.32;60;10279155349;B
20240506;101702;50.31;10;10279155450;S
20240506;101703;50.32;10;10279155581;B
20240506;101708;50.31;15000;10279156443;S
20240506;101710;50.32;10;10279156905;B
20240506;101711;50.32;10;10279157153;B
20240506;101711;50.31;8540;10279157235;S
20240506;101712;50.3;20;10279157321;B
20240506;101712;50.29;540;10279157391;S
20240506;101712;50.29;190;10279157525;S
20240506;101714;50.27;540;10279157921;S
20240506;101715;50.27;10;10279158028;S
20240506;101715;50.27;10;10279158134;S
20240506;101715;50.27;10;10279158179;S
20240506;101715;50.28;10;10279158204;B
20240506;101722;50.27;2670;10279159515;B
20240506;101722;50.27;790;10279159516;B
20240506;101722;50.28;80;10279159517;B
20240506;101722;50.29;460;10279159518;B
20240506;101727;50.25;10;10279160522;S
20240506;101728;50.29;60;10279160679;B
20240506;101732;50.29;10;10279161212;B
20240506;101735;50.25;10;10279161764;S
20240506;101740;50.29;10;10279162328;B
20240506;101740;50.29;10;10279162330;B
20240506;101747;50.29;10;10279163822;B
20240506;101749;50.25;230;10279164092;S
20240506;101754;50.29;10;10279164831;B
20240506;101754;50.29;10;10279164987;B
20240506;101758;50.29;40;10279165603;B
20240506;101802;50.26;10;10279166279;S
20240506;101807;50.26;20;10279167852;S
20240506;101810;50.27;10;10279168458;B
20240506;101810;50.28;40;10279168459;B
20240506;101813;50.29;30;10279168919;B
20240506;101822;50.26;100;10279170584;S
20240506;101827;50.26;20;10279171245;S
20240506;101831;50.26;40;10279172188;S
20240506;101833;50.29;20;10279172492;B
20240506;101833;50.29;30;10279172493;B
20240506;101836;50.3;50;10279173207;B
20240506;101840;50.3;30;10279173959;B
20240506;101840;50.31;60;10279173960;B
20240506;101841;50.29;160;10279174146;B
20240506;101844;50.28;20;10279174922;S
20240506;101846;50.29;340;10279175224;B
20240506;101854;50.27;3200;10279177371;B
20240506;101854;50.27;10;10279177418;B
20240506;101900;50.27;10;10279178450;B
20240506;101900;50.27;90;10279178464;B
20240506;101903;50.27;10;10279179158;B
20240506;101904;50.26;70;10279179314;S
20240506;101904;50.27;36680;10279179425;B
20240506;101904;50.27;760;10279179426;B
20240506;101904;50.27;2580;10279179427;B
20240506;101905;50.28;1400;10279179572;S
20240506;101905;50.28;2590;10279179573;S
20240506;101905;50.28;780;10279179574;S
20240506;101905;50.27;6630;10279179575;S
20240506;101913;50.32;10;10279180958;B
20240506;101919;50.28;1400;10279182036;S
20240506;101919;50.28;2590;10279182037;S
20240506;101919;50.27;3350;10279182038;S
20240506;101919;50.27;1000;10279182039;S
20240506;101919;50.27;460;10279182040;S
20240506;101919;50.27;780;10279182041;S
20240506;101919;50.26;100;10279182042;S
20240506;101919;50.26;3270;10279182043;S
20240506;101920;50.28;240;10279182318;S
20240506;101920;50.28;20;10279182345;S
20240506;101924;50.3;10;10279183251;B
20240506;101927;50.27;10;10279183888;S
20240506;101927;50.3;30;10279184030;B
20240506;101927;50.3;170;10279184031;B
20240506;101934;50.27;40;10279185615;S
20240506;101934;50.29;10;10279185627;B
20240506;101936;50.29;10;10279186021;B
20240506;101936;50.3;10;10279186031;B
20240506;101938;50.29;20;10279186567;B
20240506;101939;50.27;10;10279186664;S
20240506;101941;50.27;750;10279187013;S
20240506;101942;50.29;10;10279187266;B
20240506;101946;50.29;20;10279187952;B
20240506;101947;50.27;400;10279188029;S
20240506;101953;50.27;200;10279189487;S
20240506;101954;50.27;10;10279189633;S
20240506;101959;50.29;10;10279190527;B
20240506;102003;50.27;10;10279191291;S
20240506;102011;50.27;10;10279193101;S
20240506;102012;50.27;5000;10279193315;S
20240506;102013;50.29;10;10279193752;B
20240506;102014;50.27;10;10279193890;S
20240506;102017;50.27;10;10279194628;S
20240506;102018;50.29;20;10279194992;B
20240506;102022;50.29;200;10279196753;B
20240506;102022;50.27;10;10279196864;S
20240506;102023;50.27;10;10279197002;S
20240506;102023;50.27;90;10279197077;S
20240506;102024;50.27;20;10279198282;S
20240506;102025;50.29;20;10279198543;B
20240506;102025;50.27;130;10279198625;S
20240506;102027;50.28;10;10279198976;B
20240506;102027;50.28;110;10279198981;B
20240506;102027;50.29;890;10279198982;B
20240506;102028;50.27;2120;10279199224;S
20240506;102028;50.27;5000;10279199313;S
20240506;102028;50.27;50;10279199363;S
20240506;102030;50.29;540;10279200539;B
20240506;102030;50.29;10;10279200540;B
20240506;102030;50.29;10;10279200541;B
20240506;102030;50.29;880;10279200542;B
20240506;102030;50.29;560;10279200543;B
20240506;102032;50.29;500;10279202065;B
20240506;102036;50.29;10;10279203639;S
20240506;102037;50.3;10;10279203838;B
20240506;102037;50.29;10;10279203898;S
20240506;102037;50.28;30;10279203899;S
20240506;102041;50.3;530;10279205808;B
20240506;102041;50.3;470;10279205809;B
20240506;102046;50.29;10;10279207861;S
20240506;102046;50.29;10;10279207901;S
20240506;102046;50.29;10;10279207988;S
20240506;102046;50.28;10;10279207989;S
20240506;102048;50.31;10;10279209320;B
20240506;102052;50.28;10;10279211141;S
20240506;102054;50.29;10;10279212110;B
20240506;102054;50.3;20;10279212111;B
20240506;102055;50.3;20;10279212483;B
20240506;102057;50.29;10;10279213944;B
20240506;102103;50.28;250;10279216698;S
20240506;102103;50.28;10;10279216699;S
20240506;102106;50.27;40;10279217455;S
20240506;102108;50.27;130;10279218055;S
20240506;102111;50.28;10;10279219922;B
20240506;102116;50.27;10;10279221478;S
20240506;102118;50.28;10;10279222308;B
20240506;102119;50.28;30;10279222364;B
20240506;102121;50.27;10;10279223263;S
20240506;102121;50.28;100;10279223491;B
20240506;102123;50.28;20;10279224402;B
20240506;102123;50.28;130;10279224659;B
20240506;102124;50.27;20;10279224868;S
20240506;102124;50.27;40;10279224898;S
20240506;102126;50.28;10;10279225608;B
20240506;102127;50.27;10;10279225756;S
20240506;102128;50.27;10;10279226517;S
20240506;102128;50.27;100;10279226881;S
20240506;102129;50.28;100;10279227108;B
20240506;102130;50.28;90;10279227354;B
20240506;102131;50.27;550;10279227574;S
20240506;102133;50.28;100;10279227819;B
20240506;102133;50.28;150;10279228136;B
20240506;102135;50.27;20;10279228572;S
20240506;102138;50.28;40;10279230563;B
20240506;102139;50.28;20;10279230662;B
20240506;102139;50.28;20;10279230703;B
20240506;102139;50.28;100;10279231009;B
20240506;102140;50.28;10;10279231038;B
20240506;102140;50.28;10;10279231103;B
20240506;102140;50.27;2020;10279231127;S
20240506;102141;50.28;10;10279231219;B
20240506;102141;50.28;80;10279231226;B
20240506;102141;50.28;210;10279231311;B
20240506;102144;50.28;30;10279232726;B
20240506;102144;50.27;120;10279232820;S
20240506;102145;50.28;10;10279232972;B
20240506;102150;50.28;20;10279234061;B
20240506;102150;50.28;30;10279234089;B
20240506;102151;50.28;40;10279234202;B
20240506;102151;50.28;200;10279234251;B
20240506;102155;50.28;10;10279235591;B
20240506;102156;50.28;100;10279236844;B
20240506;102158;50.28;20;10279237190;B
20240506;102200;50.28;10;10279237585;B
20240506;102201;50.28;20;10279238505;B
20240506;102201;50.28;80;10279238599;B
20240506;102204;50.27;30;10279239088;S
20240506;102208;50.28;10;10279239624;B
20240506;102210;50.28;10;10279240824;B
20240506;102210;50.28;10;10279241764;B
20240506;102210;50.27;160;10279241917;S
20240506;102211;50.28;10;10279241990;B
20240506;102211;50.28;10;10279242011;B
20240506;102211;50.28;10;10279242100;B
20240506;102211;50.28;10;10279242151;B
20240506;102211;50.28;20;10279242198;B
20240506;102212;50.28;20;10279242347;B
20240506;102212;50.28;10;10279242350;B
20240506;102212;50.28;100;10279242364;B
20240506;102215;50.28;10;10279243712;B
20240506;102215;50.28;70;10279243764;B
20240506;102218;50.28;10;10279244141;B
20240506;102218;50.28;10;10279244257;B
20240506;102218;50.28;10;10279244266;B
20240506;102218;50.28;20;10279244299;B
20240506;102219;50.28;10;10279244336;B
20240506;102220;50.28;20;10279244548;B
20240506;102221;50.28;10;10279245804;B
20240506;102223;50.28;20;10279246027;B
20240506;102223;50.28;80;10279246119;B
20240506;102224;50.28;80;10279246252;B
20240506;102225;50.28;10;10279246309;B
20240506;102226;50.28;20;10279247476;B
20240506;102227;50.28;30;10279247628;B
20240506;102227;50.28;20;10279247759;B
20240506;102228;50.28;10;10279247856;B
20240506;102228;50.27;10;10279247883;S
20240506;102230;50.28;10;10279248146;B
20240506;102232;50.28;20;10279248410;B
20240506;102232;50.28;10;10279248434;B
20240506;102233;50.28;10;10279249515;B
20240506;102233;50.28;260;10279249520;B
20240506;102233;50.28;40;10279249521;B
20240506;102234;50.28;20;10279249748;B
20240506;102237;50.28;40;10279251373;B
20240506;102238;50.28;10;10279251435;B
20240506;102241;50.3;10;10279252358;B
20240506;102246;50.28;800;10279254512;S
20240506;102250;50.3;500;10279256229;B
20240506;102308;50.3;10;10279262855;B
20240506;102309;50.28;300;10279263016;S
20240506;102309;50.28;170;10279263063;S
20240506;102309;50.27;540;10279263206;S
20240506;102309;50.27;50;10279263347;S
20240506;102309;50.27;540;10279263482;S
20240506;102310;50.27;10;10279263797;S
20240506;102312;50.29;10;10279264571;B
20240506;102318;50.29;30;10279266515;B
20240506;102320;50.29;10;10279267050;B
20240506;102321;50.29;10;10279267092;B
20240506;102323;50.29;1380;10279268263;B
20240506;102323;50.29;540;10279268264;B
20240506;102323;50.29;990;10279268265;B
20240506;102323;50.3;480;10279268266;B
20240506;102323;50.3;3300;10279268267;B
20240506;102323;50.3;600;10279268268;B
20240506;102323;50.3;50;10279268332;S
20240506;102325;50.31;100;10279269234;B
20240506;102326;50.31;10;10279269491;B
20240506;102326;50.31;10;10279269492;B
20240506;102327;50.31;10;10279269796;B
20240506;102327;50.31;10;10279269828;B
20240506;102330;50.32;10;10279270890;B
20240506;102333;50.32;100;10279272162;B
20240506;102338;50.3;30;10279273540;S
20240506;102338;50.3;10;10279273549;S
20240506;102339;50.3;20;10279273687;S
20240506;102340;50.31;50;10279273944;B
20240506;102340;50.31;50;10279273945;B
20240506;102344;50.29;50;10279275968;B
20240506;102346;50.29;1000;10279276264;B
20240506;102350;50.28;10;10279277014;S
20240506;102350;50.28;10;10279277015;S
20240506;102350;50.28;10;10279277016;S
20240506;102350;50.28;10;10279277017;S
20240506;102350;50.29;40;10279277052;B
20240506;102350;50.3;10;10279277109;B
20240506;102400;50.3;120;10279279871;B
20240506;102402;50.29;10;10279281086;S
20240506;102407;50.29;40;10279282816;S
20240506;102409;50.3;60;10279283108;B
20240506;102410;50.29;10;10279283222;S
20240506;102412;50.3;10;10279283912;B
20240506;102413;50.3;30;10279284600;B
20240506;102414;50.31;340;10279285719;B
20240506;102416;50.31;10;10279285979;B
20240506;102425;50.31;10;10279289111;B
20240506;102428;50.31;160;10279289750;B
20240506;102429;50.31;10;10279290272;B
20240506;102431;50.31;50;10279291127;S
20240506;102431;50.3;50;10279291128;S
20240506;102431;50.3;2800;10279291129;S
20240506;102431;50.3;7200;10279291131;S
20240506;102431;50.29;1940;10279291132;S
20240506;102431;50.29;780;10279291133;S
20240506;102431;50.29;80;10279291134;S
20240506;102438;50.3;10;10279293483;B
20240506;102443;50.3;100;10279294826;B
20240506;102443;50.31;200;10279294827;B
20240506;102443;50.31;10;10279294831;B
20240506;102445;50.31;10;10279295364;B
20240506;102446;50.31;20;10279295445;B
20240506;102446;50.28;10;10279295545;S
20240506;102446;50.28;10;10279295546;S
20240506;102446;50.28;10;10279295547;S
20240506;102450;50.3;100;10279296791;B
20240506;102451;50.3;520;10279296905;B
20240506;102451;50.3;960;10279296906;B
20240506;102451;50.31;2590;10279296907;B
20240506;102451;50.31;2310;10279296908;B
20240506;102451;50.31;20;10279296909;B
20240506;102451;50.32;2600;10279296910;B
20240506;102452;50.28;10;10279297056;S
20240506;102454;50.28;10;10279298309;S
20240506;102455;50.31;20;10279298486;B
20240506;102458;50.28;10;10279300249;S
20240506;102458;50.28;10;10279300250;S
20240506;102458;50.28;10;10279300251;S
20240506;102458;50.28;10;10279300252;S
20240506;102458;50.28;10;10279300253;S
20240506;102458;50.28;10;10279300254;S
20240506;102458;50.28;10;10279300255;S
20240506;102458;50.28;10;10279300256;S
20240506;102459;50.3;10;10279300383;S
20240506;102500;50.28;10;10279300873;S
20240506;102508;50.28;10;10279302671;S
20240506;102508;50.28;10;10279302672;S
20240506;102508;50.28;10;10279302673;S
20240506;102508;50.28;10;10279302674;S
20240506;102508;50.28;10;10279302675;S
20240506;102510;50.31;10;10279303679;B
20240506;102512;50.32;30;10279304034;B
20240506;102512;50.28;20;10279304165;S
20240506;102512;50.31;10;10279304179;B
20240506;102517;50.31;20;10279306833;B
20240506;102525;50.32;20;10279309800;B
20240506;102527;50.28;10;10279310075;S
20240506;102527;50.28;460;10279310145;S
20240506;102527;50.28;10;10279310146;S
20240506;102527;50.28;10;10279310147;S
20240506;102527;50.28;10;10279310148;S
20240506;102527;50.28;10;10279310149;S
20240506;102527;50.27;1000;10279310150;S
20240506;102530;50.3;10;10279311032;B
20240506;102533;50.3;20;10279311884;B
20240506;102534;50.3;20;10279312499;B
20240506;102534;50.3;20;10279312540;B
20240506;102534;50.3;20;10279312544;B
20240506;102540;50.29;2000;10279313404;S
20240506;102544;50.28;10;10279313880;S
20240506;102544;50.28;10;10279313881;S
20240506;102544;50.3;10;10279314712;B
20240506;102548;50.3;20;10279316535;B
20240506;102553;50.3;20;10279317563;B
20240506;102554;50.28;10;10279317671;S
20240506;102554;50.28;10;10279317672;S
20240506;102554;50.27;80;10279317673;S
20240506;102555;50.3;50;10279317757;B
20240506;102555;50.3;150;10279317758;B
20240506;102555;50.3;40;10279318834;B
20240506;102558;50.3;110;10279319064;B
20240506;102559;50.3;10;10279319204;B
20240506;102559;50.3;10;10279320128;B
20240506;102600;50.3;50;10279320194;B
20240506;102600;50.3;70;10279320271;B
20240506;102601;50.3;10;10279321171;B
20240506;102602;50.3;80;10279321388;B
20240506;102602;50.3;100;10279321395;B
20240506;102602;50.3;20;10279321428;B
20240506;102602;50.3;20;10279321442;B
20240506;102602;50.3;10;10279321492;B
20240506;102602;50.3;20;10279321493;B
20240506;102602;50.3;10;10279321529;B
20240506;102603;50.3;220;10279321739;B
20240506;102603;50.3;20;10279321740;B
20240506;102605;50.3;30;10279322041;B
20240506;102605;50.3;20;10279322096;B
20240506;102607;50.3;10;10279322359;B
20240506;102607;50.3;30;10279322377;B
20240506;102607;50.3;20;10279322386;B
20240506;102610;50.3;30;10279322976;B
20240506;102611;50.29;20;10279323723;S
20240506;102611;50.29;50;10279323724;S
20240506;102611;50.29;500;10279323725;S
20240506;102611;50.29;930;10279323726;S
20240506;102611;50.28;10;10279323727;S
20240506;102611;50.28;1400;10279323728;S
20240506;102611;50.28;950;10279323729;S
20240506;102611;50.27;4140;10279323730;S
20240506;102616;50.3;30;10279325409;B
20240506;102616;50.3;20;10279325410;B
20240506;102618;50.28;10;10279326547;S
20240506;102618;50.27;30;10279326548;S
20240506;102622;50.3;20;10279327853;B
20240506;102622;50.3;20;10279327854;B
20240506;102622;50.3;80;10279327855;B
20240506;102622;50.3;580;10279327856;B
20240506;102623;50.28;10;10279328271;S
20240506;102623;50.27;340;10279328272;S
20240506;102629;50.3;1980;10279330993;B
20240506;102629;50.3;570;10279330994;B
20240506;102629;50.3;930;10279330995;B
20240506;102629;50.31;1990;10279330996;B
20240506;102629;50.31;540;10279330997;B
20240506;102629;50.31;20;10279330998;B
20240506;102629;50.32;570;10279330999;B
20240506;102629;50.32;10;10279331000;B
20240506;102629;50.32;100;10279331001;B
20240506;102629;50.32;450;10279331002;B
20240506;102629;50.32;1070;10279331003;B
20240506;102629;50.33;1770;10279331004;B
20240506;102633;50.3;10;10279331966;B
20240506;102638;50.28;10;10279333915;S
20240506;102639;50.3;10;10279334025;B
20240506;102643;50.3;20;10279334778;B
20240506;102649;50.28;20;10279336875;S
20240506;102650;50.28;10;10279337295;S
20240506;102656;50.28;200;10279340010;S
20240506;102656;50.28;70;10279340011;S
20240506;102656;50.28;10;10279340012;S
20240506;102656;50.27;720;10279340013;S
20240506;102703;50.3;960;10279341396;B
20240506;102703;50.3;140;10279341397;B
20240506;102703;50.3;50;10279341398;B
20240506;102703;50.3;40;10279341399;B
20240506;102703;50.3;40;10279341400;B
20240506;102703;50.3;40;10279341401;B
20240506;102703;50.3;40;10279341402;B
20240506;102703;50.3;40;10279341403;B
20240506;102703;50.31;10;10279341404;B
20240506;102703;50.31;10;10279341405;B
20240506;102703;50.31;900;10279341406;B
20240506;102703;50.32;1400;10279341407;B
20240506;102703;50.32;2590;10279341408;B
20240506;102703;50.33;3740;10279341409;B
20240506;102708;50.28;40;10279343144;S
20240506;102710;50.32;10;10279343302;B
20240506;102710;50.32;40;10279343303;B
20240506;102710;50.33;10;10279343304;B
20240506;102723;50.31;40;10279347482;B
20240506;102725;50.3;10;10279347769;S
20240506;102727;50.31;40;10279348007;B
20240506;102727;50.31;20;10279348044;B
20240506;102727;50.31;10;10279348045;B
20240506;102727;50.31;30;10279348069;B
20240506;102727;50.31;30;10279348078;B
20240506;102728;50.31;20;10279348131;B
20240506;102729;50.31;10;10279348327;B
20240506;102729;50.31;30;10279348416;B
20240506;102730;50.31;40;10279348474;B
20240506;102730;50.31;10;10279348475;B
20240506;102731;50.31;30;10279348711;B
20240506;102732;50.33;10;10279348824;B
20240506;102732;50.33;160;10279348866;B
20240506;102741;50.32;60;10279349857;S
20240506;102746;50.34;20;10279350679;B
20240506;102746;50.34;60;10279350680;B
20240506;102746;50.34;420;10279350681;B
20240506;102749;50.34;10;10279351307;B
20240506;102752;50.32;120;10279351923;S
20240506;102753;50.32;470;10279352070;S
20240506;102755;50.33;30;10279352398;S
20240506;102755;50.32;320;10279352399;S
20240506;102755;50.32;880;10279352400;S
20240506;102758;50.32;1000;10279352863;B
20240506;102759;50.32;1770;10279352976;B
20240506;102759;50.32;180;10279352977;B
20240506;102759;50.33;880;10279352978;B
20240506;102759;50.34;1180;10279352979;B
20240506;102759;50.34;10;10279352980;B
20240506;102759;50.34;20;10279352981;B
20240506;102759;50.34;20;10279352982;B
20240506;102759;50.35;3150;10279352983;B
20240506;102759;50.35;10;10279352984;B
20240506;102759;50.35;250;10279352985;B
20240506;102759;50.35;670;10279352986;B
20240506;102759;50.36;7150;10279352987;B
20240506;102759;50.36;320;10279352988;B
20240506;102759;50.36;60;10279352989;B
20240506;102759;50.37;10;10279352990;B
20240506;102759;50.37;5000;10279352991;B
20240506;102759;50.37;500;10279352992;B
20240506;102759;50.37;500;10279352993;B
20240506;102759;50.37;10000;10279352994;B
20240506;102759;50.38;8320;10279352995;B
20240506;102800;50.38;20;10279353131;B
20240506;102800;50.38;10;10279353143;B
20240506;102804;50.38;20;10279353734;B
20240506;102804;50.38;20;10279353846;B
20240506;102805;50.37;250;10279354053;S
20240506;102808;50.38;390;10279354435;B
20240506;102808;50.38;30;10279354587;B
20240506;102809;50.38;1190;10279354755;B
20240506;102809;50.38;20;10279354756;B
20240506;102809;50.38;1610;10279354757;B
20240506;102809;50.38;10;10279354758;B
20240506;102809;50.38;170;10279354759;B
20240506;102809;50.38;870;10279354760;B
20240506;102809;50.38;40;10279354761;B
20240506;102809;50.38;10;10279354762;B
20240506;102809;50.38;10;10279354763;B
20240506;102809;50.39;4110;10279354764;B
20240506;102809;50.39;800;10279354765;B
20240506;102809;50.39;800;10279354766;B
20240506;102809;50.39;120;10279354767;B
20240506;102809;50.4;10;10279354790;B
20240506;102809;50.39;270;10279354817;S
20240506;102810;50.4;10;10279354880;B
20240506;102810;50.4;10;10279354881;B
20240506;102810;50.4;160;10279354882;B
20240506;102810;50.4;7150;10279354883;B
20240506;102810;50.41;100;10279354884;B
20240506;102810;50.41;60;10279354885;B
20240506;102810;50.41;100;10279354886;B
20240506;102810;50.41;870;10279354887;B
20240506;102810;50.42;10;10279354888;B
20240506;102810;50.43;1000;10279354889;B
20240506;102810;50.43;10;10279354890;B
20240506;102810;50.44;20;10279354891;B
20240506;102810;50.44;3000;10279354892;B
20240506;102810;50.44;150;10279354893;B
20240506;102810;50.44;100;10279354894;B
20240506;102810;50.44;50;10279354895;B
20240506;102810;50.44;10;10279354896;B
20240506;102810;50.45;20;10279354897;B
20240506;102810;50.45;50;10279354898;B
20240506;102810;50.45;10;10279354899;B
20240506;102810;50.45;30;10279354900;B
20240506;102810;50.45;50;10279354901;B
20240506;102810;50.46;50;10279354902;B
20240506;102810;50.46;3250;10279354903;B
20240506;102810;50.45;40;10279354931;B
20240506;102812;50.44;400;10279355261;S
20240506;102812;50.45;60;10279355264;B
20240506;102816;50.45;20;10279355712;B
20240506;102816;50.45;2000;10279355749;B
20240506;102819;50.45;10;10279356018;B
20240506;102820;50.45;20;10279356319;B
20240506;102826;50.45;4990;10279356963;B
20240506;102826;50.45;870;10279356964;B
20240506;102826;50.45;20;10279356965;B
20240506;102826;50.47;10;10279357090;B
20240506;102827;50.45;500;10279357275;S
20240506;102831;50.47;10;10279357840;B
20240506;102832;50.46;10;10279358076;B
20240506;102832;50.46;20;10279358121;B
20240506;102836;50.46;200;10279358625;B
20240506;102836;50.47;30;10279358626;B
20240506;102836;50.47;1000;10279358627;B
20240506;102836;50.47;3770;10279358628;B
20240506;102836;50.45;20;10279358704;S
20240506;102838;50.46;10;10279358925;B
20240506;102838;50.47;1000;10279358952;B
20240506;102838;50.47;20;10279358953;B
20240506;102838;50.47;780;10279358954;B
20240506;102841;50.48;30;10279359459;B
20240506;102853;50.47;1000;10279361086;B
20240506;102854;50.47;850;10279361267;B
20240506;102854;50.47;170;10279361268;B
20240506;102854;50.47;480;10279361269;B
20240506;102855;50.48;110;10279361417;B
20240506;102857;50.47;10;10279361657;S
20240506;102857;50.46;50;10279361658;S
20240506;102901;50.46;30;10279362553;B
20240506;102903;50.45;70;10279362950;S
20240506;102903;50.44;1730;10279362951;S
20240506;102907;50.45;10;10279363545;B
20240506;102908;50.45;10;10279363572;B
20240506;102909;50.45;20;10279363691;B
20240506;102909;50.45;10;10279363708;B
20240506;102909;50.44;2870;10279363724;S
20240506;102909;50.4;20;10279363814;S
20240506;102909;50.4;460;10279363815;S
20240506;102909;50.39;840;10279363816;S
20240506;102909;50.38;680;10279363817;S
20240506;102914;50.37;300;10279364576;S
20240506;102922;50.4;10;10279365781;S
20240506;102927;50.39;20;10279366421;B
20240506;102933;50.39;10;10279367135;B
20240506;102934;50.39;10;10279367268;B
20240506;102937;50.35;100;10279367623;S
20240506;102939;50.39;20;10279367890;B
20240506;102939;50.35;30;10279367900;S
20240506;102940;50.39;30;10279368014;B
20240506;102940;50.37;10;10279368046;S
20240506;102944;50.37;100;10279368664;S
20240506;102945;50.39;1310;10279368808;B
20240506;102945;50.39;170;10279368809;B
20240506;102945;50.39;2590;10279368810;B
20240506;102945;50.39;290;10279368811;B
20240506;102945;50.39;50;10279368812;B
20240506;102945;50.39;40;10279368813;B
20240506;102945;50.39;40;10279368814;B
20240506;102945;50.39;830;10279368815;B
20240506;102945;50.39;1000;10279368816;B
20240506;102945;50.39;40;10279368817;B
20240506;102945;50.4;10000;10279368818;B
20240506;102945;50.4;460;10279368819;B
20240506;102946;50.41;10;10279369003;B
20240506;102946;50.41;10;10279369055;B
20240506;102948;50.41;80;10279369258;B
20240506;102948;50.42;20;10279369259;B
20240506;103002;50.44;10;10279371115;B
20240506;103003;50.41;30;10279371300;S
20240506;103003;50.41;10;10279371301;S
20240506;103003;50.41;50;10279371408;S
20240506;103004;50.41;10;10279371453;S
20240506;103008;50.42;20;10279372240;B
20240506;103008;50.42;200;10279372241;B
20240506;103010;50.42;10;10279372480;S
20240506;103011;50.42;30;10279372636;S
20240506;103012;50.42;10;10279372738;S
20240506;103016;50.43;80;10279373374;S
20240506;103021;50.43;50;10279374092;S
20240506;103021;50.44;10;10279374145;B
20240506;103022;50.44;10;10279374239;B
20240506;103022;50.44;2100;10279374259;B
20240506;103022;50.44;20;10279374260;B
20240506;103023;50.44;20;10279374283;S
20240506;103023;50.45;20;10279374354;B
20240506;103023;50.45;80;10279374355;B
20240506;103027;50.44;20;10279374813;S
20240506;103027;50.45;10;10279374835;B
20240506;103029;50.45;20;10279375091;B
20240506;103029;50.45;390;10279375153;B
20240506;103029;50.45;170;10279375154;B
20240506;103033;50.45;10;10279375732;S
20240506;103036;50.45;10;10279376199;S
20240506;103037;50.45;10;10279376330;S
20240506;103038;50.46;10;10279376473;B
20240506;103038;50.46;10;10279376651;B
20240506;103040;50.46;250;10279376884;B
20240506;103042;50.46;230;10279377184;B
20240506;103042;50.46;1000;10279377185;B
20240506;103042;50.48;110;10279377198;B
20240506;103042;50.48;1000;10279377199;B
20240506;103042;50.48;2000;10279377200;B
20240506;103042;50.48;10;10279377201;B
20240506;103042;50.48;10;10279377202;B
20240506;103042;50.48;5000;10279377203;B
20240506;103042;50.48;7130;10279377204;B
20240506;103042;50.49;500;10279377205;B
20240506;103042;50.49;500;10279377206;B
20240506;103042;50.49;500;10279377207;B
20240506;103042;50.49;500;10279377208;B
20240506;103042;50.49;30;10279377209;B
20240506;103042;50.5;50;10279377210;B
20240506;103042;50.5;8850;10279377211;B
20240506;103043;50.49;10;10279377372;B
20240506;103043;50.49;690;10279377373;B
20240506;103043;50.5;1100;10279377374;B
20240506;103043;50.5;10;10279377375;B
20240506;103043;50.5;10;10279377376;B
20240506;103043;50.5;430;10279377377;B
20240506;103043;50.5;500;10279377378;B
20240506;103043;50.5;50;10279377379;B
20240506;103043;50.5;20;10279377380;B
20240506;103043;50.5;30;10279377381;B
20240506;103043;50.5;100;10279377382;B
20240506;103043;50.5;1000;10279377383;B
20240506;103043;50.5;500;10279377384;S
20240506;103044;50.5;10;10279377556;S
20240506;103045;50.5;500;10279377565;S
20240506;103045;50.5;50;10279377607;S
20240506;103048;50.51;10;10279378002;B
20240506;103048;50.51;10;10279378003;B
20240506;103048;50.51;10;10279378017;B
20240506;103049;50.51;200;10279378082;B
20240506;103049;50.51;10;10279378120;B
20240506;103051;50.51;10;10279378412;B
20240506;103052;50.51;10;10279378536;B
20240506;103053;50.51;10;10279378756;B
20240506;103054;50.51;40;10279378812;B
20240506;103054;50.51;100;10279378813;B
20240506;103054;50.51;100;10279378814;B
20240506;103054;50.51;100;10279378815;B
20240506;103054;50.51;10;10279378816;B
20240506;103054;50.51;500;10279378817;B
20240506;103054;50.51;870;10279378818;B
20240506;103056;50.5;20;10279379143;S
20240506;103056;50.51;10;10279379177;B
20240506;103057;50.5;10;10279379347;S
20240506;103058;50.51;50;10279379383;B
20240506;103059;50.5;250;10279379546;S
20240506;103100;50.51;70;10279379699;B
20240506;103100;50.51;30;10279379700;B
20240506;103101;50.5;150;10279379740;S
20240506;103101;50.5;990;10279379882;S
20240506;103101;50.51;130;10279379885;B
20240506;103101;50.51;7120;10279379886;B
20240506;103101;50.51;50;10279379887;B
20240506;103101;50.51;540;10279379888;B
20240506;103101;50.51;40;10279379889;B
20240506;103101;50.51;1000;10279379890;B
20240506;103101;50.51;330;10279379891;B
20240506;103102;50.52;20;10279379964;B
20240506;103102;50.52;11310;10279379965;B
20240506;103102;50.52;7120;10279379966;B
20240506;103102;50.52;1400;10279379967;B
20240506;103102;50.52;1000;10279379968;B
20240506;103102;50.53;10;10279379969;B
20240506;103102;50.54;20;10279379970;B
20240506;103102;50.54;30;10279379971;B
20240506;103102;50.55;20;10279379972;B
20240506;103102;50.55;10;10279379973;B
20240506;103102;50.55;60;10279379974;B
20240506;103102;50.55;150;10279379975;B
20240506;103102;50.55;20;10279379976;B
20240506;103102;50.55;270;10279379977;B
20240506;103102;50.55;30;10279379978;B
20240506;103102;50.55;120;10279379979;B
20240506;103102;50.55;70;10279379980;B
20240506;103102;50.55;1500;10279379981;S
20240506;103102;50.55;1500;10279379982;S
20240506;103102;50.55;1500;10279379983;S
20240506;103102;50.55;100;10279379984;S
20240506;103103;50.55;10;10279380048;S
20240506;103103;50.56;20;10279380049;B
20240506;103103;50.56;200;10279380050;B
20240506;103103;50.56;10;10279380051;B
20240506;103103;50.56;10;10279380052;B
20240506;103103;50.56;7120;10279380053;B
20240506;103103;50.56;1000;10279380054;B
20240506;103103;50.57;20;10279380055;B
20240506;103103;50.57;50;10279380056;B
20240506;103103;50.57;1330;10279380057;B
20240506;103103;50.57;10;10279380058;B
20240506;103103;50.57;140;10279380059;B
20240506;103103;50.56;10;10279380110;S
20240506;103104;50.58;20;10279380130;B
20240506;103104;50.58;80;10279380131;B
20240506;103104;50.58;20;10279380168;B
20240506;103104;50.58;100;10279380239;S
20240506;103105;50.59;20;10279380288;B
20240506;103105;50.59;500;10279380289;B
20240506;103105;50.59;60;10279380290;B
20240506;103105;50.59;10;10279380291;B
20240506;103105;50.59;100;10279380292;B
20240506;103105;50.59;80;10279380293;B
20240506;103105;50.59;7110;10279380294;B
20240506;103105;50.59;1000;10279380295;B
20240506;103105;50.6;20;10279380296;B
20240506;103105;50.6;10;10279380297;B
20240506;103105;50.6;20;10279380298;B
20240506;103105;50.6;1000;10279380299;B
20240506;103105;50.6;50;10279380300;B
20240506;103105;50.6;100;10279380301;B
20240506;103105;50.6;20;10279380302;B
20240506;103105;50.6;10;10279380303;B
20240506;103105;50.6;100;10279380304;S
20240506;103105;50.6;50;10279380337;S
20240506;103105;50.61;20;10279380360;B
20240506;103105;50.61;10;10279380361;B
20240506;103105;50.61;10;10279380362;B
20240506;103105;50.61;60;10279380363;B
20240506;103105;50.59;10;10279380368;S
20240506;103105;50.61;10;10279380372;B
20240506;103105;50.59;10;10279380387;S
20240506;103105;50.59;10;10279380388;S
20240506;103106;50.6;500;10279380403;B
20240506;103106;50.61;30;10279380404;B
20240506;103106;50.61;100;10279380405;B
20240506;103106;50.61;100;10279380406;B
20240506;103106;50.61;100;10279380407;B
20240506;103106;50.61;50;10279380408;B
20240506;103106;50.62;20;10279380409;B
20240506;103106;50.62;100;10279380410;B
20240506;103106;50.62;200;10279380411;B
20240506;103106;50.63;20;10279380412;B
20240506;103106;50.63;1000;10279380413;B
20240506;103106;50.63;800;10279380414;B
20240506;103106;50.63;2860;10279380415;B
20240506;103106;50.63;1170;10279380421;B
20240506;103106;50.61;300;10279380422;S
20240506;103106;50.63;380;10279380451;B
20240506;103106;50.63;530;10279380486;B
20240506;103106;50.63;1450;10279380492;B
20240506;103106;50.61;10;10279380495;S
20240506;103106;50.61;1810;10279380503;S
20240506;103106;50.61;3190;10279380504;S
20240506;103107;50.61;200;10279380583;S
20240506;103107;50.62;10;10279380584;B
20240506;103107;50.62;20;10279380585;B
20240506;103107;50.62;370;10279380586;B
20240506;103107;50.62;20;10279380596;B
20240506;103107;50.61;10;10279380682;S
20240506;103107;50.61;10;10279380711;S
20240506;103107;50.61;10;10279380712;S
20240506;103108;50.61;10;10279380726;S
20240506;103108;50.62;200;10279380815;B
20240506;103108;50.62;90;10279380817;B
20240506;103109;50.61;10;10279380850;S
20240506;103109;50.61;100;10279380902;S
20240506;103110;50.62;10;10279381074;B
20240506;103110;50.62;10;10279381081;B
20240506;103110;50.62;50;10279381111;B
20240506;103111;50.61;20;10279381142;S
20240506;103111;50.62;1400;10279381181;B
20240506;103111;50.62;870;10279381182;B
20240506;103111;50.63;720;10279381183;B
20240506;103111;50.64;20;10279381184;B
20240506;103111;50.64;10;10279381185;B
20240506;103111;50.64;1150;10279381186;B
20240506;103111;50.64;20;10279381187;B
20240506;103111;50.64;200;10279381188;B
20240506;103111;50.64;610;10279381189;B
20240506;103111;50.63;6000;10279381206;B
20240506;103112;50.61;240;10279381303;S
20240506;103112;50.6;260;10279381304;S
20240506;103112;50.58;50;10279381324;S
20240506;103112;50.58;50;10279381383;S
20240506;103113;50.63;130;10279381409;B
20240506;103113;50.63;980;10279381427;B
20240506;103113;50.63;260;10279381428;B
20240506;103113;50.63;10;10279381429;B
20240506;103113;50.63;1400;10279381430;B
20240506;103113;50.64;350;10279381431;B
20240506;103113;50.64;14900;10279381432;B
20240506;103113;50.64;50;10279381433;B
20240506;103113;50.64;860;10279381434;B
20240506;103113;50.65;20;10279381435;B
20240506;103113;50.65;300;10279381436;B
20240506;103113;50.65;10;10279381437;B
20240506;103113;50.65;100;10279381438;B
20240506;103113;50.65;200;10279381439;B
20240506;103113;50.65;1000;10279381440;B
20240506;103113;50.65;1060;10279381441;B
20240506;103113;50.65;750;10279381449;B
20240506;103113;50.64;100;10279381455;B
20240506;103113;50.65;650;10279381456;B
20240506;103113;50.65;120;10279381457;B
20240506;103113;50.65;130;10279381458;B
20240506;103113;50.65;120;10279381459;B
20240506;103113;50.65;30;10279381492;B
20240506;103115;50.63;10;10279381697;B
20240506;103115;50.63;10;10279381698;B
20240506;103115;50.63;10;10279381750;S
20240506;103116;50.63;30;10279381836;S
20240506;103116;50.64;10;10279381854;B
20240506;103119;50.61;40;10279382297;S
20240506;103120;50.63;10;10279382314;B
20240506;103120;50.61;60;10279382340;S
20240506;103120;50.6;240;10279382341;S
20240506;103120;50.59;20;10279382388;S
20240506;103120;50.58;10;10279382389;S
20240506;103121;50.63;10;10279382477;B
20240506;103126;50.61;20;10279383183;S
20240506;103126;50.59;20;10279383184;S
20240506;103126;50.58;150;10279383185;S
20240506;103128;50.58;1300;10279383568;B
20240506;103129;50.56;100;10279383680;S
20240506;103129;50.56;390;10279383681;S
20240506;103130;50.58;10;10279383867;B
20240506;103133;50.56;10;10279385442;S
20240506;103133;50.55;180;10279385555;S
20240506;103134;50.58;200;10279385714;B
20240506;103134;50.55;24550;10279385742;S
20240506;103135;50.53;100;10279385858;S
20240506;103135;50.54;500;10279385861;B
20240506;103135;50.52;100;10279385864;S
20240506;103135;50.51;170;10279385865;S
20240506;103136;50.53;10;10279385954;B
20240506;103136;50.53;10;10279386018;B
20240506;103138;50.53;10;10279386158;B
20240506;103138;50.53;10;10279386249;B
20240506;103140;50.53;60;10279386549;B
20240506;103140;50.54;2090;10279386550;B
20240506;103140;50.54;1400;10279386551;B
20240506;103140;50.54;10;10279386552;B
20240506;103140;50.55;6440;10279386553;B
20240506;103142;50.52;100;10279386795;S
20240506;103142;50.51;210;10279386796;S
20240506;103144;50.54;1400;10279387146;B
20240506;103144;50.54;600;10279387147;B
20240506;103145;50.51;160;10279387197;S
20240506;103145;50.53;150;10279387258;B
20240506;103146;50.51;30;10279387515;S
20240506;103147;50.53;10;10279387679;B
20240506;103148;50.53;30;10279387903;B
20240506;103148;50.53;280;10279387909;B
20240506;103149;50.52;10;10279388029;B
20240506;103149;50.52;10;10279388058;B
20240506;103149;50.52;700;10279388127;B
20240506;103150;50.52;10;10279388289;B
20240506;103156;50.52;350;10279389070;B
20240506;103158;50.52;100;10279389785;B
20240506;103159;50.52;70;10279389965;B
20240506;103159;50.52;10;10279390070;B
20240506;103200;50.52;100;10279390240;B
20240506;103202;50.52;10;10279390449;B
20240506;103202;50.51;1430;10279390495;S
20240506;103202;50.51;100;10279390496;S
20240506;103202;50.5;120;10279390536;S
20240506;103204;50.5;240;10279391021;S
20240506;103204;50.5;100;10279391022;S
20240506;103204;50.5;10;10279391023;S
20240506;103204;50.48;10;10279391024;S
20240506;103204;50.47;460;10279391025;S
20240506;103204;50.47;830;10279391026;S
20240506;103204;50.46;9000;10279391027;S
20240506;103204;50.45;500;10279391028;S
20240506;103204;50.45;10;10279391029;S
20240506;103204;50.44;1200;10279391030;S
20240506;103204;50.44;500;10279391031;S
20240506;103204;50.44;1000;10279391032;S
20240506;103204;50.44;1140;10279391033;S
20240506;103204;50.44;100;10279391065;S
20240506;103205;50.49;30;10279391172;B
20240506;103205;50.49;20;10279391187;B
20240506;103205;50.47;20;10279391244;S
20240506;103205;50.44;1000;10279391245;S
20240506;103205;50.44;1000;10279391246;S
20240506;103205;50.43;1000;10279391247;S
20240506;103205;50.43;1000;10279391248;S
20240506;103205;50.43;1000;10279391249;S
20240506;103205;50.43;820;10279391250;S
20240506;103205;50.42;730;10279391251;S
20240506;103205;50.42;3240;10279391252;S
20240506;103211;50.46;10;10279392033;B
20240506;103211;50.46;50;10279392034;B
20240506;103212;50.46;40;10279392052;B
20240506;103216;50.46;40;10279392666;B
20240506;103216;50.44;10;10279392703;B
20240506;103217;50.44;20;10279392787;B
20240506;103218;50.44;20;10279393020;B
20240506;103220;50.44;50;10279393257;B
20240506;103224;50.44;20;10279394075;B
20240506;103231;50.42;10;10279395744;S
20240506;103231;50.42;10;10279395745;S
20240506;103231;50.42;1530;10279395746;S
20240506;103231;50.41;30;10279395747;S
20240506;103231;50.41;40;10279395748;S
20240506;103231;50.41;30;10279395749;S
20240506;103231;50.41;1000;10279395750;S
20240506;103231;50.41;800;10279395751;S
20240506;103231;50.4;50;10279395752;S
20240506;103231;50.4;10;10279395753;S
20240506;103231;50.4;500;10279395754;S
20240506;103231;50.4;20;10279395755;S
20240506;103231;50.4;5440;10279395756;S
20240506;103231;50.42;900;10279395764;B
20240506;103231;50.41;10;10279395798;S
20240506;103235;50.42;20;10279396740;B
20240506;103238;50.42;40;10279397567;B
20240506;103240;50.42;100;10279398106;B
20240506;103242;50.42;10;10279398454;B
20240506;103250;50.42;280;10279400199;B
20240506;103250;50.42;360;10279400200;B
20240506;103250;50.42;20;10279400201;B
20240506;103250;50.42;10;10279400202;B
20240506;103250;50.43;10;10279400203;B
20240506;103250;50.43;500;10279400204;B
20240506;103250;50.43;100;10279400205;B
20240506;103250;50.43;720;10279400206;B
20240506;103252;50.44;10;10279400426;B
20240506;103252;50.42;10;10279400490;S
20240506;103255;50.44;30;10279400901;B
20240506;103257;50.44;30;10279401183;B
20240506;103257;50.45;10;10279401184;B
20240506;103257;50.45;10;10279401185;B
20240506;103259;50.46;20;10279401335;B
20240506;103259;50.46;460;10279401336;B
20240506;103259;50.46;1620;10279401337;B
20240506;103259;50.46;10;10279401338;B
20240506;103259;50.47;2590;10279401339;B
20240506;103259;50.47;770;10279401340;B
20240506;103259;50.47;4530;10279401341;B
20240506;103300;50.43;130;10279401418;S
20240506;103305;50.46;100;10279402115;B
20240506;103307;50.45;10;10279402463;B
20240506;103307;50.45;90;10279402472;B
20240506;103307;50.46;230;10279402473;B
20240506;103307;50.46;10;10279402474;B
20240506;103307;50.46;130;10279402475;B
20240506;103309;50.46;40;10279403000;B
20240506;103309;50.47;60;10279403001;B
20240506;103310;50.48;780;10279403276;B
20240506;103310;50.48;100;10279403277;B
20240506;103310;50.47;90;10279403280;B
20240506;103310;50.47;230;10279403338;B
20240506;103310;50.47;140;10279403348;B
20240506;103310;50.47;250;10279403353;B
20240506;103310;50.47;140;10279403375;B
20240506;103310;50.47;140;10279403376;B
20240506;103310;50.47;80;10279403441;B
20240506;103310;50.47;80;10279403445;B
20240506;103310;50.47;90;10279403448;B
20240506;103310;50.47;250;10279403450;B
20240506;103310;50.48;80;10279403455;B
20240506;103310;50.48;40;10279403457;B
20240506;103310;50.48;100;10279403458;B
20240506;103310;50.48;110;10279403463;B
20240506;103310;50.48;120;10279403465;B
20240506;103310;50.48;160;10279403477;B
20240506;103311;50.48;90;10279403627;B
20240506;103311;50.48;80;10279403628;B
20240506;103311;50.48;290;10279403629;B
20240506;103311;50.48;130;10279403630;B
20240506;103311;50.49;360;10279403631;B
20240506;103311;50.49;100;10279403632;B
20240506;103311;50.49;80;10279403633;B
20240506;103311;50.49;90;10279403634;B
20240506;103311;50.49;200;10279403635;B
20240506;103311;50.49;90;10279403636;B
20240506;103311;50.49;110;10279403637;B
20240506;103313;50.49;10;10279403821;B
20240506;103313;50.49;2000;10279403846;B
20240506;103319;50.46;100;10279404494;S
20240506;103319;50.45;30;10279404495;S
20240506;103323;50.48;10;10279404956;S
20240506;103323;50.49;10;10279404983;B
20240506;103323;50.48;5990;10279404994;S
20240506;103323;50.47;750;10279404995;S
20240506;103323;50.45;460;10279404996;S
20240506;103323;50.43;2590;10279404997;S
20240506;103323;50.43;210;10279404998;S
20240506;103326;50.47;20;10279405300;B
20240506;103328;50.47;10;10279405589;B
20240506;103331;50.43;10;10279405880;S
20240506;103332;50.47;30;10279405974;B
20240506;103334;50.47;10;10279406247;B
20240506;103339;50.43;10;10279406814;S
20240506;103341;50.47;20;10279407143;B
20240506;103342;50.47;370;10279407304;B
20240506;103342;50.47;160;10279407305;B
20240506;103342;50.47;40;10279407306;B
20240506;103342;50.47;430;10279407307;B
20240506;103342;50.47;400;10279407308;B
20240506;103342;50.47;500;10279407309;B
20240506;103346;50.43;20;10279407748;S
20240506;103347;50.43;10;10279407905;S
20240506;103348;50.43;500;10279407922;S
20240506;103351;50.43;20;10279408341;S
20240506;103356;50.45;500;10279408895;B
20240506;103356;50.45;170;10279408896;B
20240506;103356;50.46;330;10279408897;B
20240506;103405;50.47;10;10279409948;B
20240506;103406;50.47;70;10279410083;B
20240506;103411;50.47;10;10279410694;B
20240506;103417;50.46;120;10279411480;S
20240506;103417;50.47;10;10279411497;B
20240506;103417;50.47;10;10279411507;B
20240506;103420;50.47;10;10279411926;B
20240506;103429;50.47;10;10279412930;B
20240506;103429;50.47;1040;10279412944;B
20240506;103429;50.47;50;10279412945;B
20240506;103429;50.47;170;10279412946;B
20240506;103429;50.48;3000;10279412947;B
20240506;103429;50.48;730;10279412948;B
20240506;103429;50.49;4010;10279412949;B
20240506;103434;50.46;250;10279413539;S
20240506;103437;50.46;100;10279413880;S
20240506;103437;50.49;10;10279413883;B
20240506;103439;50.46;30;10279414062;S
20240506;103443;50.46;1020;10279414895;S
20240506;103443;50.46;720;10279414896;S
20240506;103443;50.46;10;10279414897;S
20240506;103444;50.46;30;10279415043;B
20240506;103448;50.46;7220;10279415801;B
20240506;103448;50.46;160;10279415802;B
20240506;103448;50.48;200;10279415803;B
20240506;103448;50.48;720;10279415804;B
20240506;103448;50.49;300;10279415805;B
20240506;103450;50.49;190;10279416024;B
20240506;103454;50.46;10;10279416543;S
20240506;103454;50.46;100;10279416677;S
20240506;103454;50.46;1290;10279416678;S
20240506;103454;50.46;210;10279416679;S
20240506;103454;50.46;510;10279416680;S
20240506;103455;50.46;260;10279416740;B
20240506;103455;50.46;10;10279416913;B
20240506;103456;50.46;10;10279417009;B
20240506;103457;50.45;20;10279417230;S
20240506;103457;50.45;30;10279417231;S
20240506;103457;50.45;30;10279417232;S
20240506;103457;50.45;40;10279417233;S
20240506;103457;50.45;10;10279417234;S
20240506;103457;50.45;720;10279417235;S
20240506;103457;50.45;280;10279417236;B
20240506;103457;50.45;570;10279417237;B
20240506;103457;50.45;20;10279417249;B
20240506;103457;50.45;30;10279417250;B
20240506;103457;50.45;30;10279417252;B
20240506;103457;50.45;40;10279417253;B
20240506;103457;50.45;20;10279417268;B
20240506;103457;50.45;30;10279417269;B
20240506;103457;50.45;30;10279417271;B
20240506;103457;50.45;40;10279417272;B
20240506;103457;50.45;20;10279417297;B
20240506;103457;50.45;30;10279417298;B
20240506;103457;50.45;10;10279417301;B
20240506;103457;50.45;20;10279417302;B
20240506;103457;50.45;40;10279417303;B
20240506;103457;50.45;20;10279417324;B
20240506;103457;50.45;30;10279417327;B
20240506;103457;50.45;30;10279417333;B
20240506;103457;50.45;40;10279417334;B
20240506;103457;50.45;20;10279417344;B
20240506;103457;50.45;30;10279417346;B
20240506;103457;50.45;30;10279417348;B
20240506;103457;50.45;40;10279417350;B
20240506;103458;50.45;20;10279417354;B
20240506;103458;50.45;30;10279417356;B
20240506;103458;50.45;20;10279417379;B
20240506;103458;50.45;40;10279417380;B
20240506;103458;50.45;20;10279417382;B
20240506;103458;50.45;30;10279417384;B
20240506;103458;50.45;40;10279417392;B
20240506;103458;50.45;20;10279417394;B
20240506;103458;50.45;30;10279417395;B
20240506;103458;50.45;10;10279417404;B
20240506;103458;50.45;20;10279417415;B
20240506;103458;50.45;10;10279417417;B
20240506;103458;50.45;10;10279417423;B
20240506;103459;50.45;10;10279417674;S
20240506;103459;50.45;130;10279417675;S
20240506;103502;50.45;10;10279418106;S
20240506;103502;50.46;30;10279418173;B
20240506;103504;50.46;10;10279418620;B
20240506;103508;50.46;10;10279419781;B
20240506;103509;50.45;10;10279419860;S
20240506;103510;50.46;20;10279420037;B
20240506;103511;50.46;10;10279420207;B
20240506;103512;50.45;10;10279420244;S
20240506;103512;50.45;10;10279420245;S
20240506;103512;50.46;10;10279420289;B
20240506;103512;50.46;10;10279420312;B
20240506;103517;50.46;10;10279420727;B
20240506;103519;50.46;10;10279420942;B
20240506;103522;50.46;490;10279421282;B
20240506;103522;50.46;600;10279421283;B
20240506;103522;50.46;100;10279421284;B
20240506;103522;50.46;1500;10279421285;B
20240506;103522;50.46;170;10279421286;B
20240506;103522;50.46;100;10279421287;B
20240506;103522;50.46;40;10279421288;B
20240506;103522;50.46;40;10279421290;B
20240506;103522;50.47;40;10279421291;S
20240506;103526;50.47;20;10279421667;S
20240506;103527;50.49;20;10279421859;B
20240506;103533;50.47;100;10279422520;S
20240506;103539;50.47;20;10279423199;S
20240506;103542;50.49;80;10279423503;B
20240506;103543;50.47;20;10279423607;S
20240506;103546;50.49;10;10279423916;B
20240506;103547;50.49;1120;10279424151;B
20240506;103547;50.49;60;10279424152;B
20240506;103547;50.49;160;10279424153;B
20240506;103547;50.49;50;10279424154;B
20240506;103547;50.5;610;10279424155;B
20240506;103547;50.48;70;10279424167;S
20240506;103548;50.48;460;10279424306;S
20240506;103548;50.48;700;10279424307;S
20240506;103548;50.47;1240;10279424308;S
20240506;103548;50.47;2590;10279424309;S
20240506;103548;50.47;140;10279424310;S
20240506;103548;50.47;4870;10279424311;S
20240506;103550;50.48;20;10279424562;S
20240506;103552;50.48;200;10279424701;S
20240506;103552;50.5;180;10279424717;B
20240506;103553;50.5;10;10279424833;B
20240506;103555;50.48;190;10279425143;S
20240506;103603;50.5;10;10279426012;B
20240506;103606;50.5;190;10279426733;B
20240506;103606;50.5;10;10279426734;B
20240506;103606;50.5;10;10279426735;B
20240506;103606;50.51;1010;10279426736;B
20240506;103606;50.51;700;10279426737;B
20240506;103606;50.52;10;10279426738;B
20240506;103606;50.53;350;10279426739;B
20240506;103616;50.53;160;10279427794;B
20240506;103616;50.53;40;10279427795;B
20240506;103616;50.53;690;10279427796;B
20240506;103620;50.53;10;10279428416;S
20240506;103621;50.53;50;10279428484;S
20240506;103627;50.53;10;10279429106;S
20240506;103627;50.54;10;10279429121;B
20240506;103629;50.54;10;10279429424;B
20240506;103629;50.54;40;10279429425;B
20240506;103630;50.54;200;10279429439;B
20240506;103632;50.53;40;10279429743;S
20240506;103632;50.53;100;10279429744;S
20240506;103632;50.53;110;10279429745;S
20240506;103635;50.54;90;10279430178;B
20240506;103636;50.54;670;10279430195;B
20240506;103636;50.54;690;10279430196;B
20240506;103636;50.54;170;10279430197;B
20240506;103636;50.54;170;10279430198;B
20240506;103636;50.55;8300;10279430199;B
20240506;103639;50.55;3000;10279430526;B
20240506;103640;50.54;30;10279430716;S
20240506;103643;50.54;10;10279430989;S
20240506;103643;50.54;90;10279431054;S
20240506;103644;50.55;500;10279431088;B
20240506;103650;50.55;1000;10279431829;B
20240506;103655;50.54;50;10279432368;S
20240506;103655;50.55;10;10279432429;B
20240506;103657;50.55;20;10279432559;B
20240506;103703;50.55;780;10279433459;B
20240506;103705;50.55;20;10279433671;B
20240506;103706;50.54;10;10279433979;S
20240506;103709;50.55;150;10279434865;B
20240506;103711;50.54;1400;10279435127;S
20240506;103711;50.54;760;10279435128;S
20240506;103711;50.55;1030;10279435164;B
20240506;103711;50.55;10;10279435165;B
20240506;103711;50.55;20;10279435166;B
20240506;103711;50.55;10;10279435167;B
20240506;103711;50.55;100;10279435168;B
20240506;103711;50.55;160;10279435169;B
20240506;103711;50.55;40;10279435170;B
20240506;103711;50.55;40;10279435171;B
20240506;103711;50.55;40;10279435172;B
20240506;103729;50.56;10;10279437983;B
20240506;103729;50.56;10;10279437984;B
20240506;103729;50.56;5000;10279437985;B
20240506;103729;50.56;170;10279437986;B
20240506;103729;50.57;80;10279437987;B
20240506;103729;50.58;10;10279437988;B
20240506;103729;50.58;3130;10279437989;B
20240506;103729;50.58;40;10279437995;B
20240506;103738;50.56;50;10279439345;S
20240506;103745;50.57;100;10279440597;S
20240506;103747;50.58;100;10279440882;B
20240506;103748;50.58;700;10279441087;B
20240506;103750;50.58;3200;10279441297;B
20240506;103755;50.58;30;10279441989;B
20240506;103755;50.58;500;10279442038;B
20240506;103756;50.57;20;10279442079;S
20240506;103756;50.57;10;10279442181;S
20240506;103759;50.58;10;10279442602;B
20240506;103800;50.58;60;10279443052;B
20240506;103808;50.58;10;10279444617;B
20240506;103809;50.58;1050;10279444949;B
20240506;103810;50.57;100;10279445131;S
20240506;103811;50.58;1170;10279445235;B
20240506;103811;50.58;300;10279445236;B
20240506;103811;50.58;160;10279445237;B
20240506;103811;50.58;40;10279445238;B
20240506;103811;50.58;50;10279445239;B
20240506;103811;50.58;40;10279445240;B
20240506;103811;50.58;40;10279445241;B
20240506;103811;50.58;10;10279445247;S
20240506;103816;50.59;20;10279446096;B
20240506;103816;50.59;10;10279446097;B
20240506;103816;50.6;50;10279446098;B
20240506;103816;50.6;10;10279446099;B
20240506;103816;50.6;3800;10279446100;B
20240506;103816;50.6;10;10279446101;B
20240506;103816;50.6;50;10279446102;B
20240506;103816;50.6;250;10279446109;S
20240506;103816;50.6;50;10279446111;S
20240506;103821;50.61;690;10279446843;S
20240506;103821;50.61;1400;10279446844;S
20240506;103821;50.61;2590;10279446845;S
20240506;103821;50.61;990;10279446846;S
20240506;103821;50.6;10780;10279446847;S
20240506;103822;50.61;1400;10279447342;S
20240506;103822;50.6;1600;10279447343;S
20240506;103823;50.62;10;10279447375;B
20240506;103827;50.61;80;10279448120;S
20240506;103827;50.61;40;10279448128;S
20240506;103828;50.61;590;10279448160;S
20240506;103828;50.6;1990;10279448161;S
20240506;103828;50.6;100;10279448162;S
20240506;103828;50.58;10;10279448228;S
20240506;103830;50.61;300;10279448354;B
20240506;103830;50.62;7100;10279448372;B
20240506;103830;50.62;80;10279448373;B
20240506;103830;50.63;20;10279448374;B
20240506;103830;50.63;100;10279448375;B
20240506;103830;50.63;70;10279448376;B
20240506;103830;50.63;1000;10279448377;B
20240506;103830;50.63;130;10279448378;B
20240506;103830;50.64;10;10279448379;B
20240506;103830;50.64;200;10279448380;B
20240506;103830;50.64;320;10279448381;B
20240506;103830;50.64;30;10279448382;B
20240506;103830;50.64;10;10279448383;B
20240506;103830;50.64;10;10279448384;B
20240506;103830;50.64;540;10279448385;B
20240506;103830;50.64;380;10279448386;B
20240506;103831;50.62;50;10279448478;B
20240506;103831;50.65;1000;10279448479;B
20240506;103831;50.65;950;10279448480;B
20240506;103834;50.65;2530;10279448855;B
20240506;103836;50.65;1520;10279449059;B
20240506;103836;50.65;10;10279449060;B
20240506;103836;50.65;10;10279449061;B
20240506;103836;50.65;1000;10279449062;B
20240506;103836;50.65;100;10279449063;B
20240506;103836;50.65;5170;10279449064;B
20240506;103837;50.63;100;10279449114;S
20240506;103837;50.65;100;10279449120;B
20240506;103837;50.66;20;10279449121;B
20240506;103837;50.66;20;10279449122;B
20240506;103837;50.66;30;10279449123;B
20240506;103837;50.66;10;10279449124;B
20240506;103837;50.66;10;10279449125;B
20240506;103837;50.66;10;10279449126;B
20240506;103837;50.66;10;10279449127;B
20240506;103837;50.66;10;10279449128;B
20240506;103837;50.66;80;10279449129;B
20240506;103837;50.66;10;10279449130;B
20240506;103837;50.66;100;10279449131;B
20240506;103837;50.66;100;10279449132;B
20240506;103837;50.66;10;10279449133;B
20240506;103837;50.66;30;10279449134;B
20240506;103837;50.66;10;10279449135;B
20240506;103837;50.66;400;10279449136;B
20240506;103837;50.66;40;10279449137;B
20240506;103837;50.66;70;10279449154;B
20240506;103837;50.66;20;10279449155;B
20240506;103837;50.66;180;10279449156;B
20240506;103837;50.67;20;10279449157;B
20240506;103837;50.67;10;10279449158;B
20240506;103837;50.67;170;10279449159;B
20240506;103838;50.67;80;10279449180;B
20240506;103838;50.67;50;10279449181;B
20240506;103838;50.68;20;10279449182;B
20240506;103838;50.68;1400;10279449183;B
20240506;103838;50.67;60;10279449194;S
20240506;103838;50.65;60;10279449240;S
20240506;103838;50.67;160;10279449263;B
20240506;103838;50.67;580;10279449268;B
20240506;103838;50.67;700;10279449269;B
20240506;103838;50.67;220;10279449270;B
20240506;103838;50.67;180;10279449271;B
20240506;103838;50.68;530;10279449272;B
20240506;103838;50.68;100;10279449273;B
20240506;103838;50.68;1000;10279449274;B
20240506;103838;50.68;200;10279449275;B
20240506;103838;50.68;1000;10279449276;B
20240506;103838;50.68;6800;10279449277;B
20240506;103838;50.68;50;10279449278;B
20240506;103838;50.68;250;10279449282;B
20240506;103838;50.69;20;10279449283;B
20240506;103838;50.69;500;10279449284;B
20240506;103838;50.69;30;10279449285;B
20240506;103838;50.69;10;10279449286;B
20240506;103838;50.69;60;10279449287;B
20240506;103838;50.69;10;10279449288;B
20240506;103838;50.69;100;10279449289;B
20240506;103838;50.69;20;10279449290;B
20240506;103838;50.68;460;10279449294;B
20240506;103838;50.66;200;10279449314;S
20240506;103838;50.66;1000;10279449315;S
20240506;103838;50.65;1340;10279449316;S
20240506;103838;50.65;700;10279449317;S
20240506;103838;50.64;2640;10279449318;S
20240506;103838;50.63;70;10279449319;S
20240506;103838;50.66;500;10279449328;B
20240506;103839;50.67;3270;10279449334;B
20240506;103839;50.67;10;10279449335;B
20240506;103839;50.68;1720;10279449336;B
20240506;103839;50.68;4000;10279449343;B
20240506;103839;50.69;20;10279449344;B
20240506;103839;50.69;80;10279449345;B
20240506;103839;50.69;600;10279449356;B
20240506;103843;50.65;1400;10279449732;S
20240506;103843;50.65;100;10279449733;S
20240506;103846;50.67;30;10279450159;B
20240506;103846;50.67;690;10279450160;B
20240506;103846;50.67;1000;10279450161;B
20240506;103846;50.68;1400;10279450162;B
20240506;103846;50.68;380;10279450163;B
20240506;103846;50.68;480;10279450186;B
20240506;103846;50.68;1400;10279450187;B
20240506;103846;50.68;50;10279450188;B
20240506;103846;50.69;320;10279450189;B
20240506;103846;50.69;4880;10279450190;B
20240506;103850;50.68;250;10279450486;B
20240506;103850;50.68;690;10279450487;B
20240506;103850;50.69;400;10279450488;B
20240506;103850;50.69;170;10279450489;B
20240506;103850;50.69;410;10279450490;B
20240506;103850;50.7;20;10279450491;B
20240506;103850;50.7;10;10279450492;B
20240506;103850;50.7;100;10279450493;B
20240506;103850;50.7;10;10279450494;B
20240506;103850;50.7;300;10279450495;B
20240506;103850;50.7;10;10279450496;B
