<DATE>;<TIME>;<LAST>;<VOL>;<ID>;<OPER>
20240315;095957;40.12;10;9853140008;B
20240315;095957;40.12;30;9853140009;B
20240315;095957;40.12;40;9853140010;B
20240315;095957;40.12;20;9853140011;B
20240315;095957;40.12;20;9853140012;B
20240315;095957;40.12;20;9853140013;B
20240315;095957;40.12;1200;9853140014;B
20240315;095957;40.12;20;9853140015;B
20240315;095957;40.12;10;9853140016;B
20240315;095957;40.12;10;9853140017;B
20240315;095957;40.12;20;9853140018;B
20240315;095957;40.12;20;9853140019;B
20240315;095957;40.12;100;9853140020;B
20240315;095957;40.12;250;9853140021;B
20240315;095957;40.12;30;9853140022;B
20240315;095957;40.12;40;9853140023;B
20240315;095957;40.12;300;9853140024;B
20240315;095957;40.12;40;9853140025;S
20240315;095957;40.12;20;9853140026;B
20240315;095957;40.12;2750;9853140027;B
20240315;095957;40.12;100;9853140028;S
20240315;095957;40.12;30;9853140029;S
20240315;095957;40.12;10;9853140030;S
20240315;095957;40.12;40;9853140031;S
20240315;095957;40.12;10;9853140032;S
20240315;095957;40.12;40;9853140033;S
20240315;095957;40.12;10;9853140034;S
20240315;095957;40.12;10;9853140035;S
20240315;095957;40.12;500;9853140036;B
20240315;095957;40.12;10;9853140037;S
20240315;095957;40.12;10;9853140038;S
20240315;095957;40.12;10;9853140039;S
20240315;095957;40.12;60;9853140040;S
20240315;095957;40.12;20;9853140041;S
20240315;095957;40.12;10;9853140042;S
20240315;095957;40.12;10;9853140043;S
20240315;095957;40.12;40;9853140044;S
20240315;095957;40.12;260;9853140045;S
20240315;095957;40.12;10;9853140046;S
20240315;095957;40.12;40;9853140047;S
20240315;095957;40.12;170;9853140048;S
20240315;095957;40.12;2000;9853140049;S
20240315;095957;40.12;150;9853140050;S
20240315;095957;40.12;10;9853140051;S
20240315;095957;40.12;10;9853140052;S
20240315;095957;40.12;10;9853140053;S
20240315;095957;40.12;30;9853140054;S
20240315;095957;40.12;10;9853140055;S
20240315;095957;40.12;250;9853140056;S
20240315;095957;40.12;200;9853140057;S
20240315;095957;40.12;10;9853140058;S
20240315;095957;40.12;2410;9853140059;S
20240315;095957;40.12;30;9853140060;S
20240315;095957;40.12;30;9853140061;S
20240315;095957;40.12;50;9853140062;S
20240315;095957;40.12;20;9853140063;S
20240315;095957;40.12;20;9853140064;S
20240315;095957;40.12;10;9853140065;S
20240315;095957;40.12;200;9853140066;S
20240315;095957;40.12;10;9853140067;S
20240315;095957;40.12;130;9853140068;S
20240315;095957;40.12;10;9853140069;S
20240315;095957;40.12;50;9853140070;S
20240315;095957;40.12;200;9853140071;S
20240315;095957;40.12;240;9853140072;S
20240315;095957;40.12;30;9853140073;S
20240315;095957;40.12;10;9853140074;S
20240315;095957;40.12;120;9853140075;S
20240315;095957;40.12;50;9853140076;S
20240315;095957;40.12;250;9853140077;S
20240315;095957;40.12;10;9853140078;S
20240315;095957;40.12;30;9853140079;S
20240315;095957;40.12;90;9853140080;S
20240315;095957;40.12;1000;9853140081;S
20240315;095957;40.12;1000;9853140082;S
20240315;095957;40.12;10;9853140083;S
20240315;095957;40.12;10;9853140084;S
20240315;095957;40.12;550;9853140085;S
20240315;095957;40.12;450;9853140086;S
20240315;095957;40.12;400;9853140087;S
20240315;095957;40.12;10;9853140088;S
20240315;095957;40.12;30;9853140089;S
20240315;095957;40.12;10;9853140090;S
20240315;095957;40.12;2500;9853140091;S
20240315;095957;40.12;10;9853140092;S
20240315;095957;40.12;10;9853140093;S
20240315;095957;40.12;330;9853140094;S
20240315;095957;40.12;30;9853140095;B
20240315;095957;40.12;100;9853140096;B
20240315;095957;40.12;540;9853140097;B
20240315;095957;40.12;460;9853140098;S
20240315;100000;40.12;100;9853141082;S
20240315;100000;40.13;170;9853141261;S
20240315;100000;40.12;2830;9853141262;S
20240315;100000;40.12;390;9853141265;S
20240315;100000;40.15;10;9853141272;B
20240315;100000;40.12;220;9853141273;S
20240315;100000;40.12;10;9853141274;S
20240315;100000;40.12;2000;9853141275;S
20240315;100000;40.12;10;9853141276;S
20240315;100000;40.11;10;9853141277;S
20240315;100000;40.11;2750;9853141278;S
20240315;100000;40.11;50;9853141281;S
20240315;100000;40.13;50;9853141312;S
20240315;100000;40.11;350;9853141658;S
20240315;100000;40.11;1070;9853141666;S
20240315;100000;40.11;300;9853141778;S
20240315;100000;40.11;1000;9853141858;S
20240315;100000;40.11;3400;9853141986;S
20240315;100000;40.12;100;9853142088;B
20240315;100001;40.11;1200;9853142263;S
20240315;100001;40.12;40;9853142313;B
20240315;100001;40.11;30;9853142436;S
20240315;100001;40.11;1850;9853142526;S
20240315;100001;40.11;20;9853142527;S
20240315;100001;40.11;100;9853142528;S
20240315;100001;40.11;10;9853142529;S
20240315;100001;40.11;50;9853142530;S
20240315;100001;40.11;970;9853142531;S
20240315;100001;40.12;1680;9853142606;B
20240315;100001;40.11;10;9853142624;S
20240315;100001;40.11;20;9853142625;S
20240315;100001;40.12;500;9853142627;B
20240315;100001;40.12;500;9853142641;B
20240315;100001;40.11;200;9853142649;S
20240315;100001;40.11;10;9853142651;S
20240315;100001;40.11;200;9853142659;S
20240315;100001;40.11;40;9853142698;S
20240315;100001;40.12;1680;9853142721;B
20240315;100001;40.13;720;9853142722;B
20240315;100001;40.14;9970;9853142723;B
20240315;100001;40.15;990;9853142724;B
20240315;100001;40.15;1200;9853142725;B
20240315;100001;40.16;1000;9853142726;B
20240315;100001;40.17;40;9853142727;B
20240315;100001;40.17;800;9853142728;B
20240315;100001;40.17;400;9853142729;B
20240315;100001;40.18;10;9853142737;B
20240315;100001;40.17;3000;9853142760;S
20240315;100001;40.17;200;9853142782;S
20240315;100001;40.16;10;9853142783;S
20240315;100001;40.15;90;9853142784;S
20240315;100001;40.15;130;9853142795;S
20240315;100001;40.15;350;9853142797;S
20240315;100001;40.12;1150;9853142798;S
20240315;100002;40.14;10;9853142921;S
20240315;100002;40.12;350;9853142922;S
20240315;100002;40.12;10;9853142947;S
20240315;100002;40.13;10;9853143002;S
20240315;100002;40.12;390;9853143003;S
20240315;100002;40.12;20;9853143079;S
20240315;100002;40.12;480;9853143136;S
20240315;100002;40.12;540;9853143169;S
20240315;100002;40.12;2490;9853143170;S
20240315;100002;40.11;6970;9853143171;S
20240315;100002;40.15;300;9853143205;B
20240315;100002;40.15;530;9853143206;B
20240315;100002;40.15;10;9853143207;B
20240315;100002;40.15;200;9853143278;S
20240315;100002;40.16;20;9853143335;B
20240315;100002;40.15;460;9853143346;S
20240315;100002;40.15;10;9853143347;S
20240315;100002;40.13;20;9853143348;S
20240315;100002;40.12;650;9853143349;S
20240315;100002;40.11;1340;9853143350;S
20240315;100002;40.13;30;9853143360;S
20240315;100002;40.11;140;9853143382;S
20240315;100002;40.11;100;9853143695;S
20240315;100003;40.12;30;9853143971;B
20240315;100003;40.12;2000;9853143972;B
20240315;100003;40.13;580;9853143973;B
20240315;100003;40.14;590;9853143974;B
20240315;100003;40.14;1900;9853144013;B
20240315;100003;40.15;550;9853144014;B
20240315;100003;40.15;10000;9853144015;B
20240315;100003;40.15;350;9853144016;B
20240315;100004;40.12;10;9853144533;S
20240315;100004;40.12;10;9853144726;S
20240315;100004;40.12;10;9853144727;S
20240315;100004;40.12;10;9853144731;S
20240315;100004;40.17;20;9853144735;B
20240315;100005;40.17;10;9853145029;B
20240315;100005;40.17;10;9853145207;B
20240315;100005;40.12;100;9853145214;S
20240315;100005;40.12;10;9853145663;S
20240315;100005;40.17;10;9853145790;B
20240315;100005;40.12;10;9853146032;S
20240315;100005;40.12;70;9853146190;S
20240315;100006;40.17;10;9853146552;B
20240315;100006;40.17;20;9853146557;B
20240315;100006;40.12;20;9853146559;S
20240315;100006;40.17;20;9853146560;B
20240315;100006;40.12;60;9853146561;S
20240315;100006;40.12;30;9853147003;S
20240315;100006;40.12;20;9853147006;S
20240315;100006;40.17;30;9853147011;B
20240315;100006;40.12;10;9853147050;S
20240315;100006;40.17;10;9853147063;B
20240315;100006;40.17;10;9853147066;B
20240315;100006;40.12;10;9853147069;S
20240315;100006;40.17;50;9853147317;B
20240315;100006;40.17;10;9853147323;B
20240315;100006;40.17;30;9853147335;B
20240315;100006;40.17;10;9853147661;B
20240315;100006;40.17;4630;9853147805;B
20240315;100006;40.17;30;9853147806;B
20240315;100006;40.17;340;9853147807;B
20240315;100006;40.12;250;9853147942;S
20240315;100006;40.12;250;9853147943;S
20240315;100006;40.16;20;9853147949;B
20240315;100006;40.12;1000;9853147951;S
20240315;100006;40.12;150;9853148221;S
20240315;100006;40.16;30;9853148307;B
20240315;100006;40.12;120;9853148308;S
20240315;100007;40.12;10;9853148759;S
20240315;100007;40.16;10;9853148762;B
20240315;100007;40.16;10;9853148763;B
20240315;100007;40.12;10;9853148764;S
20240315;100007;40.16;10;9853148910;B
20240315;100007;40.16;10;9853148915;B
20240315;100007;40.16;10;9853148917;B
20240315;100007;40.12;50;9853148920;S
20240315;100007;40.16;10;9853149063;B
20240315;100007;40.12;10;9853149258;S
20240315;100007;40.16;270;9853149263;B
20240315;100007;40.16;740;9853149264;B
20240315;100007;40.15;10;9853149867;B
20240315;100008;40.15;10;9853150372;B
20240315;100008;40.13;30;9853150803;B
20240315;100010;40.13;70;9853152420;B
20240315;100010;40.13;1000;9853152688;B
20240315;100011;40.12;10;9853153118;S
20240315;100011;40.12;1200;9853153119;S
20240315;100011;40.13;30;9853153512;B
20240315;100012;40.13;70;9853153550;B
20240315;100012;40.13;260;9853153840;B
20240315;100012;40.13;50;9853153903;B
20240315;100012;40.12;3890;9853153931;S
20240315;100012;40.13;20;9853153951;B
20240315;100012;40.13;10;9853153957;B
20240315;100014;40.13;20;9853155066;B
20240315;100016;40.12;650;9853155812;S
20240315;100016;40.12;600;9853155813;S
20240315;100017;40.12;5000;9853155885;S
20240315;100017;40.12;4360;9853155948;S
20240315;100018;40.11;100;9853156201;S
20240315;100019;40.11;100;9853156339;S
20240315;100019;40.11;10;9853156364;S
20240315;100020;40.12;1000;9853156592;B
20240315;100020;40.12;4000;9853156598;B
20240315;100020;40.12;400;9853156600;B
20240315;100021;40.12;6240;9853156835;B
20240315;100021;40.12;10;9853156836;B
20240315;100021;40.13;1440;9853156837;B
20240315;100021;40.13;660;9853156838;B
20240315;100021;40.15;230;9853156839;B
20240315;100021;40.16;1760;9853156840;B
20240315;100021;40.17;1000;9853156841;B
20240315;100021;40.17;1860;9853156842;B
20240315;100021;40.17;1600;9853156843;B
20240315;100021;40.17;900;9853156844;B
20240315;100021;40.17;240;9853156845;B
20240315;100021;40.17;4500;9853156846;B
20240315;100021;40.18;1730;9853156847;B
20240315;100021;40.18;250;9853156848;B
20240315;100021;40.18;1360;9853156849;B
20240315;100021;40.18;1550;9853156850;B
20240315;100021;40.19;150;9853156851;B
20240315;100021;40.19;2480;9853156852;B
20240315;100021;40.19;20;9853156853;B
20240315;100021;40.19;30;9853156854;B
20240315;100021;40.19;1590;9853156855;B
20240315;100021;40.19;9970;9853156856;B
20240315;100021;40.2;1500;9853156857;B
20240315;100021;40.2;2000;9853156858;B
20240315;100021;40.2;100;9853156859;B
20240315;100021;40.21;2700;9853156860;B
20240315;100021;40.22;10;9853156861;B
20240315;100021;40.22;10;9853156862;B
20240315;100021;40.22;10;9853156863;B
20240315;100021;40.22;200;9853156864;B
20240315;100021;40.22;10;9853156865;B
20240315;100021;40.22;10;9853156866;B
20240315;100021;40.22;20;9853156867;B
20240315;100021;40.22;10;9853156868;B
20240315;100021;40.22;50;9853156869;B
20240315;100021;40.22;10;9853156870;B
20240315;100021;40.22;1000;9853156871;B
20240315;100021;40.22;220;9853156872;B
20240315;100021;40.22;220;9853156873;B
20240315;100021;40.22;5000;9853156874;B
20240315;100021;40.22;500;9853156875;B
20240315;100021;40.22;2490;9853156876;B
20240315;100021;40.22;1000;9853156877;B
20240315;100021;40.22;3360;9853156878;B
20240315;100021;40.21;500;9853156939;B
20240315;100021;40.21;500;9853156940;B
20240315;100021;40.21;400;9853156941;B
20240315;100021;40.22;1100;9853156942;B
20240315;100021;40.2;500;9853156948;S
20240315;100021;40.2;570;9853156949;S
20240315;100021;40.19;2630;9853156950;S
20240315;100022;40.18;250;9853157045;S
20240315;100027;40.2;20;9853157921;B
20240315;100027;40.21;110;9853157942;B
20240315;100027;40.21;200;9853157953;B
20240315;100029;40.22;50;9853158527;B
20240315;100031;40.2;250;9853158886;S
20240315;100031;40.19;250;9853158887;S
20240315;100031;40.18;250;9853158888;S
20240315;100031;40.18;7460;9853158889;S
20240315;100031;40.17;250;9853158890;S
20240315;100031;40.17;560;9853158891;S
20240315;100031;40.16;11000;9853158892;S
20240315;100031;40.16;9940;9853158893;S
20240315;100031;40.14;80;9853158894;S
20240315;100031;40.13;1000;9853158895;S
20240315;100031;40.12;240;9853158896;S
20240315;100031;40.12;1470;9853158897;S
20240315;100031;40.15;40;9853158926;B
20240315;100031;40.15;270;9853158929;B
20240315;100032;40.16;20;9853159121;B
20240315;100032;40.16;10;9853159201;B
20240315;100034;40.16;50;9853159426;B
20240315;100036;40.16;570;9853159789;B
20240315;100036;40.17;2430;9853159790;B
20240315;100042;40.15;20;9853161010;B
20240315;100044;40.15;10;9853161660;B
20240315;100046;40.15;70;9853162067;B
20240315;100046;40.13;20;9853162119;S
20240315;100047;40.15;10;9853162412;B
20240315;100049;40.15;9990;9853162683;S
20240315;100049;40.13;10;9853162684;S
20240315;100049;40.16;200;9853162710;B
20240315;100049;40.16;4750;9853162769;B
20240315;100049;40.16;250;9853162770;B
20240315;100053;40.14;100;9853163396;S
20240315;100055;40.14;2390;9853163717;S
20240315;100055;40.13;620;9853163718;S
20240315;100055;40.13;2500;9853163719;S
20240315;100055;40.12;770;9853163720;S
20240315;100055;40.12;1000;9853163721;S
20240315;100055;40.12;220;9853163722;S
20240315;100055;40.12;650;9853163772;S
20240315;100055;40.12;480;9853163773;S
20240315;100055;40.12;10;9853163774;S
20240315;100056;40.15;100;9853163908;B
20240315;100057;40.12;10;9853164097;S
20240315;100057;40.15;10;9853164191;B
20240315;100057;40.16;90;9853164192;B
20240315;100058;40.12;50;9853164209;S
20240315;100100;40.14;10;9853164855;B
20240315;100101;40.14;50;9853164992;B
20240315;100101;40.13;20;9853165077;S
20240315;100101;40.13;10;9853165078;S
20240315;100102;40.14;10;9853165273;B
20240315;100106;40.13;30;9853165684;B
20240315;100106;40.12;500;9853165701;S
20240315;100106;40.13;220;9853165755;B
20240315;100106;40.14;180;9853165756;B
20240315;100106;40.15;2600;9853165757;B
20240315;100109;40.12;1440;9853166212;S
20240315;100109;40.12;740;9853166213;S
20240315;100109;40.11;760;9853166214;S
20240315;100109;40.11;1000;9853166215;S
20240315;100109;40.11;150;9853166216;S
20240315;100109;40.11;100;9853166217;S
20240315;100109;40.11;310;9853166218;S
20240315;100110;40.13;20;9853166236;B
20240315;100111;40.11;5000;9853166380;S
20240315;100112;40.12;10;9853166532;S
20240315;100112;40.11;490;9853166533;S
20240315;100112;40.13;10;9853166585;B
20240315;100112;40.13;500;9853166609;B
20240315;100112;40.12;760;9853166620;S
20240315;100112;40.11;4240;9853166621;S
20240315;100114;40.11;20;9853166899;S
20240315;100114;40.11;2500;9853166957;S
20240315;100115;40.12;2000;9853167140;B
20240315;100117;40.11;1200;9853167453;S
20240315;100118;40.12;100;9853167522;B
20240315;100118;40.11;20000;9853167614;S
20240315;100119;40.11;9240;9853167671;S
20240315;100123;40.12;30;9853168196;B
20240315;100123;40.11;30;9853168272;S
20240315;100125;40.11;1970;9853168494;S
20240315;100125;40.11;530;9853168495;S
20240315;100127;40.11;670;9853168781;S
20240315;100127;40.11;570;9853168782;S
20240315;100127;40.11;630;9853168783;S
20240315;100127;40.11;10;9853168784;S
20240315;100127;40.11;780;9853168785;S
20240315;100127;40.11;850;9853168786;S
20240315;100129;40.11;3710;9853169203;S
20240315;100129;40.11;370;9853169204;S
20240315;100129;40.1;30;9853169205;S
20240315;100129;40.1;1000;9853169206;S
20240315;100129;40.1;10;9853169207;S
20240315;100129;40.1;1000;9853169208;S
20240315;100129;40.1;10;9853169209;S
20240315;100129;40.1;10;9853169210;S
20240315;100129;40.1;20;9853169211;S
20240315;100129;40.1;400;9853169212;S
20240315;100129;40.1;10;9853169213;S
20240315;100129;40.1;70;9853169214;S
20240315;100129;40.11;150;9853169215;S
20240315;100129;40.11;300;9853169216;S
20240315;100129;40.11;10;9853169217;S
20240315;100129;40.11;90;9853169220;S
20240315;100129;40.11;250;9853169224;S
20240315;100129;40.12;210;9853169230;B
20240315;100129;40.11;450;9853169231;S
20240315;100129;40.11;500;9853169237;S
20240315;100129;40.11;100;9853169246;S
20240315;100129;40.1;70;9853169247;S
20240315;100129;40.1;10;9853169248;S
20240315;100129;40.1;250;9853169249;S
20240315;100129;40.1;860;9853169250;S
20240315;100129;40.1;100;9853169251;S
20240315;100129;40.09;20;9853169252;S
20240315;100129;40.09;90;9853169253;S
20240315;100129;40.11;930;9853169255;S
20240315;100129;40.09;1410;9853169256;S
20240315;100129;40.09;10;9853169257;S
20240315;100129;40.09;1260;9853169258;S
20240315;100129;40.09;480;9853169259;S
20240315;100129;40.08;30;9853169260;S
20240315;100129;40.08;20;9853169261;S
20240315;100129;40.08;10;9853169262;S
20240315;100129;40.08;10;9853169263;S
20240315;100129;40.08;10;9853169264;S
20240315;100129;40.08;10;9853169265;S
20240315;100129;40.08;10;9853169266;S
20240315;100129;40.08;10;9853169267;S
20240315;100129;40.08;10;9853169268;S
20240315;100129;40.08;30;9853169269;S
20240315;100129;40.08;10;9853169270;S
20240315;100129;40.08;10;9853169271;S
20240315;100129;40.08;20;9853169272;S
20240315;100129;40.08;10;9853169273;S
20240315;100129;40.08;10;9853169274;S
20240315;100129;40.08;20;9853169275;S
20240315;100129;40.08;10;9853169276;S
20240315;100129;40.08;3740;9853169277;S
20240315;100129;40.08;10;9853169278;S
20240315;100129;40.08;10;9853169279;S
20240315;100129;40.08;10;9853169280;S
20240315;100129;40.08;10;9853169281;S
20240315;100129;40.08;10;9853169282;S
20240315;100129;40.08;10;9853169283;S
20240315;100129;40.08;10;9853169284;S
20240315;100129;40.08;40;9853169285;S
20240315;100129;40.08;1000;9853169286;S
20240315;100129;40.08;860;9853169287;S
20240315;100129;40.08;160;9853169288;B
20240315;100129;40.07;200;9853169295;S
20240315;100130;40.07;800;9853169302;S
20240315;100130;40.07;100;9853169303;S
20240315;100130;40.07;4530;9853169304;S
20240315;100130;40.07;20;9853169305;S
20240315;100130;40.07;1000;9853169306;S
20240315;100130;40.07;10;9853169307;S
20240315;100130;40.07;800;9853169308;S
20240315;100130;40.07;320;9853169309;S
20240315;100130;40.07;460;9853169310;S
20240315;100130;40.06;450;9853169311;S
20240315;100130;40.06;1000;9853169312;S
20240315;100130;40.06;20;9853169313;S
20240315;100130;40.06;100;9853169314;S
20240315;100130;40.06;30;9853169315;S
20240315;100130;40.06;50;9853169316;S
20240315;100130;40.06;1000;9853169317;S
20240315;100130;40.06;850;9853169318;S
20240315;100130;40.05;2500;9853169319;S
20240315;100130;40.05;25000;9853169320;S
20240315;100130;40.05;100;9853169321;S
20240315;100130;40.05;1000;9853169322;S
20240315;100130;40.05;10;9853169323;S
20240315;100130;40.05;300;9853169324;S
20240315;100130;40.04;50;9853169325;S
20240315;100130;40.04;500;9853169326;S
20240315;100130;40.04;50;9853169327;S
20240315;100130;40.04;10;9853169328;S
20240315;100130;40.04;50;9853169329;S
20240315;100130;40.04;10;9853169330;S
20240315;100130;40.04;1000;9853169331;S
20240315;100130;40.04;10;9853169332;S
20240315;100130;40.04;1000;9853169333;S
20240315;100130;40.04;9970;9853169334;S
20240315;100130;40.03;1000;9853169335;S
20240315;100130;40.03;100;9853169336;S
20240315;100130;40.02;40;9853169337;S
20240315;100130;40.02;70;9853169338;S
20240315;100130;40.02;2000;9853169339;S
20240315;100130;40.02;2000;9853169340;S
20240315;100130;40.02;680;9853169341;S
20240315;100130;40.01;1740;9853169342;S
20240315;100130;40.02;2790;9853169345;S
20240315;100130;40.02;460;9853169346;S
20240315;100130;40.01;4250;9853169347;S
20240315;100130;40.02;1920;9853169366;S
20240315;100130;40.01;1570;9853169367;S
20240315;100130;40.01;2440;9853169368;S
20240315;100130;40.01;10;9853169369;S
20240315;100130;40.01;10;9853169370;S
20240315;100130;40.04;10;9853169402;B
20240315;100130;40.03;100;9853169403;B
20240315;100130;40.03;2250;9853169404;B
20240315;100130;40.04;820;9853169405;B
20240315;100130;40.04;1180;9853169406;B
20240315;100130;40.03;100;9853169407;S
20240315;100130;40.03;1400;9853169412;S
20240315;100130;40.02;940;9853169413;S
20240315;100130;40.01;90;9853169414;S
20240315;100130;40.01;10;9853169415;S
20240315;100130;40.01;150;9853169416;S
20240315;100130;40.01;1000;9853169417;S
20240315;100130;40.01;10;9853169418;S
20240315;100130;40.01;50;9853169419;S
20240315;100130;40.01;1000;9853169420;S
20240315;100130;40.01;350;9853169421;S
20240315;100130;40.02;120;9853169422;B
20240315;100130;40.03;120;9853169426;S
20240315;100130;40.03;130;9853169427;S
20240315;100130;40.03;150;9853169430;S
20240315;100130;40.02;2230;9853169431;S
20240315;100130;40.02;30;9853169432;S
20240315;100130;40.01;1000;9853169434;S
20240315;100130;40.01;390;9853169443;S
20240315;100130;40.01;790;9853169444;S
20240315;100130;40.03;2490;9853169446;B
20240315;100130;40.04;1810;9853169447;B
20240315;100130;40.01;180;9853169449;S
20240315;100130;40.01;1160;9853169450;S
20240315;100130;40.01;1730;9853169453;S
20240315;100131;40.02;10;9853169512;B
20240315;100131;40.02;40;9853169538;B
20240315;100131;40.04;150;9853169548;B
20240315;100131;40.04;500;9853169568;B
20240315;100131;40.03;10;9853169577;B
20240315;100131;40.04;530;9853169578;B
20240315;100132;40.03;2000;9853169916;S
20240315;100132;40.03;990;9853169917;S
20240315;100132;40.02;960;9853169918;S
20240315;100132;40.02;400;9853169919;S
20240315;100132;40.02;550;9853169920;S
20240315;100133;40.04;2000;9853169975;B
20240315;100134;40.04;20;9853170090;B
20240315;100134;40.02;80;9853170212;S
20240315;100135;40.04;10;9853170355;B
20240315;100136;40.03;990;9853170533;S
20240315;100136;40.03;3000;9853170534;S
20240315;100136;40.02;10;9853170535;S
20240315;100137;40.02;500;9853170634;S
20240315;100139;40.03;650;9853170896;S
20240315;100140;40.03;20;9853171009;S
20240315;100140;40.03;1390;9853171011;S
20240315;100140;40.04;20;9853171013;B
20240315;100140;40.03;1000;9853171123;S
20240315;100140;40.04;500;9853171127;B
20240315;100141;40.04;500;9853171179;B
20240315;100141;40.04;60;9853171299;B
20240315;100142;40.04;5000;9853171439;B
20240315;100143;40.04;740;9853171675;B
20240315;100144;40.04;1030;9853171805;B
20240315;100146;40.04;610;9853172282;B
20240315;100146;40.04;390;9853172283;B
20240315;100147;40.04;1020;9853172350;S
20240315;100147;40.04;2490;9853172351;S
20240315;100147;40.04;990;9853172352;S
20240315;100147;40.04;160;9853172385;S
20240315;100149;40.04;10;9853172734;S
20240315;100150;40.05;1000;9853172793;B
20240315;100150;40.04;140;9853172852;S
20240315;100151;40.05;50;9853172921;B
20240315;100151;40.05;10;9853173004;B
20240315;100152;40.05;100;9853173016;B
20240315;100152;40.05;100;9853173060;B
20240315;100153;40.05;40;9853173200;B
20240315;100153;40.07;2000;9853173203;B
20240315;100153;40.07;570;9853173204;B
20240315;100153;40.07;80;9853173205;B
20240315;100153;40.08;1800;9853173206;B
20240315;100153;40.08;80;9853173207;B
20240315;100153;40.08;400;9853173208;B
20240315;100153;40.08;70;9853173209;B
20240315;100154;40.08;200;9853173292;B
20240315;100154;40.08;150;9853173293;B
20240315;100156;40.07;580;9853173484;S
20240315;100156;40.07;1000;9853173485;S
20240315;100156;40.07;500;9853173486;S
20240315;100156;40.06;920;9853173487;S
20240315;100200;40.07;20;9853174151;S
20240315;100200;40.08;250;9853174220;B
20240315;100201;40.06;1570;9853174401;S
20240315;100201;40.06;8430;9853174402;S
20240315;100202;40.08;1400;9853174554;B
20240315;100202;40.09;800;9853174555;B
20240315;100202;40.09;500;9853174556;B
20240315;100202;40.09;500;9853174557;B
20240315;100202;40.1;200;9853174558;B
20240315;100202;40.1;9600;9853174559;B
20240315;100203;40.07;500;9853174743;S
20240315;100203;40.06;790;9853174744;S
20240315;100207;40.11;5000;9853175606;B
20240315;100208;40.11;500;9853175744;B
20240315;100208;40.11;500;9853175792;B
20240315;100208;40.11;50;9853175870;B
20240315;100209;40.11;1200;9853175902;B
20240315;100210;40.1;50;9853176124;S
20240315;100210;40.1;150;9853176125;S
20240315;100210;40.09;2490;9853176287;S
20240315;100210;40.09;500;9853176288;S
20240315;100210;40.08;10;9853176289;S
20240315;100210;40.08;780;9853176290;S
20240315;100210;40.08;2000;9853176291;S
20240315;100210;40.08;990;9853176292;S
20240315;100210;40.07;8230;9853176293;S
20240315;100212;40.06;300;9853176568;S
20240315;100212;40.06;100;9853176569;S
20240315;100212;40.06;2490;9853176570;S
20240315;100212;40.06;500;9853176571;S
20240315;100212;40.06;2000;9853176572;S
20240315;100212;40.05;10;9853176573;S
20240315;100212;40.05;1070;9853176574;S
20240315;100212;40.05;400;9853176575;S
20240315;100212;40.05;9970;9853176576;S
20240315;100212;40.05;1030;9853176577;S
20240315;100212;40.05;980;9853176578;S
20240315;100212;40.04;10;9853176579;S
20240315;100212;40.04;10;9853176580;S
20240315;100212;40.04;1240;9853176581;S
20240315;100212;40.04;20;9853176582;S
20240315;100212;40.04;850;9853176583;S
20240315;100212;40.04;1000;9853176584;S
20240315;100212;40.04;1000;9853176585;S
20240315;100212;40.04;80;9853176586;S
20240315;100212;40.03;5000;9853176587;S
20240315;100212;40.03;400;9853176588;S
20240315;100212;40.02;250;9853176589;S
20240315;100212;40.02;10;9853176590;S
20240315;100212;40.02;10;9853176591;S
20240315;100212;40.02;500;9853176592;S
20240315;100212;40.02;12000;9853176593;S
20240315;100212;40.01;24400;9853176594;S
20240315;100212;40.01;100;9853176595;S
20240315;100212;40.01;1000;9853176596;S
20240315;100212;40.01;10;9853176597;S
20240315;100212;40.01;1300;9853176598;S
20240315;100212;40.01;14000;9853176599;S
20240315;100212;40.01;4460;9853176600;S
20240315;100212;40;3000;9853176601;S
20240315;100212;40;20;9853176602;S
20240315;100212;40;100;9853176603;S
20240315;100212;40;50;9853176604;S
20240315;100212;40;10;9853176605;S
20240315;100212;40;10;9853176606;S
20240315;100212;40;40;9853176607;S
20240315;100212;40;10;9853176608;S
20240315;100212;40;30;9853176609;S
20240315;100212;40;10;9853176610;S
20240315;100212;40;500;9853176611;S
20240315;100212;40;110;9853176612;S
20240315;100212;40;100;9853176613;S
20240315;100212;40;10;9853176614;S
20240315;100212;40;20;9853176615;S
20240315;100212;40;10;9853176616;S
20240315;100212;40;10;9853176617;S
20240315;100212;40;1000;9853176618;S
20240315;100212;40;10;9853176619;S
20240315;100212;40;10;9853176620;S
20240315;100212;40;50;9853176621;S
20240315;100212;40;2500;9853176622;S
20240315;100212;40;50;9853176623;S
20240315;100212;40;10;9853176624;S
20240315;100212;40;10;9853176625;S
20240315;100212;40;10;9853176626;S
20240315;100212;40;10;9853176627;S
20240315;100212;40;100;9853176628;S
20240315;100212;40;250;9853176629;S
20240315;100212;40;500;9853176630;S
20240315;100212;40;2650;9853176631;S
20240315;100212;40;500;9853176632;S
20240315;100212;40;10;9853176633;S
20240315;100212;40;100;9853176634;S
20240315;100212;40;1000;9853176635;S
20240315;100212;40;750;9853176636;S
20240315;100212;40;50;9853176637;S
20240315;100212;40;1000;9853176638;S
20240315;100212;40;10;9853176639;S
20240315;100212;40;1000;9853176640;S
20240315;100212;40;1500;9853176641;S
20240315;100212;40;10;9853176642;S
20240315;100212;40;150;9853176643;S
20240315;100212;40;50;9853176644;S
20240315;100212;40;50;9853176645;S
20240315;100212;40;100;9853176646;S
20240315;100212;40;10;9853176647;S
20240315;100212;40;10;9853176648;S
20240315;100212;40;20;9853176649;S
20240315;100212;40;100;9853176650;S
20240315;100212;40;3350;9853176651;S
20240315;100212;40;250;9853176652;S
20240315;100212;40;500;9853176653;S
20240315;100212;40;40;9853176654;S
20240315;100212;40;1000;9853176655;S
20240315;100212;40;10;9853176656;S
20240315;100212;40;10;9853176657;S
20240315;100212;40;3000;9853176658;S
20240315;100212;40;10;9853176659;S
20240315;100212;40;100;9853176660;S
20240315;100212;40;10;9853176661;S
20240315;100212;40;200;9853176662;S
20240315;100212;40;10;9853176663;S
20240315;100212;40;100000;9853176664;S
20240315;100212;40;1000;9853176665;S
20240315;100212;40;2000;9853176666;S
20240315;100212;40;280;9853176667;S
20240315;100212;40;20000;9853176668;S
20240315;100212;39.99;100;9853176669;S
20240315;100212;39.99;10;9853176670;S
20240315;100212;39.99;50;9853176671;S
20240315;100212;39.99;880;9853176672;S
20240315;100212;39.98;1260;9853176673;S
20240315;100212;39.98;1480;9853176674;S
20240315;100212;39.97;10;9853176675;S
20240315;100212;39.97;10;9853176676;S
20240315;100212;39.96;150;9853176677;S
20240315;100212;39.96;7010;9853176678;S
20240315;100212;39.97;10;9853176679;S
20240315;100212;39.97;10;9853176680;S
20240315;100212;39.97;140;9853176681;S
20240315;100212;39.99;100;9853176685;B
20240315;100212;39.97;30;9853176686;S
20240315;100212;39.97;20;9853176687;S
20240315;100212;39.99;10;9853176702;B
20240315;100212;40;1610;9853176703;B
20240315;100212;40;10;9853176734;S
20240315;100212;39.99;40;9853176735;S
20240315;100212;40;10;9853176774;S
20240315;100212;40;10;9853176775;S
20240315;100212;40;10;9853176792;S
20240315;100212;39.98;390;9853176793;S
20240315;100212;39.97;1420;9853176794;S
20240315;100212;39.97;1070;9853176795;S
20240315;100212;39.97;1590;9853176796;S
20240315;100212;39.96;940;9853176797;S
20240315;100212;39.95;20;9853176798;S
20240315;100212;39.95;50;9853176799;S
20240315;100212;39.95;120;9853176800;S
20240315;100212;39.95;260;9853176801;S
20240315;100212;39.95;1100;9853176802;S
20240315;100212;39.95;200;9853176803;S
20240315;100212;39.96;1500;9853176804;S
20240315;100212;40;10;9853176809;B
20240315;100212;40;10;9853176810;B
20240315;100212;40;80;9853176816;B
20240315;100212;40;10;9853176817;B
20240315;100212;40;60;9853176818;B
20240315;100212;40;800;9853176820;B
20240315;100213;39.99;10;9853176834;B
20240315;100213;39.96;210;9853176836;S
20240315;100213;39.98;50;9853176839;B
20240315;100213;39.96;70;9853176842;S
20240315;100213;39.96;2150;9853176843;S
20240315;100213;39.98;20;9853176846;B
20240315;100213;39.96;40;9853176847;S
20240315;100213;39.95;700;9853176848;S
20240315;100213;39.95;100;9853176849;S
20240315;100213;39.95;500;9853176850;S
20240315;100213;39.95;660;9853176851;S
20240315;100213;39.95;1830;9853176852;S
20240315;100213;39.94;20;9853176853;S
20240315;100213;39.94;2000;9853176854;S
20240315;100213;39.94;20000;9853176855;S
20240315;100213;39.93;1520;9853176856;S
20240315;100213;39.93;240;9853176857;S
20240315;100213;39.92;10;9853176858;S
20240315;100213;39.92;10;9853176859;S
20240315;100213;39.92;9990;9853176860;S
20240315;100213;39.91;500;9853176861;S
20240315;100213;39.91;50;9853176862;S
20240315;100213;39.91;90;9853176863;S
20240315;100213;39.9;20;9853176864;S
20240315;100213;39.9;10;9853176865;S
20240315;100213;39.9;10;9853176866;S
20240315;100213;39.9;100;9853176867;S
20240315;100213;39.9;10;9853176868;S
20240315;100213;39.9;10;9853176869;S
20240315;100213;39.9;300;9853176870;S
20240315;100213;39.9;10;9853176871;S
20240315;100213;39.9;10;9853176872;S
20240315;100213;39.9;10;9853176873;S
20240315;100213;39.9;10;9853176874;S
20240315;100213;39.9;160;9853176875;S
20240315;100213;39.9;50;9853176876;S
20240315;100213;39.9;32400;9853176877;B
20240315;100213;39.92;10;9853176879;B
20240315;100213;39.92;1590;9853176880;B
20240315;100213;39.96;1000;9853176884;S
20240315;100213;39.96;630;9853176885;B
20240315;100213;39.98;300;9853176886;B
20240315;100213;39.97;10;9853176887;S
20240315;100213;39.97;250;9853176915;S
20240315;100213;39.97;320;9853176931;S
20240315;100213;39.98;120;9853176932;B
20240315;100213;39.97;170;9853176938;S
20240315;100213;39.97;30;9853176944;S
20240315;100213;39.98;20;9853176945;B
20240315;100213;39.98;10;9853176947;B
20240315;100213;39.98;10;9853176949;B
20240315;100213;39.97;220;9853176951;S
20240315;100213;39.97;600;9853176952;S
20240315;100213;39.96;370;9853176953;S
20240315;100213;39.95;500;9853176954;S
20240315;100213;39.95;500;9853176955;S
20240315;100213;39.92;810;9853176956;S
20240315;100213;39.92;200;9853176957;S
20240315;100213;39.97;10;9853176958;B
20240315;100213;39.97;50;9853176959;B
20240315;100213;39.97;20;9853176962;B
20240315;100213;39.98;180;9853176963;B
20240315;100213;39.92;1480;9853176980;S
20240315;100213;39.92;870;9853176981;S
20240315;100213;39.91;2000;9853176982;S
20240315;100213;39.91;600;9853176983;S
20240315;100213;39.91;1550;9853176984;S
20240315;100213;39.96;10;9853176985;B
20240315;100213;39.91;70;9853176986;S
20240315;100213;39.91;160;9853176987;S
20240315;100213;39.9;270;9853176988;S
20240315;100213;39.96;10;9853176990;B
20240315;100213;39.96;10;9853176994;B
20240315;100213;39.91;30;9853176995;S
20240315;100213;39.9;230;9853176996;S
20240315;100213;39.9;500;9853176997;S
20240315;100213;39.9;840;9853176998;S
20240315;100213;39.9;100;9853176999;S
20240315;100213;39.9;120;9853177003;S
20240315;100213;39.9;10;9853177006;S
20240315;100213;39.94;10;9853177012;B
20240315;100213;39.9;50;9853177022;S
20240315;100213;39.94;30;9853177032;B
20240315;100213;39.95;80;9853177041;B
20240315;100213;39.96;20;9853177042;B
20240315;100213;39.96;20;9853177088;B
20240315;100213;39.93;60;9853177108;S
20240315;100213;39.91;17940;9853177109;S
20240315;100213;39.91;2060;9853177112;S
20240315;100213;39.91;10;9853177113;S
20240315;100213;39.9;360;9853177114;S
20240315;100213;39.9;5570;9853177115;S
20240315;100214;39.94;1000;9853177143;B
20240315;100214;39.96;50;9853177144;B
20240315;100214;39.93;2000;9853177146;S
20240315;100214;39.91;510;9853177147;S
20240315;100214;39.9;4450;9853177148;S
20240315;100214;39.9;40;9853177149;S
20240315;100214;39.96;20;9853177151;B
20240315;100214;39.93;20;9853177152;S
20240315;100214;39.9;30;9853177153;S
20240315;100214;39.9;50;9853177154;S
20240315;100214;39.9;380;9853177156;S
20240315;100214;39.9;10;9853177157;S
20240315;100214;39.9;210;9853177158;S
20240315;100214;39.93;10;9853177186;S
20240315;100214;39.93;70;9853177187;S
20240315;100214;39.94;20;9853177188;B
20240315;100214;39.93;390;9853177190;S
20240315;100214;39.95;10;9853177196;B
20240315;100214;39.95;1430;9853177209;B
20240315;100214;39.95;400;9853177210;B
20240315;100214;39.96;20;9853177220;S
20240315;100214;39.96;150;9853177221;S
20240315;100214;39.93;1540;9853177222;S
20240315;100214;39.93;30;9853177223;S
20240315;100214;39.92;50;9853177224;S
20240315;100214;39.91;3280;9853177225;S
20240315;100214;39.94;900;9853177252;S
20240315;100214;39.96;10;9853177253;B
20240315;100214;39.96;590;9853177295;B
20240315;100215;39.97;10;9853177374;B
20240315;100215;39.97;590;9853177514;B
20240315;100215;39.98;290;9853177548;B
20240315;100215;39.98;210;9853177549;B
20240315;100215;39.98;500;9853177627;B
20240315;100215;39.98;500;9853177767;B
20240315;100216;39.96;10;9853177859;S
20240315;100216;39.95;640;9853177860;S
20240315;100216;39.98;2000;9853177869;B
20240315;100216;39.98;3790;9853177872;B
20240315;100217;39.99;620;9853178130;B
20240315;100217;39.99;20;9853178131;B
20240315;100217;39.99;4360;9853178132;B
20240315;100217;39.99;640;9853178133;B
20240315;100217;40;250;9853178416;B
20240315;100218;40;1000;9853178572;B
20240315;100218;40;720;9853178573;B
20240315;100218;40;100;9853178574;B
20240315;100218;40;70;9853178575;B
20240315;100218;40;3000;9853178576;B
20240315;100218;40;2000;9853178577;B
20240315;100218;40;30;9853178578;B
20240315;100218;40;200;9853178579;B
20240315;100218;40;3000;9853178580;B
20240315;100218;40;3550;9853178581;B
20240315;100218;40;150;9853178582;B
20240315;100218;40;50;9853178583;B
20240315;100218;40;50;9853178584;B
20240315;100220;40.02;500;9853178810;B
20240315;100220;40.02;10;9853178912;B
20240315;100221;40.02;230;9853178999;B
20240315;100221;40.01;20;9853179051;S
20240315;100221;40.02;270;9853179052;B
20240315;100221;40.02;30;9853179059;B
20240315;100221;40.02;90;9853179117;B
20240315;100221;40.02;20;9853179320;B
20240315;100222;40.02;40;9853179345;B
20240315;100222;40.02;20;9853179389;B
20240315;100222;40.02;10;9853179404;B
20240315;100222;40.02;290;9853179405;B
20240315;100222;40.01;180;9853179526;S
20240315;100222;40.02;10;9853179528;B
20240315;100222;40.02;480;9853179538;B
20240315;100222;40.02;20;9853179539;B
20240315;100222;40.02;500;9853179540;B
20240315;100222;40.02;10;9853179564;B
20240315;100222;40.02;1130;9853179597;B
20240315;100223;40.01;200;9853179644;S
20240315;100223;40.02;10;9853179726;B
20240315;100223;40.02;10;9853179727;B
20240315;100224;40.02;20;9853179894;B
20240315;100224;40.01;100;9853179927;S
20240315;100224;40.01;100;9853179928;S
20240315;100224;40.02;300;9853179967;B
20240315;100225;40.04;20;9853180032;B
20240315;100226;40.04;30;9853180285;B
20240315;100229;40.04;20;9853180795;B
20240315;100230;40.04;30;9853180845;B
20240315;100231;40.04;40;9853181089;B
20240315;100231;40.03;10;9853181100;S
20240315;100231;40.02;1000;9853181101;S
20240315;100231;40.02;10;9853181102;S
20240315;100231;40.02;50;9853181103;S
20240315;100231;40.02;830;9853181104;S
20240315;100231;40.01;150;9853181105;S
20240315;100231;40.01;500;9853181106;S
20240315;100231;40.01;2490;9853181107;S
20240315;100231;40.01;1160;9853181108;S
20240315;100231;40.01;1800;9853181109;S
20240315;100232;40.01;2000;9853181253;S
20240315;100233;40.01;20;9853181312;S
20240315;100233;40.02;500;9853181395;B
20240315;100233;40.02;100;9853181398;B
20240315;100233;40.02;500;9853181408;B
20240315;100235;40.03;30;9853181772;B
20240315;100235;40.03;10;9853181789;B
20240315;100235;40.02;30;9853181795;S
20240315;100236;40.03;10;9853181969;B
20240315;100238;40.03;950;9853182317;B
20240315;100238;40.03;50;9853182318;B
20240315;100238;40.03;10;9853182371;B
20240315;100239;40.03;120;9853182375;B
20240315;100239;40.02;810;9853182471;S
20240315;100239;40.01;1180;9853182472;S
20240315;100239;40.01;1000;9853182473;S
20240315;100239;40;2000;9853182474;S
20240315;100239;40;20;9853182475;S
20240315;100239;40;1000;9853182476;S
20240315;100239;40;600;9853182477;S
20240315;100239;40;30;9853182478;S
20240315;100239;39.99;1260;9853182479;S
20240315;100244;40.03;30;9853183209;B
20240315;100245;40.03;790;9853183338;B
20240315;100245;40.03;7460;9853183339;B
20240315;100245;40.04;1860;9853183340;B
20240315;100245;40.04;400;9853183341;B
20240315;100245;40.04;9990;9853183342;B
20240315;100245;40.04;1140;9853183343;B
20240315;100245;40.04;810;9853183344;B
20240315;100248;40.05;10;9853183859;B
20240315;100254;40.05;4990;9853184684;B
20240315;100254;40.05;400;9853184685;B
20240315;100254;40.05;540;9853184686;B
20240315;100254;40.05;2000;9853184687;B
20240315;100254;40.06;2000;9853184688;B
20240315;100254;40.06;670;9853184689;B
20240315;100254;40.06;810;9853184690;B
20240315;100254;40.07;2000;9853184691;B
20240315;100254;40.07;20;9853184692;B
20240315;100254;40.07;800;9853184693;B
20240315;100254;40.08;9980;9853184694;B
20240315;100254;40.09;14000;9853184695;B
20240315;100254;40.1;10;9853184696;B
20240315;100254;40.1;10000;9853184697;B
20240315;100254;40.11;300;9853184698;B
20240315;100254;40.11;20000;9853184699;B
20240315;100254;40.12;1320;9853184700;B
20240315;100254;40.12;2000;9853184701;B
20240315;100254;40.12;2000;9853184702;B
20240315;100254;40.12;790;9853184703;B
20240315;100254;40.12;6000;9853184704;B
20240315;100254;40.13;640;9853184705;B
20240315;100254;40.13;700;9853184706;B
20240315;100254;40.14;60;9853184707;B
20240315;100254;40.15;500;9853184708;B
20240315;100254;40.15;110;9853184709;B
20240315;100254;40.15;60;9853184710;B
20240315;100254;40.15;17300;9853184711;B
20240315;100254;40.14;500;9853184712;B
20240315;100254;40.14;30;9853184755;B
20240315;100254;40.14;30;9853184790;B
20240315;100254;40.14;1000;9853184791;B
20240315;100255;40.13;540;9853184850;S
20240315;100255;40.13;750;9853184932;S
20240315;100258;40.13;640;9853185448;S
20240315;100258;40.13;360;9853185449;S
20240315;100258;40.15;20;9853185454;B
20240315;100259;40.14;10;9853185539;B
20240315;100300;40.12;8750;9853185630;S
20240315;100303;40.14;20;9853186128;B
20240315;100303;40.14;1480;9853186129;B
20240315;100303;40.14;10;9853186164;B
20240315;100304;40.14;20;9853186310;B
20240315;100306;40.13;1500;9853186563;S
20240315;100307;40.14;30;9853186660;B
20240315;100307;40.13;10;9853186717;S
20240315;100307;40.13;20;9853186718;S
20240315;100309;40.14;250;9853186856;B
20240315;100309;40.13;150;9853186867;S
20240315;100311;40.14;500;9853187140;B
20240315;100311;40.13;6880;9853187165;S
20240315;100311;40.12;500;9853187166;S
20240315;100311;40.11;1280;9853187167;S
20240315;100311;40.11;40;9853187168;S
20240315;100311;40.09;400;9853187169;S
20240315;100311;40.09;900;9853187170;S
20240315;100311;40.1;60;9853187180;B
20240315;100312;40.08;160;9853187260;B
20240315;100314;40.1;10;9853187507;B
20240315;100316;40.1;30;9853187844;B
20240315;100316;40.11;10;9853187845;B
20240315;100316;40.12;200;9853187846;B
20240315;100319;40.12;200;9853188254;B
20240315;100321;40.08;80;9853188501;S
20240315;100321;40.08;4920;9853188502;S
20240315;100326;40.12;10;9853189383;B
20240315;100326;40.12;50;9853189393;B
20240315;100329;40.12;200;9853190014;B
20240315;100330;40.08;40;9853190099;S
20240315;100333;40.07;20;9853190434;S
20240315;100334;40.11;1000;9853190512;B
20240315;100334;40.11;4960;9853190513;B
20240315;100334;40.12;630;9853190514;B
20240315;100334;40.12;3560;9853190515;B
20240315;100335;40.1;750;9853190648;S
20240315;100335;40.08;1270;9853190649;S
20240315;100335;40.08;4480;9853190650;S
20240315;100345;40.08;80;9853191813;S
20240315;100348;40.08;790;9853192150;S
20240315;100349;40.08;210;9853192172;S
20240315;100349;40.08;560;9853192173;S
20240315;100350;40.08;30;9853192385;S
20240315;100355;40.1;150;9853192954;B
20240315;100356;40.1;10;9853193089;B
20240315;100357;40.1;10;9853193226;B
20240315;100359;40.1;10;9853193421;B
20240315;100359;40.08;10;9853193454;S
20240315;100403;40.09;10;9853193851;S
20240315;100403;40.08;350;9853193852;S
20240315;100405;40.1;8060;9853194227;B
20240315;100406;40.1;90;9853194239;B
20240315;100406;40.1;5000;9853194453;B
20240315;100407;40.1;1670;9853194485;B
20240315;100407;40.11;1300;9853194486;B
20240315;100407;40.11;670;9853194487;B
20240315;100407;40.12;10;9853194488;B
20240315;100407;40.12;3850;9853194489;B
20240315;100409;40.09;500;9853194724;S
20240315;100409;40.08;1050;9853194725;S
20240315;100409;40.08;1500;9853194726;S
20240315;100409;40.08;1000;9853194727;S
20240315;100409;40.07;980;9853194728;S
20240315;100409;40.07;10;9853194729;S
20240315;100409;40.07;50;9853194730;S
20240315;100409;40.07;1290;9853194731;S
20240315;100409;40.07;2980;9853194732;S
20240315;100409;40.06;640;9853194733;S
20240315;100414;40.12;10;9853195446;B
20240315;100419;40.08;500;9853195948;S
20240315;100419;40.08;20;9853195949;B
20240315;100421;40.08;10000;9853196111;B
20240315;100421;40.08;40;9853196159;B
20240315;100421;40.08;10;9853196195;B
20240315;100421;40.08;10;9853196196;B
20240315;100422;40.08;30;9853196268;B
20240315;100422;40.08;1420;9853196338;B
20240315;100423;40.08;20;9853196375;B
20240315;100423;40.08;1420;9853196453;B
20240315;100423;40.08;20;9853196454;B
20240315;100423;40.08;30;9853196455;B
20240315;100424;40.08;10;9853196486;B
20240315;100424;40.08;1420;9853196508;B
20240315;100424;40.08;1420;9853196563;B
20240315;100426;40.08;3620;9853196802;B
20240315;100426;40.08;20;9853196803;B
20240315;100426;40.1;40;9853196804;B
20240315;100426;40.11;1320;9853196805;B
20240315;100428;40.12;200;9853197037;B
20240315;100431;40.12;500;9853197550;B
20240315;100432;40.1;2000;9853197658;S
20240315;100432;40.1;20;9853197659;S
20240315;100432;40.08;430;9853197660;S
20240315;100432;40.12;2000;9853197734;B
20240315;100432;40.12;120;9853197740;B
20240315;100437;40.12;50;9853198343;B
20240315;100441;40.1;500;9853198805;S
20240315;100443;40.11;430;9853199135;B
20240315;100443;40.12;1570;9853199136;B
20240315;100444;40.1;500;9853199188;S
20240315;100447;40.12;250;9853199475;B
20240315;100449;40.12;50;9853199921;B
20240315;100454;40.11;240;9853200609;B
20240315;100454;40.12;7260;9853200610;B
20240315;100455;40.12;100;9853200845;B
20240315;100459;40.12;50;9853201323;B
20240315;100500;40.11;10;9853201465;S
20240315;100500;40.1;10;9853201466;S
20240315;100500;40.12;250;9853201587;B
20240315;100505;40.12;40;9853202130;B
20240315;100506;40.12;2500;9853202189;B
20240315;100508;40.12;3380;9853202405;B
20240315;100508;40.12;1000;9853202406;B
20240315;100508;40.12;690;9853202407;B
20240315;100508;40.12;50;9853202408;B
20240315;100508;40.12;2000;9853202409;B
20240315;100508;40.12;100;9853202410;B
20240315;100512;40.13;40;9853202985;B
20240315;100513;40.13;50;9853203051;B
20240315;100514;40.13;410;9853203178;B
20240315;100514;40.14;730;9853203179;B
20240315;100514;40.14;650;9853203180;B
20240315;100514;40.14;920;9853203181;B
20240315;100514;40.15;480;9853203182;B
20240315;100514;40.15;1800;9853203183;B
20240315;100515;40.12;120;9853203230;S
20240315;100515;40.12;500;9853203231;S
20240315;100515;40.12;2560;9853203232;S
20240315;100515;40.12;1820;9853203233;S
20240315;100515;40.12;610;9853203282;S
20240315;100519;40.15;500;9853203790;B
20240315;100521;40.13;100;9853204112;S
20240315;100521;40.12;100;9853204113;S
20240315;100522;40.14;10;9853204399;B
20240315;100522;40.15;160;9853204400;B
20240315;100522;40.15;580;9853204401;B
20240315;100522;40.16;10;9853204410;B
20240315;100523;40.16;80;9853204481;B
20240315;100528;40.15;10;9853205215;B
20240315;100532;40.15;40;9853205716;S
20240315;100532;40.15;1000;9853205717;S
20240315;100532;40.15;20;9853205718;S
20240315;100532;40.14;250;9853205719;S
20240315;100532;40.14;250;9853205720;S
20240315;100532;40.14;250;9853205721;S
20240315;100532;40.12;600;9853205722;S
20240315;100535;40.16;10;9853206247;B
20240315;100535;40.16;10;9853206248;B
20240315;100536;40.16;10;9853206327;B
20240315;100539;40.15;50;9853207018;S
20240315;100541;40.16;10;9853207429;B
20240315;100543;40.16;100;9853207738;B
20240315;100543;40.15;80;9853207786;S
20240315;100546;40.16;170;9853208497;B
20240315;100546;40.16;240;9853208498;B
20240315;100546;40.16;8000;9853208499;B
20240315;100548;40.17;10;9853208694;B
20240315;100550;40.16;500;9853209004;S
20240315;100550;40.16;490;9853209136;B
20240315;100550;40.17;290;9853209137;B
20240315;100550;40.17;250;9853209138;B
20240315;100550;40.17;250;9853209139;B
20240315;100550;40.17;900;9853209140;B
20240315;100550;40.17;900;9853209141;B
20240315;100550;40.18;620;9853209142;B
20240315;100558;40.17;100;9853210257;B
20240315;100558;40.18;6680;9853210258;B
20240315;100558;40.18;900;9853210259;B
20240315;100558;40.19;300;9853210396;B
20240315;100558;40.19;1110;9853210397;B
20240315;100558;40.19;550;9853210398;B
20240315;100602;40.2;1000;9853211297;B
20240315;100602;40.2;10;9853211298;B
20240315;100602;40.21;2000;9853211299;B
20240315;100602;40.21;910;9853211300;B
20240315;100602;40.22;6080;9853211301;B
20240315;100603;40.23;10;9853211318;B
20240315;100603;40.23;10;9853211319;B
20240315;100603;40.23;10;9853211320;B
20240315;100603;40.23;10;9853211321;B
20240315;100603;40.23;10;9853211322;B
20240315;100603;40.23;6140;9853211323;B
20240315;100603;40.24;2480;9853211324;B
20240315;100603;40.24;60;9853211325;B
20240315;100603;40.24;10;9853211326;B
20240315;100603;40.24;1000;9853211327;B
20240315;100603;40.24;2260;9853211328;B
20240315;100603;40.24;20;9853211331;B
20240315;100603;40.24;5000;9853211332;B
20240315;100603;40.25;120;9853211333;B
20240315;100603;40.25;100;9853211339;B
20240315;100603;40.25;1200;9853211359;B
20240315;100603;40.25;1060;9853211362;B
20240315;100603;40.25;70;9853211363;B
20240315;100603;40.25;110;9853211364;B
20240315;100603;40.25;140;9853211400;B
20240315;100603;40.25;500;9853211401;B
20240315;100603;40.25;100;9853211402;B
20240315;100603;40.25;3760;9853211403;B
20240315;100603;40.25;250;9853211408;B
20240315;100603;40.25;2500;9853211420;B
20240315;100603;40.25;210;9853211432;B
20240315;100604;40.26;1210;9853211498;B
20240315;100604;40.26;2500;9853211499;B
20240315;100604;40.26;1240;9853211500;B
20240315;100604;40.26;1260;9853211501;B
20240315;100604;40.26;500;9853211502;B
20240315;100604;40.26;8180;9853211503;B
20240315;100604;40.26;2000;9853211504;B
20240315;100604;40.27;50;9853211505;B
20240315;100604;40.27;910;9853211506;B
20240315;100604;40.28;10;9853211507;B
20240315;100604;40.28;130;9853211508;B
20240315;100604;40.29;2480;9853211509;B
20240315;100604;40.29;50;9853211510;B
20240315;100604;40.29;20;9853211511;B
20240315;100604;40.29;3260;9853211512;B
20240315;100604;40.29;2910;9853211513;B
20240315;100604;40.29;700;9853211514;B
20240315;100604;40.29;1000;9853211531;B
20240315;100604;40.29;7000;9853211532;B
20240315;100604;40.29;2000;9853211533;B
20240315;100604;40.3;130;9853211606;B
20240315;100604;40.3;10;9853211618;B
20240315;100604;40.3;10;9853211687;B
20240315;100604;40.3;10;9853211689;B
20240315;100605;40.3;2320;9853211701;B
20240315;100605;40.3;100;9853211702;B
20240315;100605;40.3;2580;9853211703;B
20240315;100605;40.3;100;9853211711;B
20240315;100605;40.3;100;9853211713;B
20240315;100605;40.3;220;9853211722;B
20240315;100605;40.3;10;9853211723;B
20240315;100605;40.3;200;9853211724;B
20240315;100605;40.3;10;9853211725;B
20240315;100605;40.3;100;9853211726;B
20240315;100605;40.3;20;9853211727;B
20240315;100605;40.3;3000;9853211728;B
20240315;100605;40.3;100;9853211729;B
20240315;100605;40.3;10000;9853211730;B
20240315;100605;40.3;2340;9853211731;B
20240315;100605;40.27;10;9853211739;S
20240315;100605;40.26;10;9853211740;S
20240315;100606;40.29;10;9853211976;B
20240315;100606;40.29;740;9853211977;B
20240315;100607;40.3;7590;9853212131;B
20240315;100607;40.3;2000;9853212132;B
20240315;100607;40.3;210;9853212133;S
20240315;100608;40.26;200;9853212162;S
20240315;100611;40.27;100;9853212804;B
20240315;100612;40.27;1900;9853212855;B
20240315;100612;40.27;100;9853212856;B
20240315;100615;40.24;30;9853213296;S
20240315;100615;40.25;2490;9853213395;B
20240315;100615;40.25;2000;9853213396;B
20240315;100615;40.26;510;9853213397;B
20240315;100618;40.23;4000;9853213733;S
20240315;100619;40.26;10;9853213879;B
20240315;100622;40.25;2840;9853214255;S
20240315;100622;40.22;300;9853214333;S
20240315;100624;40.23;750;9853214536;B
20240315;100624;40.24;160;9853214537;B
20240315;100624;40.24;90;9853214538;B
20240315;100624;40.25;200;9853214624;B
20240315;100624;40.25;390;9853214625;B
20240315;100625;40.25;10;9853214660;B
20240315;100626;40.23;750;9853214844;S
20240315;100628;40.22;9630;9853215171;S
20240315;100628;40.22;20;9853215172;S
20240315;100628;40.22;20;9853215173;S
20240315;100628;40.19;330;9853215174;S
20240315;100629;40.2;30;9853215420;S
20240315;100629;40.21;50;9853215448;B
20240315;100630;40.21;40;9853215559;B
20240315;100630;40.2;500;9853215595;S
20240315;100631;40.2;500;9853215776;S
20240315;100631;40.2;4500;9853215786;S
20240315;100631;40.21;410;9853215801;B
20240315;100631;40.21;590;9853215802;B
20240315;100635;40.21;10;9853216316;B
20240315;100636;40.2;100;9853216382;S
20240315;100636;40.2;150;9853216383;S
20240315;100636;40.21;30;9853216416;B
20240315;100638;40.21;30;9853216675;B
20240315;100638;40.21;70;9853216723;B
20240315;100638;40.21;10;9853216724;B
20240315;100638;40.21;10;9853216725;B
20240315;100638;40.22;750;9853216726;B
20240315;100638;40.22;120;9853216727;B
20240315;100638;40.22;900;9853216728;B
20240315;100638;40.23;10;9853216729;B
20240315;100638;40.23;2000;9853216730;B
20240315;100638;40.25;1000;9853216731;B
20240315;100638;40.26;130;9853216732;B
20240315;100642;40.26;10;9853217128;B
20240315;100645;40.26;20;9853217487;B
20240315;100647;40.26;2470;9853217731;B
20240315;100647;40.26;370;9853217732;B
20240315;100647;40.26;2000;9853217733;B
20240315;100647;40.27;300;9853217734;B
20240315;100647;40.27;900;9853217735;B
20240315;100647;40.28;1000;9853217736;B
20240315;100647;40.28;9930;9853217737;B
20240315;100647;40.29;120;9853217738;B
20240315;100647;40.29;7080;9853217739;B
20240315;100647;40.29;4000;9853217740;B
20240315;100647;40.29;240;9853217741;B
20240315;100647;40.3;41590;9853217742;B
20240315;100648;40.29;20;9853217912;B
20240315;100649;40.26;90;9853218151;S
20240315;100652;40.28;90;9853218482;B
20240315;100652;40.28;2000;9853218483;B
20240315;100652;40.28;1000;9853218484;B
20240315;100652;40.28;910;9853218485;B
20240315;100652;40.29;2470;9853218486;B
20240315;100652;40.3;4710;9853218487;B
20240315;100652;40.29;2490;9853218514;B
20240315;100652;40.29;2000;9853218515;B
20240315;100652;40.3;5430;9853218516;B
20240315;100652;40.29;2490;9853218525;B
20240315;100652;40.3;13660;9853218526;B
20240315;100653;40.29;2490;9853218554;B
20240315;100653;40.29;1460;9853218555;B
20240315;100653;40.29;540;9853218654;B
20240315;100653;40.29;2000;9853218655;B
20240315;100653;40.3;790;9853218656;B
20240315;100653;40.3;3820;9853218663;B
20240315;100653;40.3;500;9853218664;B
20240315;100653;40.3;5000;9853218665;B
20240315;100653;40.31;2480;9853218666;B
20240315;100653;40.31;10;9853218667;B
20240315;100653;40.31;9930;9853218668;B
20240315;100653;40.32;2480;9853218669;B
20240315;100653;40.32;2480;9853218670;B
20240315;100653;40.32;50;9853218671;B
20240315;100653;40.32;10;9853218672;B
20240315;100653;40.33;2480;9853218673;B
20240315;100653;40.33;2000;9853218674;B
20240315;100653;40.34;2480;9853218675;B
20240315;100653;40.34;10;9853218676;B
20240315;100653;40.34;10;9853218677;B
20240315;100653;40.34;100;9853218678;B
20240315;100653;40.34;80;9853218679;B
20240315;100653;40.34;60;9853218680;B
20240315;100653;40.34;10;9853218681;B
20240315;100653;40.34;1000;9853218682;B
20240315;100653;40.34;24500;9853218683;S
20240315;100653;40.32;500;9853218688;S
20240315;100653;40.29;500;9853218694;S
20240315;100653;40.29;500;9853218696;S
20240315;100653;40.32;500;9853218698;B
20240315;100653;40.33;2490;9853218699;B
20240315;100653;40.34;200;9853218700;B
20240315;100653;40.34;900;9853218701;B
20240315;100653;40.34;1000;9853218702;B
20240315;100653;40.34;1200;9853218703;B
20240315;100653;40.34;300;9853218704;B
20240315;100653;40.34;6630;9853218705;B
20240315;100653;40.3;280;9853218719;S
20240315;100653;40.33;540;9853218744;B
20240315;100653;40.33;1740;9853218756;B
20240315;100653;40.34;1500;9853218792;B
20240315;100653;40.34;1000;9853218793;B
20240315;100653;40.35;10;9853218794;B
20240315;100653;40.35;80;9853218795;B
20240315;100653;40.35;200;9853218796;B
20240315;100653;40.35;800;9853218797;B
20240315;100653;40.35;10;9853218798;B
20240315;100653;40.35;1350;9853218799;B
20240315;100654;40.35;2700;9853218814;B
20240315;100654;40.35;4950;9853218838;B
20240315;100654;40.35;280;9853218882;B
20240315;100654;40.36;10;9853218883;B
20240315;100654;40.36;2000;9853218884;B
20240315;100654;40.36;210;9853218885;B
20240315;100654;40.35;10;9853218924;S
20240315;100655;40.34;2000;9853218957;S
20240315;100655;40.35;30;9853218969;B
20240315;100655;40.35;2000;9853218970;B
20240315;100655;40.37;10;9853218971;B
20240315;100655;40.37;10;9853218972;B
20240315;100655;40.37;1200;9853218973;B
20240315;100655;40.37;9910;9853218974;B
20240315;100655;40.37;1000;9853218975;B
20240315;100655;40.38;80;9853218976;B
20240315;100655;40.39;3000;9853218977;B
20240315;100655;40.39;2760;9853218978;B
20240315;100655;40.39;50;9853218985;B
20240315;100656;40.39;1560;9853219063;B
20240315;100656;40.39;8350;9853219068;B
20240315;100656;40.39;1000;9853219069;B
20240315;100656;40.4;10;9853219070;B
20240315;100656;40.4;10;9853219071;B
20240315;100656;40.4;2500;9853219072;B
20240315;100656;40.4;200;9853219073;B
20240315;100656;40.4;5150;9853219074;B
20240315;100656;40.4;10;9853219075;B
20240315;100656;40.4;2770;9853219076;B
20240315;100656;40.38;60;9853219126;S
20240315;100656;40.39;40;9853219200;B
20240315;100656;40.4;4960;9853219201;B
20240315;100657;40.4;20;9853219211;B
20240315;100657;40.4;1500;9853219223;B
20240315;100657;40.4;3200;9853219307;B
20240315;100657;40.4;1560;9853219312;B
20240315;100658;40.4;2000;9853219354;B
20240315;100658;40.4;24760;9853219366;B
20240315;100658;40.37;10;9853219369;S
20240315;100658;40.36;10;9853219370;S
20240315;100658;40.36;7460;9853219371;S
20240315;100658;40.36;2490;9853219372;S
20240315;100658;40.36;480;9853219373;S
20240315;100658;40.35;1440;9853219374;S
20240315;100658;40.35;8370;9853219375;S
20240315;100658;40.34;11000;9853219376;S
20240315;100658;40.33;8740;9853219377;S
20240315;100658;40.37;1440;9853219381;B
20240315;100658;40.37;2000;9853219382;B
20240315;100658;40.37;8000;9853219383;B
20240315;100658;40.38;9900;9853219384;B
20240315;100658;40.39;1000;9853219385;B
20240315;100658;40.39;2420;9853219386;B
20240315;100658;40.4;5000;9853219430;B
20240315;100659;40.4;1360;9853219448;B
20240315;100659;40.4;2870;9853219540;B
20240315;100659;40.4;200;9853219541;B
20240315;100659;40.4;120;9853219542;B
20240315;100659;40.4;1000;9853219543;B
20240315;100659;40.4;9910;9853219544;B
20240315;100659;40.4;2000;9853219545;B
20240315;100700;40.4;1000;9853219608;S
20240315;100700;40.4;2000;9853219686;S
20240315;100700;40.41;10;9853219706;B
20240315;100700;40.41;10;9853219707;B
20240315;100700;40.41;480;9853219708;B
20240315;100701;40.42;50;9853219739;B
20240315;100701;40.42;950;9853219740;B
20240315;100701;40.43;10;9853219801;B
20240315;100701;40.4;250;9853219804;S
20240315;100701;40.43;1000;9853219844;B
20240315;100701;40.41;10;9853219876;S
20240315;100701;40.4;1990;9853219877;S
20240315;100702;40.43;1490;9853219882;B
20240315;100702;40.43;510;9853219883;B
20240315;100702;40.41;2000;9853219917;S
20240315;100702;40.4;27570;9853219918;S
20240315;100702;40.4;1750;9853219919;S
20240315;100702;40.4;10;9853219929;S
20240315;100702;40.4;10;9853219930;S
20240315;100702;40.4;10;9853219988;S
20240315;100702;40.4;10;9853219989;S
20240315;100702;40.41;1360;9853219992;B
20240315;100702;40.4;10;9853219993;S
20240315;100702;40.4;10;9853220016;S
20240315;100702;40.4;10;9853220037;S
20240315;100702;40.4;10;9853220038;S
20240315;100702;40.38;10;9853220041;S
20240315;100702;40.36;10;9853220045;S
20240315;100702;40.36;1640;9853220046;S
20240315;100702;40.33;2000;9853220056;S
20240315;100703;40.33;5000;9853220102;S
20240315;100703;40.33;10;9853220103;S
20240315;100703;40.31;120;9853220169;S
20240315;100704;40.31;2000;9853220267;S
20240315;100704;40.31;360;9853220269;S
20240315;100704;40.31;1000;9853220270;S
20240315;100704;40.32;10;9853220281;B
20240315;100704;40.32;1500;9853220333;B
20240315;100704;40.31;10;9853220348;S
20240315;100704;40.31;120;9853220375;S
20240315;100705;40.32;490;9853220424;B
20240315;100705;40.32;510;9853220425;B
20240315;100706;40.31;2000;9853220523;S
20240315;100706;40.32;10;9853220556;B
20240315;100707;40.32;2480;9853220619;B
20240315;100707;40.32;2000;9853220620;B
20240315;100707;40.32;480;9853220621;B
20240315;100707;40.31;2000;9853220699;S
20240315;100708;40.32;1100;9853220712;B
20240315;100708;40.32;2000;9853220713;B
20240315;100709;40.33;1040;9853220862;B
20240315;100709;40.33;2480;9853220863;B
20240315;100709;40.33;1480;9853220864;B
20240315;100709;40.33;520;9853220874;B
20240315;100709;40.34;1630;9853220875;B
20240315;100709;40.34;2490;9853220876;B
20240315;100709;40.35;5000;9853220877;B
20240315;100709;40.35;360;9853220878;B
20240315;100709;40.34;1000;9853220887;B
20240315;100709;40.34;150;9853220899;B
20240315;100710;40.32;1560;9853221078;S
20240315;100710;40.32;440;9853221079;S
20240315;100711;40.34;70;9853221166;B
20240315;100711;40.34;1270;9853221335;B
20240315;100711;40.34;2000;9853221336;B
20240315;100711;40.34;1090;9853221337;B
20240315;100711;40.35;640;9853221338;B
20240315;100711;40.34;2490;9853221339;B
20240315;100711;40.35;510;9853221340;B
20240315;100713;40.34;1000;9853221795;B
20240315;100713;40.32;2000;9853221835;S
20240315;100714;40.32;1000;9853221853;S
20240315;100714;40.34;170;9853221920;B
20240315;100714;40.34;1470;9853221921;B
20240315;100714;40.34;530;9853221937;B
20240315;100715;40.35;10;9853222002;B
20240315;100715;40.35;1220;9853222003;B
20240315;100715;40.35;2490;9853222004;B
20240315;100715;40.35;1230;9853222005;B
20240315;100715;40.35;370;9853222013;B
20240315;100715;40.35;10;9853222080;B
20240315;100715;40.35;150;9853222086;B
20240315;100716;40.35;240;9853222111;B
20240315;100716;40.35;140;9853222112;B
20240315;100716;40.35;1400;9853222122;B
20240315;100716;40.35;1080;9853222138;B
20240315;100716;40.35;1420;9853222139;B
20240315;100716;40.35;1000;9853222174;B
20240315;100716;40.35;280;9853222214;B
20240315;100716;40.35;2000;9853222215;B
20240315;100716;40.36;400;9853222216;B
20240315;100716;40.36;120;9853222217;B
20240315;100716;40.36;700;9853222218;B
20240315;100716;40.36;1200;9853222225;B
20240315;100716;40.37;200;9853222233;B
20240315;100717;40.37;300;9853222395;B
20240315;100719;40.35;1020;9853222530;S
20240315;100719;40.34;980;9853222531;S
20240315;100719;40.37;1580;9853222624;B
20240315;100720;40.37;10;9853222662;B
20240315;100720;40.37;2910;9853222672;B
20240315;100720;40.37;1530;9853222673;B
20240315;100720;40.37;460;9853222674;B
20240315;100720;40.37;10;9853222683;B
20240315;100720;40.36;20;9853222711;B
20240315;100720;40.36;10;9853222726;B
20240315;100720;40.36;190;9853222727;B
20240315;100720;40.36;10;9853222730;B
20240315;100720;40.36;10;9853222757;B
20240315;100720;40.36;10;9853222771;B
20240315;100720;40.36;10;9853222785;B
20240315;100721;40.36;10;9853222791;B
20240315;100721;40.36;10;9853222811;B
20240315;100722;40.36;1000;9853222984;B
20240315;100722;40.36;2000;9853222985;B
20240315;100722;40.37;1530;9853222986;B
20240315;100722;40.37;2000;9853222987;B
20240315;100722;40.37;1000;9853222988;B
20240315;100722;40.38;2470;9853222989;B
20240315;100723;40.38;40;9853223173;B
20240315;100723;40.34;90;9853223279;S
20240315;100725;40.37;90;9853223486;B
20240315;100725;40.37;910;9853223487;B
20240315;100725;40.37;1000;9853223523;B
20240315;100726;40.34;1310;9853223591;S
20240315;100726;40.34;1140;9853223592;S
20240315;100726;40.37;90;9853223612;B
20240315;100726;40.37;110;9853223613;B
20240315;100726;40.36;10;9853223638;B
20240315;100726;40.37;20;9853223639;B
20240315;100727;40.37;10;9853223688;B
20240315;100727;40.36;10;9853223754;B
20240315;100727;40.36;2000;9853223755;B
20240315;100727;40.37;1280;9853223756;B
20240315;100727;40.38;17180;9853223757;B
20240315;100727;40.38;4530;9853223758;B
20240315;100729;40.34;200;9853223990;S
20240315;100730;40.38;600;9853224018;B
20240315;100730;40.38;1000;9853224019;B
20240315;100730;40.38;400;9853224020;B
20240315;100730;40.37;1300;9853224100;B
20240315;100731;40.37;30;9853224168;B
20240315;100732;40.34;1420;9853224244;S
20240315;100732;40.34;2490;9853224245;S
20240315;100732;40.34;6090;9853224246;S
20240315;100732;40.37;30;9853224256;B
20240315;100735;40.36;40;9853224685;B
20240315;100737;40.36;20;9853224916;B
20240315;100738;40.36;50;9853224972;B
20240315;100739;40.34;100;9853225067;S
20240315;100739;40.34;50;9853225068;S
20240315;100739;40.34;1000;9853225069;S
20240315;100739;40.34;2000;9853225070;S
20240315;100739;40.33;1670;9853225071;S
20240315;100739;40.33;10;9853225072;S
20240315;100739;40.32;1170;9853225073;S
20240315;100740;40.33;50;9853225159;B
20240315;100740;40.33;300;9853225346;B
20240315;100741;40.34;1440;9853225414;B
20240315;100741;40.34;60;9853225415;B
20240315;100742;40.35;20;9853225500;B
20240315;100742;40.35;1130;9853225617;B
20240315;100742;40.35;2000;9853225618;B
20240315;100742;40.36;250;9853225619;B
20240315;100742;40.36;2490;9853225620;B
20240315;100742;40.36;130;9853225621;B
20240315;100743;40.34;10;9853225776;B
20240315;100743;40.34;240;9853225777;B
20240315;100743;40.34;50;9853225812;B
20240315;100743;40.33;500;9853225830;S
20240315;100743;40.33;580;9853225831;S
20240315;100743;40.34;1710;9853225832;B
20240315;100743;40.35;1040;9853225833;B
20240315;100743;40.36;2250;9853225834;B
20240315;100744;40.36;10;9853225977;B
20240315;100745;40.35;100;9853226043;B
20240315;100745;40.33;420;9853226103;S
20240315;100747;40.33;50;9853226329;B
20240315;100748;40.33;10;9853226402;B
20240315;100750;40.33;70;9853226702;B
20240315;100751;40.33;100;9853226785;B
20240315;100751;40.33;50;9853226869;B
20240315;100752;40.33;300;9853226969;B
20240315;100752;40.33;200;9853226970;B
20240315;100755;40.33;500;9853227358;B
20240315;100756;40.33;20;9853227447;B
20240315;100756;40.33;20;9853227482;B
20240315;100756;40.32;100;9853227483;S
20240315;100756;40.32;250;9853227484;S
20240315;100757;40.32;650;9853227617;B
20240315;100757;40.32;1350;9853227618;B
20240315;100800;40.32;700;9853227965;B
20240315;100800;40.32;30;9853227974;B
20240315;100802;40.31;50;9853228162;S
20240315;100802;40.3;100;9853228163;S
20240315;100802;40.3;350;9853228164;S
20240315;100802;40.32;1760;9853228182;B
20240315;100802;40.32;10;9853228183;B
20240315;100803;40.32;10;9853228440;S
20240315;100804;40.33;1000;9853228584;B
20240315;100805;40.33;10;9853228674;B
20240315;100806;40.33;30;9853228736;B
20240315;100808;40.33;20;9853228979;B
20240315;100808;40.33;1160;9853228988;B
20240315;100808;40.34;3000;9853228989;B
20240315;100808;40.34;1010;9853228990;B
20240315;100808;40.34;2000;9853228991;B
20240315;100808;40.36;3000;9853228992;B
20240315;100808;40.36;7460;9853228993;B
20240315;100808;40.37;1000;9853228994;B
20240315;100808;40.37;1370;9853228995;B
20240315;100809;40.38;10;9853229138;B
20240315;100810;40.38;10;9853229381;B
20240315;100811;40.38;30;9853229460;B
20240315;100816;40.35;1310;9853230077;S
20240315;100816;40.35;2500;9853230078;S
20240315;100816;40.33;10;9853230082;S
20240315;100816;40.33;20;9853230083;S
20240315;100817;40.35;250;9853230282;B
20240315;100819;40.35;10;9853230507;B
20240315;100819;40.33;20;9853230606;S
20240315;100822;40.35;680;9853230896;B
20240315;100825;40.33;50;9853231439;S
20240315;100826;40.35;1230;9853231509;B
20240315;100828;40.34;20;9853231746;B
20240315;100828;40.34;60;9853231773;B
20240315;100828;40.34;1300;9853231774;B
20240315;100829;40.33;10;9853231903;S
20240315;100830;40.34;250;9853231945;B
20240315;100832;40.34;50;9853232181;B
20240315;100833;40.33;20;9853232336;S
20240315;100833;40.33;2360;9853232352;S
20240315;100833;40.33;60;9853232353;S
20240315;100833;40.34;1500;9853232383;B
20240315;100834;40.33;40;9853232422;S
20240315;100834;40.33;960;9853232423;S
20240315;100835;40.34;700;9853232645;B
20240315;100835;40.34;1750;9853232646;B
20240315;100836;40.34;750;9853232698;B
20240315;100836;40.34;4960;9853232699;B
20240315;100836;40.34;2000;9853232700;B
20240315;100836;40.35;1290;9853232701;B
20240315;100838;40.35;1000;9853232869;B
20240315;100841;40.35;10;9853233196;B
20240315;100841;40.35;40;9853233218;B
20240315;100841;40.35;1060;9853233264;B
20240315;100841;40.34;510;9853233267;S
20240315;100842;40.35;1000;9853233329;B
20240315;100843;40.34;100;9853233421;S
20240315;100845;40.35;8000;9853233612;B
20240315;100845;40.35;2500;9853233667;B
20240315;100845;40.35;1210;9853233673;B
20240315;100846;40.35;400;9853233801;B
20240315;100846;40.35;30;9853233808;B
20240315;100846;40.34;1500;9853233816;S
20240315;100847;40.34;1110;9853233919;S
20240315;100847;40.35;120;9853233989;B
20240315;100848;40.35;12360;9853234116;B
20240315;100848;40.35;5000;9853234117;B
20240315;100848;40.35;2000;9853234118;B
20240315;100848;40.35;500;9853234119;B
20240315;100848;40.35;10;9853234120;B
20240315;100848;40.36;2500;9853234121;B
20240315;100848;40.36;1060;9853234122;B
20240315;100848;40.37;1310;9853234123;B
20240315;100848;40.37;5000;9853234124;B
20240315;100848;40.37;10;9853234125;B
20240315;100848;40.38;250;9853234126;B
20240315;100849;40.35;1170;9853234198;S
20240315;100849;40.35;220;9853234199;S
20240315;100849;40.34;110;9853234200;S
20240315;100849;40.37;1000;9853234244;B
20240315;100849;40.34;80;9853234246;S
20240315;100849;40.35;10;9853234252;S
20240315;100849;40.37;10;9853234260;B
20240315;100851;40.37;160;9853234522;B
20240315;100851;40.37;2000;9853234523;B
20240315;100851;40.38;1840;9853234524;B
20240315;100854;40.37;250;9853235048;B
20240315;100854;40.37;2000;9853235049;B
20240315;100854;40.38;250;9853235050;B
20240315;100856;40.37;500;9853235404;B
20240315;100857;40.36;60;9853235451;S
20240315;100857;40.37;600;9853235518;B
20240315;100858;40.37;500;9853235589;B
20240315;100859;40.36;20;9853235747;S
20240315;100859;40.36;470;9853235751;S
20240315;100900;40.36;100;9853235870;S
20240315;100900;40.35;370;9853235871;S
20240315;100900;40.35;60;9853235919;S
20240315;100904;40.37;350;9853236554;B
20240315;100909;40.35;30;9853237046;S
20240315;100910;40.37;1660;9853237197;B
20240315;100910;40.37;840;9853237198;B
20240315;100912;40.37;10;9853237447;B
20240315;100916;40.35;30;9853237960;S
20240315;100916;40.35;130;9853237978;S
20240315;100916;40.35;100;9853237979;S
20240315;100916;40.35;2490;9853237980;S
20240315;100916;40.35;330;9853237981;S
20240315;100916;40.35;400;9853237982;S
20240315;100916;40.35;20;9853237983;S
20240315;100916;40.35;180;9853237984;S
20240315;100917;40.34;40;9853238116;S
20240315;100917;40.35;20;9853238147;B
20240315;100918;40.34;2960;9853238231;S
20240315;100918;40.34;40;9853238232;S
20240315;100918;40.35;20;9853238234;B
20240315;100918;40.35;400;9853238238;B
20240315;100919;40.35;10;9853238330;B
20240315;100919;40.35;10;9853238402;B
20240315;100920;40.35;10;9853238441;B
20240315;100920;40.35;100;9853238455;B
20240315;100922;40.35;1000;9853238778;B
20240315;100924;40.35;20;9853238993;B
20240315;100924;40.35;2500;9853239010;B
20240315;100925;40.34;7500;9853239057;S
20240315;100926;40.35;10;9853239348;B
20240315;100929;40.34;10;9853239828;B
20240315;100929;40.34;190;9853239829;B
20240315;100931;40.34;2000;9853240243;B
20240315;100932;40.34;2490;9853240326;S
20240315;100932;40.33;10;9853240327;S
20240315;100935;40.34;10;9853240854;B
20240315;100935;40.35;490;9853240855;B
20240315;100940;40.33;10;9853241458;S
20240315;100943;40.35;20;9853241767;B
20240315;100943;40.35;40;9853241835;B
20240315;100943;40.36;280;9853241836;B
20240315;100944;40.36;10;9853241913;B
20240315;100945;40.36;80;9853242024;B
20240315;100945;40.36;1420;9853242025;B
20240315;100947;40.36;20;9853242239;B
20240315;100948;40.35;10;9853242364;B
20240315;100948;40.36;560;9853242365;B
20240315;100948;40.36;400;9853242366;B
20240315;100948;40.36;1100;9853242367;B
20240315;100948;40.36;10;9853242368;B
20240315;100948;40.37;2920;9853242369;B
20240315;100948;40.34;100;9853242414;S
20240315;100948;40.34;1970;9853242415;S
20240315;100948;40.34;1100;9853242416;S
20240315;100948;40.33;20;9853242417;S
20240315;100948;40.33;120;9853242418;S
20240315;100948;40.33;1690;9853242419;S
20240315;100953;40.34;50;9853243090;S
20240315;100953;40.34;2450;9853243091;S
20240315;100955;40.34;50;9853243396;S
20240315;100955;40.34;20;9853243397;S
20240315;100955;40.33;9930;9853243398;S
20240315;101003;40.33;10000;9853244294;S
20240315;101005;40.35;1000;9853244518;B
20240315;101006;40.35;1000;9853244660;B
20240315;101009;40.33;1500;9853245097;S
20240315;101011;40.34;10;9853245339;S
20240315;101011;40.34;10;9853245350;S
20240315;101011;40.36;20;9853245366;B
20240315;101012;40.36;10;9853245486;B
20240315;101013;40.36;200;9853245602;B
20240315;101015;40.34;990;9853245889;S
20240315;101015;40.33;1880;9853245890;S
20240315;101015;40.33;3500;9853245891;S
20240315;101015;40.33;300;9853245892;S
20240315;101015;40.33;20;9853245893;S
20240315;101015;40.33;530;9853245894;S
20240315;101015;40.33;40;9853245895;S
20240315;101015;40.33;60;9853245896;S
20240315;101015;40.32;40;9853245897;S
20240315;101015;40.32;1810;9853245898;S
20240315;101015;40.32;2000;9853245899;S
20240315;101015;40.32;9910;9853245900;S
20240315;101015;40.31;600;9853245901;S
20240315;101015;40.31;600;9853245902;S
20240315;101015;40.31;5000;9853245903;S
20240315;101015;40.31;10;9853245904;S
20240315;101015;40.31;2710;9853245905;S
20240315;101016;40.32;50;9853246021;S
20240315;101016;40.35;10;9853246096;B
20240315;101018;40.33;10;9853246235;B
20240315;101020;40.33;20;9853246492;B
20240315;101020;40.33;2490;9853246493;B
20240315;101020;40.34;1090;9853246494;B
20240315;101025;40.33;260;9853247191;B
20240315;101026;40.31;2400;9853247210;S
20240315;101026;40.31;2400;9853247211;S
20240315;101026;40.31;240;9853247255;B
20240315;101027;40.31;10;9853247386;S
20240315;101028;40.31;500;9853247453;S
20240315;101030;40.3;50;9853247984;S
20240315;101030;40.3;40;9853247985;S
20240315;101030;40.3;410;9853247986;S
20240315;101031;40.31;440;9853248035;B
20240315;101031;40.31;1500;9853248180;B
20240315;101032;40.31;3500;9853248238;B
20240315;101033;40.31;490;9853248376;B
20240315;101033;40.31;40;9853248428;B
20240315;101034;40.31;1200;9853248584;B
20240315;101035;40.3;90000;9853248686;S
20240315;101035;40.3;2520;9853248687;S
20240315;101035;40.3;1000;9853248688;S
20240315;101036;40.3;6070;9853248746;S
20240315;101036;40.3;230;9853248747;S
20240315;101036;40.31;10;9853248755;B
20240315;101036;40.3;170;9853248758;S
20240315;101036;40.3;500;9853248759;S
20240315;101036;40.3;1000;9853248760;S
20240315;101036;40.3;3260;9853248761;S
20240315;101036;40.29;240;9853248775;S
20240315;101036;40.29;10;9853248778;S
20240315;101036;40.29;30;9853248779;S
20240315;101037;40.3;100;9853248894;B
20240315;101037;40.29;500;9853248953;S
20240315;101038;40.3;40;9853249097;B
20240315;101039;40.29;220;9853249139;S
20240315;101039;40.29;100;9853249140;S
20240315;101039;40.29;870;9853249141;S
20240315;101039;40.29;240;9853249178;S
20240315;101042;40.29;3710;9853249461;S
20240315;101042;40.29;800;9853249581;B
20240315;101043;40.29;470;9853249668;B
20240315;101043;40.29;120;9853249669;B
20240315;101043;40.3;2350;9853249670;B
20240315;101043;40.3;2010;9853249671;B
20240315;101043;40.28;9920;9853249753;S
20240315;101043;40.27;120;9853249754;S
20240315;101043;40.27;2000;9853249755;S
20240315;101043;40.27;1180;9853249756;S
20240315;101044;40.29;970;9853249844;B
20240315;101044;40.29;10;9853249845;B
20240315;101046;40.29;750;9853250165;B
20240315;101046;40.29;130;9853250166;B
20240315;101046;40.3;120;9853250167;B
20240315;101047;40.29;200;9853250265;S
20240315;101047;40.3;460;9853250280;B
20240315;101047;40.31;540;9853250281;B
20240315;101052;40.3;70;9853251218;S
20240315;101052;40.29;4930;9853251219;S
20240315;101052;40.31;6740;9853251316;B
20240315;101052;40.31;500;9853251317;B
20240315;101052;40.32;2490;9853251318;B
20240315;101052;40.33;3740;9853251319;B
20240315;101052;40.33;80;9853251320;B
20240315;101052;40.33;6450;9853251321;B
20240315;101057;40.31;790;9853252219;S
20240315;101057;40.31;10;9853252220;S
20240315;101059;40.31;30;9853252412;B
20240315;101102;40.31;10;9853252785;B
20240315;101102;40.31;12460;9853252828;B
20240315;101103;40.32;2490;9853253115;S
20240315;101103;40.31;1510;9853253116;S
20240315;101104;40.32;10;9853253182;S
20240315;101107;40.33;320;9853253720;B
20240315;101107;40.32;1000;9853253742;S
20240315;101108;40.33;1740;9853253907;B
20240315;101108;40.34;300;9853253908;B
20240315;101108;40.34;80;9853253909;B
20240315;101108;40.34;60;9853253910;B
20240315;101108;40.34;320;9853253911;B
20240315;101108;40.35;10;9853253937;B
20240315;101112;40.35;10;9853254438;B
20240315;101114;40.33;410;9853254885;S
20240315;101118;40.33;120;9853255470;S
20240315;101121;40.33;70;9853255738;S
20240315;101122;40.33;10;9853255924;S
20240315;101123;40.33;1630;9853256144;S
20240315;101123;40.33;980;9853256145;S
20240315;101127;40.33;20;9853256537;S
20240315;101127;40.33;1000;9853256538;S
20240315;101127;40.31;180;9853256539;S
20240315;101130;40.34;30;9853257049;B
20240315;101135;40.34;10;9853257794;B
20240315;101137;40.33;310;9853258146;S
20240315;101139;40.34;10;9853258338;B
20240315;101139;40.34;20;9853258361;B
20240315;101143;40.34;10;9853258839;B
20240315;101143;40.34;50;9853258845;B
20240315;101145;40.34;2470;9853259127;B
20240315;101147;40.34;10;9853259271;B
20240315;101147;40.34;2430;9853259334;B
20240315;101147;40.35;380;9853259359;B
20240315;101148;40.34;10;9853259385;S
20240315;101148;40.35;1600;9853259448;B
20240315;101148;40.35;4540;9853259449;B
20240315;101149;40.35;100;9853259547;B
20240315;101151;40.35;10;9853259760;B
20240315;101153;40.35;50;9853259906;B
20240315;101154;40.35;300;9853260043;B
20240315;101154;40.35;2700;9853260044;B
20240315;101154;40.35;650;9853260110;B
20240315;101156;40.34;60;9853260350;S
20240315;101200;40.35;1180;9853261047;B
20240315;101200;40.36;13820;9853261048;B
20240315;101202;40.36;7530;9853261460;B
20240315;101202;40.36;10;9853261461;B
20240315;101202;40.36;860;9853261462;B
20240315;101202;40.36;3760;9853261463;B
20240315;101202;40.37;1080;9853261464;B
20240315;101202;40.37;250;9853261465;B
20240315;101202;40.37;150;9853261466;B
20240315;101202;40.37;10;9853261467;B
20240315;101202;40.38;20;9853261528;B
20240315;101202;40.38;10;9853261529;B
20240315;101202;40.38;630;9853261569;B
20240315;101202;40.37;2000;9853261624;S
20240315;101202;40.36;410;9853261625;S
20240315;101202;40.36;2490;9853261626;S
20240315;101202;40.36;10;9853261629;B
20240315;101202;40.36;10;9853261656;B
20240315;101202;40.36;30;9853261657;B
20240315;101203;40.36;10;9853261692;B
20240315;101203;40.36;250;9853261804;B
20240315;101203;40.36;130;9853261819;B
20240315;101204;40.36;20;9853262042;B
20240315;101204;40.36;730;9853262069;B
20240315;101204;40.36;10;9853262105;B
20240315;101204;40.36;670;9853262108;B
20240315;101204;40.38;10;9853262110;B
20240315;101205;40.38;330;9853262200;B
20240315;101205;40.38;10;9853262201;B
20240315;101205;40.38;20;9853262202;B
20240315;101205;40.38;10;9853262203;B
20240315;101206;40.39;100;9853262356;B
20240315;101206;40.39;9900;9853262357;B
20240315;101206;40.39;100;9853262389;B
20240315;101206;40.39;100;9853262415;B
20240315;101206;40.39;30;9853262452;B
20240315;101206;40.38;10;9853262472;S
20240315;101206;40.39;100;9853262474;B
20240315;101207;40.39;2000;9853262523;B
20240315;101208;40.39;100;9853262616;B
20240315;101208;40.39;12370;9853262632;B
20240315;101208;40.39;3200;9853262693;B
20240315;101209;40.39;70;9853262757;B
20240315;101209;40.39;1000;9853262815;B
20240315;101211;40.39;110;9853263094;B
20240315;101211;40.39;10;9853263108;B
20240315;101212;40.39;110;9853263162;B
20240315;101212;40.39;110;9853263248;B
20240315;101212;40.39;50;9853263307;B
20240315;101213;40.39;110;9853263318;B
20240315;101213;40.39;110;9853263384;B
20240315;101214;40.39;110;9853263460;B
20240315;101215;40.39;110;9853263518;B
20240315;101215;40.39;110;9853263609;B
20240315;101215;40.39;10;9853263625;B
20240315;101216;40.39;4930;9853263631;B
20240315;101216;40.39;2000;9853263633;B
20240315;101216;40.39;110;9853263727;B
20240315;101217;40.38;40;9853263801;S
20240315;101217;40.39;110;9853263831;B
20240315;101218;40.39;110;9853263956;B
20240315;101218;40.39;5540;9853263979;B
20240315;101218;40.39;110;9853264034;B
20240315;101219;40.39;110;9853264104;B
20240315;101219;40.39;110;9853264170;B
20240315;101220;40.39;3500;9853264191;B
20240315;101220;40.39;2280;9853264219;B
20240315;101220;40.39;110;9853264279;B
20240315;101220;40.39;580;9853264346;B
20240315;101220;40.39;420;9853264347;B
20240315;101221;40.39;4930;9853264379;B
20240315;101221;40.39;110;9853264395;B
20240315;101221;40.39;4540;9853264455;B
20240315;101221;40.4;10;9853264456;B
20240315;101221;40.4;450;9853264457;B
20240315;101221;40.4;50;9853264458;B
20240315;101221;40.4;520;9853264459;B
20240315;101221;40.4;160;9853264480;B
20240315;101221;40.4;110;9853264512;B
20240315;101221;40.4;10;9853264513;B
20240315;101221;40.4;200;9853264514;B
20240315;101221;40.4;150;9853264515;B
20240315;101221;40.4;50;9853264516;B
20240315;101221;40.4;450;9853264517;B
20240315;101222;40.4;10;9853264544;B
20240315;101222;40.4;10;9853264562;B
20240315;101222;40.4;2010;9853264573;B
20240315;101222;40.4;110;9853264591;B
20240315;101222;40.4;480;9853264610;B
20240315;101222;40.4;10;9853264616;B
20240315;101222;40.4;20;9853264625;B
20240315;101223;40.4;40;9853264657;B
20240315;101223;40.4;110;9853264676;B
20240315;101223;40.4;440;9853264677;B
20240315;101223;40.4;20000;9853264689;B
20240315;101223;40.4;110;9853264740;B
20240315;101223;40.4;10;9853264741;B
20240315;101223;40.4;10;9853264753;B
20240315;101224;40.4;10;9853264756;B
20240315;101224;40.4;3200;9853264778;B
20240315;101224;40.4;30;9853264779;B
20240315;101224;40.4;10;9853264780;B
20240315;101224;40.4;10;9853264793;B
20240315;101224;40.4;20;9853264802;B
20240315;101224;40.4;160;9853264804;B
20240315;101224;40.4;50;9853264815;B
20240315;101224;40.4;10;9853264816;B
20240315;101224;40.4;10;9853264825;B
20240315;101224;40.4;670;9853264827;B
20240315;101224;40.4;20;9853264828;B
20240315;101224;40.4;10;9853264829;B
20240315;101224;40.4;200;9853264847;B
20240315;101224;40.4;10;9853264855;B
20240315;101224;40.4;60;9853264856;B
20240315;101224;40.4;10;9853264863;B
20240315;101224;40.4;10;9853264874;B
20240315;101225;40.4;10;9853264920;B
20240315;101225;40.4;10;9853264942;B
20240315;101225;40.4;80;9853264945;B
20240315;101225;40.4;40;9853264946;B
20240315;101225;40.4;200;9853264947;B
20240315;101225;40.4;910;9853264948;B
20240315;101225;40.4;30;9853264949;B
20240315;101225;40.4;110;9853265020;B
20240315;101225;40.4;60;9853265021;B
20240315;101227;40.4;90;9853265354;B
20240315;101227;40.4;300;9853265367;B
20240315;101227;40.4;30;9853265368;B
20240315;101227;40.4;10;9853265369;B
20240315;101227;40.4;210;9853265370;B
20240315;101227;40.4;10;9853265379;B
20240315;101228;40.4;10;9853265405;B
20240315;101228;40.4;770;9853265423;B
20240315;101228;40.4;480;9853265424;B
20240315;101228;40.4;700;9853265425;B
20240315;101228;40.41;10;9853265455;B
20240315;101228;40.41;10;9853265469;B
20240315;101228;40.41;450;9853265470;B
20240315;101228;40.41;10;9853265492;B
20240315;101229;40.41;1480;9853265584;B
20240315;101229;40.42;10;9853265608;B
20240315;101229;40.42;10;9853265644;B
20240315;101229;40.42;500;9853265653;B
20240315;101230;40.42;10;9853265683;B
20240315;101230;40.42;1360;9853265708;B
20240315;101230;40.42;10;9853265716;B
20240315;101230;40.41;50;9853265743;S
20240315;101230;40.42;10;9853265763;B
20240315;101231;40.42;1300;9853265787;B
20240315;101231;40.42;1120;9853265788;B
20240315;101231;40.43;50;9853265789;B
20240315;101231;40.43;280;9853265790;B
20240315;101231;40.43;1720;9853265799;B
20240315;101231;40.43;320;9853265800;B
20240315;101231;40.43;10;9853265833;B
20240315;101231;40.43;9560;9853265854;B
20240315;101231;40.43;1600;9853265855;B
20240315;101231;40.44;50;9853265856;B
20240315;101231;40.44;20;9853265857;B
20240315;101231;40.44;1000;9853265858;B
20240315;101231;40.44;10;9853265859;B
20240315;101231;40.44;260;9853265860;B
20240315;101231;40.44;50;9853265861;B
20240315;101231;40.44;10;9853265889;B
20240315;101232;40.44;10;9853265932;B
20240315;101232;40.44;800;9853265934;B
20240315;101232;40.44;200;9853265949;B
20240315;101232;40.44;1190;9853265961;B
20240315;101232;40.44;200;9853265969;B
20240315;101232;40.44;10;9853266001;B
20240315;101232;40.44;7270;9853266010;B
20240315;101232;40.44;10;9853266011;B
20240315;101232;40.44;10;9853266012;B
20240315;101232;40.44;100;9853266013;B
20240315;101232;40.44;10;9853266014;B
20240315;101232;40.44;60;9853266015;B
20240315;101232;40.44;10;9853266042;B
20240315;101233;40.44;10;9853266155;B
20240315;101233;40.44;10;9853266179;B
20240315;101233;40.44;10;9853266200;B
20240315;101233;40.44;10;9853266291;B
20240315;101234;40.44;10;9853266330;B
20240315;101234;40.44;10;9853266368;B
20240315;101235;40.44;10;9853266420;B
20240315;101235;40.44;60;9853266442;B
20240315;101235;40.44;640;9853266443;B
20240315;101235;40.44;80;9853266461;B
20240315;101235;40.44;10;9853266462;B
20240315;101235;40.44;10;9853266597;B
20240315;101236;40.44;10;9853266645;B
20240315;101236;40.44;10;9853266687;B
20240315;101236;40.44;1640;9853266757;B
20240315;101236;40.45;500;9853266758;B
20240315;101236;40.45;10;9853266759;B
20240315;101236;40.45;230;9853266760;B
20240315;101236;40.45;10;9853266761;B
20240315;101236;40.45;30;9853266762;B
20240315;101236;40.45;200;9853266763;B
20240315;101236;40.45;10;9853266766;B
20240315;101237;40.45;1200;9853266784;B
20240315;101237;40.45;1200;9853266785;B
20240315;101237;40.45;10;9853266802;B
20240315;101237;40.44;480;9853266803;S
20240315;101237;40.45;10;9853266833;B
20240315;101237;40.45;10;9853266837;B
20240315;101237;40.44;120;9853266846;S
20240315;101237;40.45;100;9853266870;B
20240315;101238;40.45;10;9853266878;B
20240315;101238;40.45;150;9853266885;B
20240315;101238;40.45;10;9853266944;B
20240315;101239;40.45;10;9853267010;B
20240315;101239;40.45;10;9853267062;B
20240315;101239;40.45;10;9853267138;B
20240315;101240;40.45;10;9853267220;B
20240315;101240;40.45;10;9853267292;B
20240315;101241;40.44;740;9853267346;S
20240315;101241;40.45;10;9853267352;B
20240315;101241;40.45;60;9853267381;B
20240315;101241;40.45;10;9853267386;B
20240315;101242;40.45;10;9853267424;B
20240315;101242;40.45;10;9853267464;B
20240315;101243;40.45;10;9853267501;B
20240315;101243;40.45;430;9853267521;B
20240315;101243;40.45;10;9853267558;B
20240315;101243;40.45;10;9853267614;B
20240315;101243;40.45;10;9853267666;B
20240315;101244;40.45;10;9853267729;B
20240315;101244;40.44;500;9853267739;S
20240315;101244;40.45;10;9853267780;B
20240315;101244;40.45;10;9853267828;B
20240315;101245;40.45;10;9853267880;B
20240315;101245;40.44;20;9853267884;S
20240315;101245;40.45;10;9853267901;B
20240315;101246;40.45;10;9853267941;B
20240315;101246;40.45;10;9853267990;B
20240315;101246;40.45;10;9853268022;B
20240315;101246;40.45;10;9853268032;B
20240315;101247;40.44;1500;9853268047;S
20240315;101247;40.44;20;9853268048;S
20240315;101247;40.44;40;9853268049;S
20240315;101247;40.43;50;9853268050;S
20240315;101247;40.42;2580;9853268051;S
20240315;101247;40.42;30;9853268052;S
20240315;101247;40.41;10;9853268053;S
20240315;101247;40.41;750;9853268054;S
20240315;101247;40.41;20;9853268055;S
20240315;101247;40.44;10;9853268081;B
20240315;101247;40.44;10;9853268146;B
20240315;101248;40.44;10;9853268170;B
20240315;101248;40.43;10;9853268224;B
20240315;101248;40.43;10;9853268338;B
20240315;101249;40.42;10;9853268401;B
20240315;101249;40.42;10;9853268441;B
20240315;101250;40.42;10;9853268496;B
20240315;101250;40.42;10;9853268562;B
20240315;101250;40.42;10;9853268588;B
20240315;101251;40.42;10;9853268650;B
20240315;101251;40.42;40;9853268675;B
20240315;101251;40.42;1000;9853268704;B
20240315;101251;40.42;50;9853268725;B
20240315;101251;40.42;10;9853268753;B
20240315;101252;40.42;10;9853268848;B
20240315;101253;40.42;10;9853268900;B
20240315;101253;40.42;10;9853268961;B
20240315;101254;40.42;10;9853269034;B
20240315;101254;40.42;10;9853269075;B
20240315;101254;40.42;10;9853269116;B
20240315;101255;40.42;1320;9853269212;B
20240315;101255;40.42;800;9853269213;B
20240315;101255;40.42;10;9853269214;B
20240315;101255;40.42;10;9853269215;B
20240315;101255;40.42;10;9853269216;B
20240315;101255;40.43;1000;9853269217;B
20240315;101255;40.43;2000;9853269218;B
20240315;101255;40.43;1190;9853269219;B
20240315;101255;40.44;420;9853269220;B
20240315;101255;40.44;5000;9853269221;B
20240315;101255;40.44;2000;9853269222;B
20240315;101255;40.44;10;9853269223;B
20240315;101255;40.44;730;9853269224;B
20240315;101255;40.43;10;9853269226;B
20240315;101255;40.43;10;9853269246;B
20240315;101255;40.43;10;9853269334;B
20240315;101256;40.43;50;9853269344;B
20240315;101256;40.43;10;9853269381;B
20240315;101256;40.43;10;9853269400;B
20240315;101257;40.42;10;9853269506;S
20240315;101257;40.41;30;9853269507;S
20240315;101257;40.41;170;9853269508;S
20240315;101257;40.43;10;9853269557;B
20240315;101258;40.43;10;9853269615;B
20240315;101258;40.43;10;9853269665;B
20240315;101258;40.41;10;9853269683;S
20240315;101258;40.41;700;9853269700;S
20240315;101259;40.43;10;9853269742;B
20240315;101259;40.43;10;9853269797;B
20240315;101259;40.43;10;9853269846;B
20240315;101300;40.43;10;9853269881;B
20240315;101300;40.43;10;9853269963;B
20240315;101301;40.43;10;9853270002;B
20240315;101301;40.43;10;9853270069;B
20240315;101301;40.43;500;9853270082;B
20240315;101302;40.43;10;9853270130;B
20240315;101302;40.41;1120;9853270159;S
20240315;101302;40.41;3880;9853270160;S
20240315;101302;40.43;10;9853270168;B
20240315;101302;40.43;10;9853270215;B
20240315;101302;40.43;10;9853270228;B
20240315;101303;40.43;10;9853270247;B
20240315;101303;40.43;10;9853270290;B
20240315;101304;40.43;10;9853270342;B
20240315;101304;40.43;80;9853270383;B
20240315;101304;40.43;1640;9853270385;B
20240315;101304;40.43;400;9853270386;B
20240315;101304;40.43;30;9853270387;B
20240315;101304;40.43;10;9853270388;B
20240315;101304;40.44;920;9853270389;B
20240315;101305;40.43;10;9853270476;B
20240315;101306;40.43;10;9853270557;B
20240315;101306;40.43;20;9853270596;B
20240315;101306;40.43;10;9853270620;B
20240315;101306;40.43;30;9853270638;B
20240315;101307;40.43;10;9853270661;B
20240315;101307;40.43;10;9853270710;B
20240315;101308;40.43;10;9853270791;B
20240315;101308;40.43;10;9853270825;B
20240315;101309;40.43;10;9853270874;B
20240315;101309;40.42;10;9853270936;S
20240315;101310;40.43;10;9853270982;B
20240315;101310;40.43;10;9853271053;B
20240315;101312;40.43;10;9853271204;B
20240315;101313;40.43;10;9853271291;B
20240315;101313;40.43;2320;9853271324;B
20240315;101313;40.43;180;9853271325;B
20240315;101313;40.43;770;9853271337;B
20240315;101313;40.43;10;9853271414;B
20240315;101313;40.43;140;9853271443;B
20240315;101314;40.43;130;9853271467;B
20240315;101314;40.43;200;9853271516;B
20240315;101314;40.43;10;9853271556;B
20240315;101314;40.43;10;9853271604;B
20240315;101315;40.43;10;9853271685;B
20240315;101315;40.43;10;9853271694;B
20240315;101315;40.43;10;9853271727;B
20240315;101316;40.43;10;9853271791;B
20240315;101317;40.43;10;9853271840;B
20240315;101317;40.43;10;9853271906;B
20240315;101318;40.43;10;9853271959;B
20240315;101319;40.43;10;9853272083;B
20240315;101320;40.43;10;9853272158;B
20240315;101320;40.43;10;9853272237;B
20240315;101321;40.43;10;9853272448;B
20240315;101322;40.43;10;9853272592;B
20240315;101322;40.43;40;9853272602;B
20240315;101322;40.43;120;9853272607;B
20240315;101324;40.43;270;9853272817;B
20240315;101325;40.43;180;9853272930;B
20240315;101325;40.43;290;9853272999;B
20240315;101325;40.43;30;9853273000;B
20240315;101325;40.43;70;9853273062;B
20240315;101325;40.43;1240;9853273063;B
20240315;101331;40.43;60;9853273714;B
20240315;101334;40.43;90;9853274197;B
20240315;101334;40.43;1000;9853274204;B
20240315;101334;40.43;50;9853274228;B
20240315;101334;40.42;10;9853274243;S
20240315;101334;40.41;1120;9853274244;S
20240315;101334;40.41;30;9853274245;S
20240315;101334;40.41;3840;9853274246;S
20240315;101335;40.43;30;9853274276;B
20240315;101335;40.43;970;9853274277;B
20240315;101335;40.4;360;9853274282;S
20240315;101335;40.4;500;9853274283;S
20240315;101335;40.4;280;9853274284;S
20240315;101335;40.4;200;9853274285;S
20240315;101335;40.4;10;9853274287;B
20240315;101336;40.4;150;9853274381;B
20240315;101337;40.41;100;9853274502;B
20240315;101337;40.43;900;9853274503;B
20240315;101338;40.43;250;9853274652;B
20240315;101338;40.44;330;9853274653;B
20240315;101338;40.44;200;9853274654;B
20240315;101338;40.44;220;9853274655;B
20240315;101339;40.44;1000;9853274749;B
20240315;101340;40.43;100;9853274921;B
20240315;101342;40.44;370;9853275045;B
20240315;101342;40.44;220;9853275061;B
20240315;101343;40.44;500;9853275222;B
20240315;101343;40.44;160;9853275236;B
20240315;101343;40.44;60;9853275237;B
20240315;101344;40.44;220;9853275325;B
20240315;101344;40.43;60;9853275380;S
20240315;101344;40.44;120;9853275385;B
20240315;101344;40.44;100;9853275386;B
20240315;101345;40.44;100;9853275502;B
20240315;101345;40.44;120;9853275503;B
20240315;101345;40.44;220;9853275570;B
20240315;101346;40.44;220;9853275630;B
20240315;101347;40.44;220;9853275715;B
20240315;101347;40.44;100;9853275725;B
20240315;101348;40.44;220;9853275846;B
20240315;101348;40.44;220;9853275957;B
20240315;101349;40.44;220;9853276041;B
20240315;101350;40.44;10;9853276085;B
20240315;101350;40.44;220;9853276157;B
20240315;101351;40.44;220;9853276246;B
20240315;101351;40.44;220;9853276325;B
20240315;101352;40.44;220;9853276427;B
20240315;101353;40.44;160;9853276514;B
20240315;101353;40.44;60;9853276515;B
20240315;101353;40.45;220;9853276590;B
20240315;101354;40.45;220;9853276691;B
20240315;101355;40.44;100;9853276838;S
20240315;101355;40.45;220;9853276844;B
20240315;101355;40.45;220;9853276914;B
20240315;101355;40.45;500;9853276915;B
20240315;101355;40.45;1000;9853276916;B
20240315;101355;40.45;3500;9853276917;B
20240315;101355;40.45;370;9853276939;B
20240315;101356;40.45;220;9853277011;B
20240315;101357;40.45;220;9853277129;B
20240315;101357;40.45;220;9853277187;B
20240315;101358;40.45;220;9853277223;B
20240315;101359;40.45;220;9853277286;B
20240315;101359;40.45;30;9853277384;B
20240315;101359;40.45;190;9853277385;B
20240315;101359;40.45;20;9853277403;B
20240315;101400;40.45;220;9853277479;B
20240315;101401;40.45;30;9853277520;B
20240315;101401;40.45;220;9853277542;B
20240315;101401;40.45;1000;9853277583;B
20240315;101402;40.45;220;9853277667;B
20240315;101402;40.45;20;9853277716;B
20240315;101403;40.45;80;9853277766;B
20240315;101403;40.45;140;9853277767;B
20240315;101403;40.45;500;9853277793;B
20240315;101403;40.44;90;9853277806;S
20240315;101404;40.45;1500;9853277825;B
20240315;101404;40.45;220;9853277826;B
20240315;101404;40.45;220;9853277874;B
20240315;101405;40.45;10;9853277900;B
20240315;101405;40.45;220;9853277985;B
20240315;101406;40.45;220;9853278073;B
20240315;101406;40.45;220;9853278134;B
20240315;101406;40.44;4910;9853278139;S
20240315;101406;40.44;90;9853278140;S
20240315;101407;40.45;220;9853278224;B
20240315;101408;40.45;220;9853278312;B
20240315;101409;40.45;220;9853278434;B
20240315;101410;40.45;220;9853278526;B
20240315;101410;40.45;10;9853278592;B
20240315;101410;40.44;810;9853278599;S
20240315;101410;40.44;120;9853278600;S
20240315;101410;40.43;440;9853278601;S
20240315;101410;40.43;200;9853278602;S
20240315;101410;40.43;10;9853278603;S
20240315;101410;40.42;10;9853278604;S
20240315;101410;40.42;1500;9853278605;S
20240315;101410;40.41;410;9853278606;S
20240315;101410;40.41;10;9853278607;S
20240315;101410;40.41;7460;9853278608;S
20240315;101410;40.41;2490;9853278609;S
20240315;101410;40.41;1200;9853278610;S
20240315;101410;40.4;7000;9853278611;S
20240315;101410;40.4;10;9853278612;S
20240315;101410;40.4;80;9853278613;S
20240315;101410;40.4;8980;9853278614;S
20240315;101411;40.42;1910;9853278635;B
20240315;101411;40.42;1110;9853278636;B
20240315;101411;40.42;2000;9853278637;B
20240315;101411;40.43;410;9853278638;B
20240315;101411;40.44;6000;9853278639;B
20240315;101411;40.44;9880;9853278640;B
20240315;101411;40.45;5860;9853278641;B
20240315;101411;40.45;400;9853278642;B
20240315;101411;40.45;700;9853278643;B
20240315;101411;40.45;10;9853278644;B
20240315;101411;40.45;5000;9853278645;B
20240315;101411;40.45;5000;9853278646;B
20240315;101411;40.46;10;9853278647;B
20240315;101411;40.46;300;9853278648;B
20240315;101411;40.46;120;9853278649;B
20240315;101411;40.46;14880;9853278650;B
20240315;101411;40.46;6410;9853278651;B
20240315;101411;40.41;10;9853278694;S
20240315;101412;40.45;950;9853278787;B
20240315;101412;40.45;1550;9853278788;B
20240315;101412;40.45;80;9853278790;B
20240315;101412;40.45;300;9853278793;B
20240315;101412;40.45;10;9853278858;B
20240315;101413;40.45;10;9853278879;B
20240315;101413;40.45;50;9853278906;B
20240315;101413;40.45;150;9853278907;B
20240315;101417;40.45;490;9853279445;B
20240315;101417;40.45;830;9853279446;B
20240315;101419;40.45;50;9853279689;B
20240315;101419;40.45;20;9853279824;B
20240315;101419;40.45;20;9853279857;B
20240315;101422;40.45;120;9853280268;B
20240315;101424;40.45;260;9853280442;B
20240315;101432;40.44;50;9853282021;B
20240315;101434;40.44;10;9853282398;B
20240315;101435;40.44;10;9853282402;B
20240315;101436;40.44;30;9853282561;B
20240315;101436;40.44;470;9853282562;B
20240315;101436;40.44;10;9853282613;B
20240315;101438;40.43;30;9853282780;S
20240315;101438;40.41;10;9853282781;S
20240315;101438;40.41;400;9853282920;S
20240315;101438;40.4;4030;9853282921;S
20240315;101438;40.4;2490;9853282922;S
20240315;101438;40.4;1080;9853282923;S
20240315;101438;40.39;30;9853282924;S
20240315;101438;40.39;20;9853282925;S
20240315;101438;40.39;120;9853282926;S
20240315;101438;40.39;150;9853282927;S
20240315;101438;40.39;1680;9853282928;S
20240315;101438;40.39;200;9853282945;S
20240315;101455;40.38;10;9853285739;S
20240315;101455;40.38;90;9853285740;S
20240315;101456;40.38;30;9853285840;S
20240315;101457;40.39;100;9853285992;B
20240315;101459;40.4;50;9853286198;B
20240315;101459;40.4;20;9853286199;B
20240315;101459;40.4;1060;9853286200;B
20240315;101459;40.4;1370;9853286201;B
20240315;101505;40.4;30;9853287137;B
20240315;101505;40.4;40;9853287138;B
20240315;101506;40.4;50;9853287303;B
20240315;101507;40.4;90;9853287364;B
20240315;101510;40.4;60;9853287853;B
20240315;101511;40.4;20;9853287916;B
20240315;101511;40.4;500;9853287917;B
20240315;101513;40.41;10;9853288428;B
20240315;101516;40.41;400;9853288935;B
20240315;101516;40.41;500;9853288936;B
20240315;101516;40.42;100;9853288937;B
20240315;101517;40.4;480;9853289099;S
20240315;101517;40.4;1040;9853289100;S
20240315;101518;40.4;500;9853289432;B
20240315;101519;40.4;3500;9853289656;B
20240315;101520;40.39;950;9853289834;S
20240315;101522;40.4;10;9853290123;B
20240315;101522;40.4;10;9853290274;B
20240315;101525;40.39;60;9853290777;S
20240315;101525;40.39;10;9853290778;S
20240315;101525;40.39;1040;9853290779;S
20240315;101525;40.38;160;9853290780;S
20240315;101525;40.38;2730;9853290781;S
20240315;101528;40.38;20;9853291356;S
20240315;101528;40.38;1000;9853291357;S
20240315;101528;40.38;1040;9853291358;S
20240315;101528;40.38;20;9853291359;S
20240315;101530;40.38;50;9853291713;B
20240315;101532;40.38;370;9853292214;B
20240315;101532;40.38;2220;9853292215;B
20240315;101532;40.38;250;9853292233;B
20240315;101532;40.39;270;9853292234;B
20240315;101533;40.37;10;9853292341;S
20240315;101533;40.37;500;9853292342;S
20240315;101533;40.37;1610;9853292343;S
20240315;101533;40.36;2880;9853292344;S
20240315;101534;40.37;540;9853292530;S
20240315;101534;40.36;2460;9853292531;S
20240315;101534;40.36;240;9853292588;S
20240315;101537;40.36;1400;9853293325;S
20240315;101539;40.36;30;9853293697;S
20240315;101541;40.36;100;9853294218;S
20240315;101543;40.36;80;9853294412;S
20240315;101547;40.37;60;9853295119;S
20240315;101547;40.36;12140;9853295120;S
20240315;101547;40.36;560;9853295121;S
20240315;101547;40.36;400;9853295122;S
20240315;101547;40.36;660;9853295123;S
20240315;101547;40.35;6180;9853295124;S
20240315;101552;40.36;30;9853295830;B
20240315;101552;40.35;6400;9853295878;S
20240315;101553;40.36;1650;9853296067;B
20240315;101554;40.36;240;9853296143;B
20240315;101556;40.35;5000;9853296339;S
