<DATE>;<TIME>;<LAST>;<VOL>;<ID>;<OPER>
20241224;095933;56.1;400;11802909029;S
20241224;095933;56.1;80;11802909030;B
20241224;095933;56.1;20;11802909031;B
20241224;095933;56.1;20;11802909032;B
20241224;095933;56.1;460;11802909033;B
20241224;095933;56.1;400;11802909034;S
20241224;095933;56.1;10;11802909035;S
20241224;095933;56.1;1500;11802909036;S
20241224;095933;56.1;1660;11802909037;B
20241224;095933;56.1;40;11802909038;B
20241224;095933;56.1;2500;11802909039;S
20241224;095933;56.1;100;11802909040;B
20241224;095933;56.1;50;11802909041;B
20241224;095933;56.1;10;11802909042;B
20241224;095933;56.1;1000;11802909043;B
20241224;095933;56.1;60;11802909044;B
20241224;095933;56.1;30;11802909045;B
20241224;095933;56.1;1410;11802909046;B
20241224;095933;56.1;10;11802909047;B
20241224;095933;56.1;1430;11802909048;B
20241224;095933;56.1;20;11802909049;B
20241224;095933;56.1;10;11802909050;B
20241224;095933;56.1;10;11802909051;S
20241224;095933;56.1;540;11802909052;S
20241224;095933;56.1;10;11802909053;S
20241224;095933;56.1;30;11802909054;B
20241224;095933;56.1;20;11802909055;S
20241224;095933;56.1;10;11802909056;S
20241224;095933;56.1;340;11802909057;S
20241224;095933;56.1;150;11802909058;S
20241224;095933;56.1;410;11802909059;S
20241224;095933;56.1;30;11802909060;S
20241224;100001;56.16;300;11802913996;B
20241224;100001;56.16;210;11802913997;B
20241224;100001;56.2;50;11802913998;B
20241224;100001;56.2;10;11802913999;B
20241224;100001;56.2;100;11802914000;B
20241224;100001;56.2;10;11802914001;B
20241224;100001;56.2;10;11802914002;B
20241224;100001;56.2;10;11802914003;B
20241224;100001;56.2;200;11802914004;B
20241224;100001;56.2;100;11802914125;B
20241224;100001;56.2;70;11802914130;B
20241224;100001;56.2;20;11802914494;S
20241224;100001;56.21;30;11802914543;B
20241224;100001;56.21;230;11802914544;B
20241224;100001;56.21;240;11802914545;B
20241224;100001;56.21;260;11802914546;B
20241224;100001;56.23;20;11802914547;B
20241224;100001;56.23;120;11802914548;B
20241224;100001;56.2;310;11802914605;S
20241224;100002;56.2;400;11802914619;B
20241224;100002;56.2;1190;11802914621;B
20241224;100002;56.21;110;11802914622;B
20241224;100002;56.23;730;11802914943;B
20241224;100002;56.24;60;11802914944;B
20241224;100002;56.24;60;11802914945;B
20241224;100002;56.24;140;11802914946;B
20241224;100002;56.24;6240;11802914947;B
20241224;100002;56.25;400;11802914948;B
20241224;100002;56.25;2370;11802914949;B
20241224;100002;56.2;270;11802915060;B
20241224;100003;56.2;80;11802915456;B
20241224;100003;56.2;630;11802915457;B
20241224;100003;56.15;50;11802915588;S
20241224;100003;56.2;10;11802915590;B
20241224;100003;56.2;20;11802915591;B
20241224;100004;56.15;630;11802915794;S
20241224;100004;56.14;270;11802915795;S
20241224;100004;56.15;10;11802915832;S
20241224;100004;56.23;10;11802915835;B
20241224;100004;56.15;10;11802916016;S
20241224;100004;56.15;10;11802916017;S
20241224;100004;56.23;10;11802916018;B
20241224;100004;56.23;10;11802916019;B
20241224;100004;56.15;290;11802916256;S
20241224;100004;56.14;110;11802916257;S
20241224;100004;56.18;10;11802916301;B
20241224;100004;56.18;10;11802916302;B
20241224;100004;56.14;20;11802916304;S
20241224;100004;56.23;20;11802916431;B
20241224;100004;56.14;10;11802916433;S
20241224;100005;56.16;10;11802917128;B
20241224;100005;56.14;10;11802917129;S
20241224;100005;56.1;10;11802917466;S
20241224;100006;56.1;20;11802917900;S
20241224;100006;56.14;10;11802917909;B
20241224;100006;56.14;10;11802917916;B
20241224;100006;56.14;10;11802918109;B
20241224;100006;56.1;30;11802918291;S
20241224;100006;56.1;10;11802918303;S
20241224;100006;56.1;10;11802918307;S
20241224;100006;56.14;20;11802918311;B
20241224;100006;56.14;1000;11802918646;B
20241224;100006;56.14;10;11802918674;B
20241224;100006;56.14;10;11802918885;B
20241224;100006;56.14;10;11802918890;B
20241224;100006;56.11;30;11802918982;S
20241224;100006;56.11;740;11802918983;S
20241224;100006;56.1;100;11802918984;S
20241224;100006;56.1;20;11802919283;S
20241224;100006;56.1;10;11802919286;S
20241224;100006;56.14;10;11802919288;B
20241224;100007;56.14;10;11802919523;B
20241224;100007;56.1;10;11802919524;S
20241224;100007;56.14;20;11802919525;B
20241224;100007;56.14;100;11802919701;B
20241224;100007;56.14;10;11802919837;B
20241224;100007;56.1;10;11802919839;S
20241224;100008;56.14;10;11802920216;B
20241224;100008;56.14;10;11802920217;B
20241224;100008;56.1;20;11802920218;S
20241224;100008;56.12;20;11802920365;S
20241224;100008;56.11;820;11802920366;S
20241224;100008;56.1;40;11802920367;S
20241224;100008;56.1;20;11802920383;S
20241224;100008;56.11;10;11802920546;S
20241224;100008;56.11;20;11802920548;S
20241224;100008;56.14;20;11802920549;B
20241224;100008;56.12;240;11802920921;S
20241224;100009;56.11;20;11802921163;S
20241224;100009;56.11;10;11802921289;S
20241224;100009;56.11;70;11802921353;S
20241224;100009;56.11;200;11802921539;S
20241224;100010;56.12;20;11802921663;B
20241224;100010;56.11;770;11802921972;S
20241224;100011;56.11;10;11802922168;B
20241224;100011;56.11;330;11802922223;B
20241224;100011;56.14;170;11802922224;B
20241224;100011;56.1;90;11802922285;S
20241224;100011;56.1;120;11802922298;S
20241224;100013;56.11;20;11802922759;B
20241224;100013;56.14;100;11802922760;B
20241224;100014;56.1;270;11802922941;S
20241224;100015;56.11;10;11802923223;B
20241224;100016;56.1;770;11802923549;S
20241224;100016;56.1;230;11802923550;S
20241224;100016;56.11;190;11802923675;B
20241224;100016;56.12;270;11802923676;S
20241224;100016;56.11;260;11802923677;S
20241224;100017;56.14;190;11802924155;B
20241224;100018;56.14;70;11802924223;B
20241224;100018;56.14;80;11802924235;B
20241224;100018;56.14;80;11802924249;B
20241224;100021;56.14;190;11802925482;B
20241224;100023;56.11;100;11802926198;S
20241224;100023;56.1;170;11802926199;S
20241224;100023;56.1;10;11802926200;S
20241224;100023;56.1;320;11802926201;S
20241224;100023;56.1;580;11802926257;S
20241224;100023;56.1;110;11802926258;S
20241224;100023;56.1;540;11802926259;S
20241224;100023;56.1;3520;11802926260;S
20241224;100030;56.1;1000;11802928095;S
20241224;100030;56.1;300;11802928096;S
20241224;100030;56.13;600;11802928109;B
20241224;100035;56.12;200;11802929780;S
20241224;100039;56.13;20;11802930523;B
20241224;100039;56.12;20;11802930545;S
20241224;100039;56.12;10;11802930591;S
20241224;100039;56.12;80;11802930717;S
20241224;100039;56.12;9690;11802930729;S
20241224;100039;56.12;500;11802930730;S
20241224;100039;56.1;5810;11802930731;S
20241224;100039;56.1;370;11802930732;S
20241224;100039;56.1;150;11802930733;S
20241224;100039;56.1;30;11802930734;S
20241224;100039;56.09;10;11802930735;S
20241224;100039;56.09;20;11802930736;S
20241224;100039;56.09;10;11802930737;S
20241224;100039;56.09;20;11802930738;S
20241224;100039;56.09;200;11802930739;S
20241224;100039;56.09;80;11802930740;S
20241224;100039;56.09;130;11802930741;S
20241224;100039;56.09;20;11802930742;S
20241224;100039;56.09;10;11802930743;S
20241224;100039;56.09;10;11802930744;S
20241224;100039;56.09;10;11802930745;S
20241224;100039;56.09;20;11802930746;S
20241224;100039;56.09;100;11802930747;S
20241224;100039;56.09;50;11802930748;S
20241224;100039;56.09;10;11802930749;S
20241224;100039;56.09;10;11802930750;S
20241224;100039;56.09;20;11802930751;S
20241224;100039;56.09;10;11802930752;S
20241224;100039;56.09;200;11802930753;S
20241224;100039;56.09;100;11802930754;S
20241224;100039;56.09;10;11802930755;S
20241224;100039;56.09;50;11802930756;S
20241224;100039;56.09;10;11802930757;S
20241224;100039;56.09;10;11802930758;S
20241224;100039;56.09;800;11802930759;S
20241224;100039;56.09;1650;11802930760;S
20241224;100039;56.09;890;11802930761;S
20241224;100039;56.09;150;11802930762;S
20241224;100039;56.09;190;11802930763;S
20241224;100039;56.09;330;11802930764;S
20241224;100039;56.09;760;11802930766;S
20241224;100041;56.09;20;11802931273;S
20241224;100042;56.1;100;11802931835;B
20241224;100042;56.11;300;11802931862;B
20241224;100043;56.09;10;11802932032;S
20241224;100045;56.09;1130;11802932477;S
20241224;100045;56.09;10;11802932478;S
20241224;100045;56.09;10;11802932479;S
20241224;100045;56.09;50;11802932480;S
20241224;100045;56.09;10;11802932481;S
20241224;100045;56.09;10;11802932482;S
20241224;100045;56.09;10;11802932483;S
20241224;100045;56.09;10;11802932484;S
20241224;100045;56.09;500;11802932485;S
20241224;100045;56.08;150;11802932486;S
20241224;100045;56.07;20;11802932487;S
20241224;100045;56.05;90;11802932488;S
20241224;100046;56.05;10;11802932851;S
20241224;100046;56.05;1990;11802932852;S
20241224;100046;56.05;10;11802932879;S
20241224;100050;56.09;700;11802933852;B
20241224;100050;56.09;400;11802933976;B
20241224;100051;56.09;2110;11802934088;B
20241224;100051;56.1;5890;11802934089;B
20241224;100051;56.06;1440;11802934174;S
20241224;100051;56.06;1410;11802934175;S
20241224;100056;56.04;60;11802935685;S
20241224;100101;56.06;500;11802936757;B
20241224;100101;56.08;420;11802936758;B
20241224;100101;56.08;50;11802936759;B
20241224;100101;56.08;750;11802936760;B
20241224;100101;56.08;940;11802936761;B
20241224;100101;56.09;1000;11802936762;B
20241224;100101;56.1;300;11802936763;B
20241224;100101;56.11;600;11802936764;B
20241224;100101;56.12;430;11802936765;B
20241224;100101;56.12;150;11802936766;B
20241224;100101;56.13;180;11802936768;B
20241224;100101;56.09;500;11802936769;S
20241224;100101;56.09;110;11802936939;S
20241224;100103;56.09;2160;11802937484;S
20241224;100105;56.05;1260;11802938019;S
20241224;100105;56.04;300;11802938029;S
20241224;100105;56.04;1700;11802938030;S
20241224;100107;56.03;250;11802938459;S
20241224;100108;56.03;250;11802938701;S
20241224;100108;56.03;80;11802938702;S
20241224;100109;56.02;100;11802939007;B
20241224;100110;56.02;10;11802939253;B
20241224;100111;56.01;60;11802939337;S
20241224;100111;56.01;50;11802939338;S
20241224;100111;56.01;1500;11802939339;S
20241224;100111;56;3330;11802939340;S
20241224;100111;56;20;11802939341;S
20241224;100111;56;100;11802939342;S
20241224;100111;56;10;11802939343;S
20241224;100111;56;80;11802939344;S
20241224;100111;56;530;11802939345;S
20241224;100111;56.02;100;11802939629;B
20241224;100111;56.02;10;11802939636;B
20241224;100111;56;700;11802939874;S
20241224;100111;56;500;11802939875;S
20241224;100111;56;400;11802939876;S
20241224;100111;55.99;1500;11802939877;S
20241224;100111;55.99;3460;11802939878;S
20241224;100111;55.98;500;11802939879;S
20241224;100111;55.98;1500;11802939880;S
20241224;100111;55.98;3000;11802939881;S
20241224;100111;55.98;240;11802939882;S
20241224;100111;55.97;17050;11802939883;S
20241224;100112;55.99;1500;11802939908;S
20241224;100112;55.99;10;11802939929;S
20241224;100112;55.98;10;11802940032;S
20241224;100113;56.02;30;11802940625;B
20241224;100113;56.02;10;11802940688;B
20241224;100113;55.97;2000;11802940791;S
20241224;100113;55.97;950;11802940811;S
20241224;100113;55.96;220;11802940825;S
20241224;100114;55.96;10;11802941113;S
20241224;100114;56;10;11802941254;B
20241224;100115;55.97;10;11802941691;S
20241224;100115;55.97;10;11802941695;S
20241224;100116;55.96;10;11802942065;S
20241224;100116;55.96;10;11802942226;S
20241224;100116;55.99;10;11802942290;B
20241224;100116;55.96;10;11802942342;S
20241224;100118;55.97;10;11802942909;S
20241224;100118;55.96;940;11802942958;S
20241224;100118;55.96;60;11802942959;S
20241224;100118;55.99;10;11802943047;B
20241224;100118;55.96;10;11802943059;S
20241224;100119;55.98;10;11802943353;B
20241224;100119;55.96;10;11802943512;S
20241224;100119;55.96;50;11802943692;S
20241224;100120;55.97;60;11802943810;B
20241224;100120;55.96;1610;11802943969;S
20241224;100120;55.96;450;11802943970;S
20241224;100120;55.96;1500;11802943971;S
20241224;100120;55.95;4440;11802943972;S
20241224;100120;55.95;3330;11802943973;S
20241224;100120;55.95;10;11802944114;S
20241224;100122;55.97;10;11802944612;B
20241224;100122;55.96;10;11802944689;S
20241224;100122;55.95;6660;11802944690;S
20241224;100122;55.94;1090;11802944691;S
20241224;100122;55.93;1500;11802944692;S
20241224;100122;55.93;220;11802944693;S
20241224;100122;55.92;60;11802944694;S
20241224;100122;55.92;60;11802944695;S
20241224;100122;55.92;1500;11802944696;S
20241224;100122;55.92;4050;11802944697;S
20241224;100122;55.91;1500;11802944698;S
20241224;100122;55.91;3350;11802944699;S
20241224;100122;55.92;10;11802944817;S
20241224;100122;55.93;1520;11802944821;B
20241224;100122;55.93;40;11802944883;S
20241224;100123;55.92;70;11802945170;S
20241224;100123;55.92;1010;11802945207;S
20241224;100123;55.92;50;11802945328;S
20241224;100124;55.92;1000;11802945495;S
20241224;100124;55.92;10;11802945763;S
20241224;100124;55.93;10;11802945815;B
20241224;100125;55.92;10;11802946096;S
20241224;100125;55.92;10;11802946164;S
20241224;100126;55.93;10;11802946324;B
20241224;100126;55.93;10;11802946528;B
20241224;100126;55.93;10;11802946657;B
20241224;100127;55.93;10;11802947142;B
20241224;100127;55.93;250;11802947155;B
20241224;100127;55.94;4830;11802947156;B
20241224;100127;55.95;1220;11802947157;B
20241224;100127;55.96;1000;11802947158;B
20241224;100127;55.96;900;11802947159;B
20241224;100127;55.95;10;11802947232;B
20241224;100128;55.92;10;11802947379;S
20241224;100129;55.93;90;11802947771;B
20241224;100129;55.92;220;11802948028;S
20241224;100129;55.92;490;11802948029;S
20241224;100129;55.91;110;11802948030;S
20241224;100129;55.9;830;11802948031;S
20241224;100130;55.93;10;11802948086;B
20241224;100130;55.93;10;11802948201;B
20241224;100130;55.93;10;11802948206;B
20241224;100130;55.93;20;11802948217;B
20241224;100130;55.93;10;11802948375;B
20241224;100131;55.93;10;11802948596;B
20241224;100131;55.93;10;11802948709;B
20241224;100131;55.9;10;11802948713;S
20241224;100132;55.93;10;11802948743;B
20241224;100132;55.9;370;11802948801;S
20241224;100133;55.9;400;11802949043;S
20241224;100133;55.9;1000;11802949206;S
20241224;100134;55.9;1640;11802949422;S
20241224;100134;55.91;10;11802949458;B
20241224;100134;55.9;750;11802949524;S
20241224;100134;55.9;50;11802949525;S
20241224;100134;55.91;10;11802949666;B
20241224;100134;55.91;10;11802949679;B
20241224;100134;55.91;20;11802949680;B
20241224;100135;55.91;10;11802949895;B
20241224;100136;55.91;10;11802950242;B
20241224;100136;55.9;10;11802950311;S
20241224;100136;55.9;1500;11802950322;S
20241224;100136;55.9;440;11802950372;S
20241224;100136;55.9;340;11802950373;S
20241224;100136;55.9;5550;11802950374;S
20241224;100136;55.9;300;11802950375;S
20241224;100136;55.9;1000;11802950376;S
20241224;100136;55.88;4100;11802950377;S
20241224;100136;55.87;1500;11802950378;S
20241224;100136;55.86;1500;11802950379;S
20241224;100136;55.86;60;11802950380;S
20241224;100136;55.85;10;11802950381;S
20241224;100136;55.85;200;11802950382;S
20241224;100136;55.86;30;11802950396;S
20241224;100136;55.86;1920;11802950397;S
20241224;100136;55.85;50;11802950398;S
20241224;100137;55.85;20;11802950452;S
20241224;100137;55.85;360;11802950536;S
20241224;100137;55.87;10;11802950587;B
20241224;100137;55.85;5370;11802950623;S
20241224;100137;55.85;20;11802950624;S
20241224;100137;55.84;480;11802950625;S
20241224;100137;55.83;1500;11802950626;S
20241224;100137;55.82;1000;11802950684;S
20241224;100137;55.82;10;11802950685;S
20241224;100137;55.82;200;11802950686;S
20241224;100137;55.82;10;11802950687;S
20241224;100137;55.82;130;11802950688;S
20241224;100137;55.82;20;11802950838;S
20241224;100137;55.82;10;11802950865;S
20241224;100138;55.82;1340;11802950919;S
20241224;100138;55.82;160;11802950920;S
20241224;100138;55.83;2270;11802950958;B
20241224;100138;55.83;10;11802951138;B
20241224;100139;55.82;130;11802951186;S
20241224;100139;55.83;40;11802951316;B
20241224;100139;55.83;10;11802951454;B
20241224;100140;55.82;20;11802951873;S
20241224;100140;55.82;790;11802951874;S
20241224;100141;55.83;10;11802951925;B
20241224;100141;55.83;10;11802952114;B
20241224;100141;55.83;10;11802952237;B
20241224;100142;55.83;10;11802952676;B
20241224;100143;55.83;350;11802952868;B
20241224;100143;55.83;10;11802952932;B
20241224;100143;55.83;20;11802953222;B
20241224;100144;55.83;10;11802953324;B
20241224;100144;55.83;10;11802953342;B
20241224;100144;55.83;10;11802953372;B
20241224;100144;55.83;10;11802953373;B
20241224;100144;55.83;10;11802953374;B
20241224;100145;55.83;10;11802953889;B
20241224;100146;55.83;10;11802954182;B
20241224;100146;55.83;10;11802954257;B
20241224;100147;55.83;10;11802954666;B
20241224;100147;55.82;10;11802954706;S
20241224;100148;55.83;10;11802954944;B
20241224;100148;55.83;20;11802955093;B
20241224;100149;55.83;10;11802955267;B
20241224;100149;55.83;200;11802955345;B
20241224;100149;55.82;10;11802955406;S
20241224;100150;55.83;10;11802955636;B
20241224;100150;55.83;1180;11802955828;B
20241224;100150;55.83;40;11802955829;B
20241224;100151;55.88;20;11802955900;B
20241224;100151;55.85;1280;11802956122;S
20241224;100151;55.83;220;11802956123;S
20241224;100151;55.84;80;11802956198;S
20241224;100151;55.83;1280;11802956199;S
20241224;100151;55.83;1230;11802956200;S
20241224;100151;55.82;1500;11802956201;S
20241224;100151;55.82;910;11802956202;S
20241224;100152;55.83;10;11802956546;S
20241224;100152;55.87;10;11802956643;B
20241224;100152;55.84;10;11802956676;S
20241224;100152;55.83;310;11802956677;S
20241224;100153;55.85;10;11802956872;S
20241224;100154;55.85;10;11802957450;S
20241224;100155;55.88;20;11802957560;B
20241224;100155;55.88;10;11802957628;B
20241224;100155;55.85;480;11802957767;S
20241224;100155;55.83;2530;11802957768;S
20241224;100155;55.83;500;11802957792;B
20241224;100156;55.82;10;11802958059;S
20241224;100156;55.83;10;11802958127;B
20241224;100156;55.82;180;11802958259;S
20241224;100156;55.82;30;11802958263;S
20241224;100157;55.83;160;11802958570;B
20241224;100157;55.82;10;11802958610;S
20241224;100157;55.83;10;11802958860;B
20241224;100158;55.83;170;11802959063;B
20241224;100200;55.83;10;11802959731;B
20241224;100200;55.83;500;11802959809;B
20241224;100200;55.83;2000;11802959890;B
20241224;100201;55.83;10;11802960063;B
20241224;100201;55.83;3620;11802960393;B
20241224;100201;55.84;630;11802960394;B
20241224;100201;55.86;120;11802960395;B
20241224;100201;55.87;630;11802960396;B
20241224;100202;55.83;1500;11802960725;S
20241224;100203;55.88;10;11802960909;B
20241224;100203;55.83;1500;11802960970;S
20241224;100203;55.88;100;11802961086;B
20241224;100204;55.83;1000;11802961238;S
20241224;100204;55.83;500;11802961280;S
20241224;100204;55.83;410;11802961281;S
20241224;100204;55.82;1000;11802961282;S
20241224;100204;55.82;500;11802961283;S
20241224;100204;55.82;1500;11802961284;S
20241224;100204;55.81;8000;11802961285;S
20241224;100204;55.81;1500;11802961286;S
20241224;100204;55.8;2500;11802961287;S
20241224;100204;55.8;3510;11802961288;S
20241224;100204;55.8;580;11802961289;S
20241224;100204;55.81;20;11802961297;S
20241224;100204;55.81;600;11802961345;S
20241224;100204;55.84;500;11802961407;B
20241224;100205;55.8;6420;11802961435;S
20241224;100205;55.8;1500;11802961436;S
20241224;100205;55.79;20;11802961437;S
20241224;100205;55.79;20;11802961438;S
20241224;100205;55.79;1460;11802961451;S
20241224;100205;55.78;310;11802961452;S
20241224;100205;55.78;20;11802961477;S
20241224;100205;55.81;10;11802961811;S
20241224;100205;55.79;1500;11802961812;S
20241224;100205;55.78;1170;11802961813;S
20241224;100205;55.78;310;11802961814;S
20241224;100205;55.77;7010;11802961815;S
20241224;100206;55.81;30;11802961825;B
20241224;100207;55.78;10;11802962269;S
20241224;100209;55.78;30;11802963406;S
20241224;100209;55.78;30;11802963498;S
20241224;100212;55.8;4000;11802964443;S
20241224;100213;55.79;50;11802964715;B
20241224;100215;55.78;10;11802965298;S
20241224;100215;55.77;130;11802965299;S
20241224;100215;55.79;3930;11802965338;B
20241224;100215;55.8;1070;11802965339;B
20241224;100216;55.78;1500;11802965728;S
20241224;100216;55.77;630;11802965729;S
20241224;100216;55.77;200;11802965730;S
20241224;100216;55.77;1500;11802965731;S
20241224;100216;55.77;500;11802965732;S
20241224;100216;55.77;20;11802965733;S
20241224;100216;55.76;10;11802965734;S
20241224;100216;55.76;10;11802965735;S
20241224;100216;55.76;890;11802965736;S
20241224;100216;55.76;1500;11802965737;S
20241224;100216;55.75;1500;11802965738;S
20241224;100216;55.74;1500;11802965739;S
20241224;100216;55.73;3200;11802965740;S
20241224;100216;55.73;500;11802965741;S
20241224;100216;55.73;2000;11802965742;S
20241224;100216;55.72;3190;11802965743;S
20241224;100216;55.71;3210;11802965744;S
20241224;100216;55.71;3000;11802965745;S
20241224;100216;55.71;6240;11802965746;S
20241224;100216;55.71;6000;11802965747;S
20241224;100216;55.7;300;11802965748;S
20241224;100216;55.7;20000;11802965749;S
20241224;100216;55.68;1000;11802965750;S
20241224;100216;55.65;1000;11802965751;S
20241224;100216;55.65;30;11802965752;S
20241224;100216;55.64;500;11802965753;S
20241224;100216;55.63;10;11802965754;S
20241224;100216;55.63;3000;11802965755;S
20241224;100216;55.63;3000;11802965756;S
20241224;100216;55.62;10;11802965757;S
20241224;100216;55.62;50;11802965758;S
20241224;100216;55.62;1000;11802965759;S
20241224;100216;55.62;3000;11802965760;S
20241224;100216;55.62;2000;11802965761;S
20241224;100216;55.62;3000;11802965762;S
20241224;100216;55.61;8000;11802965763;S
20241224;100216;55.61;10000;11802965764;S
20241224;100216;55.6;20;11802965765;S
20241224;100216;55.6;1000;11802965766;S
20241224;100216;55.6;3000;11802965767;S
20241224;100216;55.6;200;11802965768;S
20241224;100216;55.6;770;11802965769;S
20241224;100216;55.6;10;11802965770;S
20241224;100216;55.59;10;11802965771;S
20241224;100216;55.57;1100;11802965772;S
20241224;100216;55.55;500;11802965773;S
20241224;100216;55.55;390;11802965774;S
20241224;100216;55.7;3120;11802965788;B
20241224;100216;55.69;1500;11802965791;B
20241224;100216;55.69;2500;11802965792;B
20241224;100216;55.7;80;11802965796;S
20241224;100216;55.7;1200;11802965797;S
20241224;100216;55.7;150;11802965798;S
20241224;100217;55.71;10;11802965864;S
20241224;100217;55.71;40;11802965924;S
20241224;100217;55.7;1500;11802965925;S
20241224;100217;55.69;380;11802965926;S
20241224;100217;55.69;80;11802965927;S
20241224;100217;55.68;1000;11802965944;S
20241224;100217;55.68;120;11802965951;S
20241224;100217;55.75;3470;11802965955;B
20241224;100217;55.75;400;11802965956;B
20241224;100217;55.75;1400;11802965958;S
20241224;100217;55.75;1000;11802965959;S
20241224;100217;55.75;30;11802965991;S
20241224;100217;55.75;5700;11802966004;S
20241224;100217;55.75;2500;11802966005;S
20241224;100217;55.75;2000;11802966006;S
20241224;100217;55.75;100;11802966116;S
20241224;100217;55.75;3400;11802966147;S
20241224;100217;55.75;800;11802966148;S
20241224;100217;55.74;1500;11802966149;S
20241224;100217;55.73;330;11802966150;S
20241224;100218;55.72;200;11802966247;S
20241224;100218;55.75;500;11802966261;B
20241224;100219;55.75;30;11802966478;B
20241224;100220;55.72;1500;11802966812;S
20241224;100220;55.71;340;11802966813;S
20241224;100220;55.71;1500;11802966814;S
20241224;100220;55.7;1500;11802966815;S
20241224;100220;55.69;1500;11802966816;S
20241224;100220;55.68;660;11802966817;S
20241224;100220;55.67;1000;11802966845;S
20241224;100222;55.74;10;11802967369;B
20241224;100222;55.7;2500;11802967370;B
20241224;100222;55.75;10;11802967393;B
20241224;100222;55.69;1500;11802967421;S
20241224;100222;55.68;1500;11802967422;S
20241224;100222;55.68;1010;11802967423;S
20241224;100222;55.68;490;11802967424;S
20241224;100223;55.69;1500;11802967611;S
20241224;100223;55.69;800;11802967612;S
20241224;100223;55.68;2270;11802967613;S
20241224;100223;55.68;1500;11802967614;S
20241224;100223;55.67;1500;11802967615;S
20241224;100223;55.66;1500;11802967616;S
20241224;100223;55.65;1500;11802967617;S
20241224;100223;55.64;1740;11802967618;S
20241224;100223;55.63;10;11802967619;S
20241224;100223;55.63;4000;11802967620;S
20241224;100223;55.63;400;11802967621;S
20241224;100223;55.62;1200;11802967622;S
20241224;100223;55.62;2680;11802967623;S
20241224;100223;55.6;10;11802967624;S
20241224;100223;55.6;20;11802967625;S
20241224;100223;55.6;3000;11802967626;S
20241224;100223;55.6;3000;11802967627;S
20241224;100223;55.59;6240;11802967628;S
20241224;100223;55.59;10;11802967629;S
20241224;100223;55.59;3210;11802967630;S
20241224;100223;55.58;3200;11802967631;S
20241224;100223;55.57;3000;11802967632;S
20241224;100223;55.57;3000;11802967633;S
20241224;100223;55.56;3000;11802967634;S
20241224;100223;55.56;20;11802967635;S
20241224;100223;55.56;6690;11802967636;S
20241224;100223;55.56;50;11802967637;S
20241224;100223;55.56;1950;11802967638;S
20241224;100223;55.71;30;11802967823;B
20241224;100223;55.71;40;11802967851;B
20241224;100225;55.72;10;11802968253;B
20241224;100225;55.72;230;11802968442;B
20241224;100226;55.68;3360;11802968633;S
20241224;100226;55.67;1500;11802968634;S
20241224;100226;55.67;870;11802968635;S
20241224;100226;55.66;1500;11802968636;S
20241224;100226;55.66;3000;11802968637;S
20241224;100226;55.66;70;11802968638;S
20241224;100226;55.65;1500;11802968639;S
20241224;100226;55.64;1500;11802968640;S
20241224;100226;55.64;17100;11802968641;S
20241224;100226;55.67;60;11802968864;S
20241224;100227;55.69;20;11802969329;S
20241224;100228;55.72;1700;11802969635;B
20241224;100228;55.72;400;11802969955;B
20241224;100228;55.73;1500;11802969956;B
20241224;100228;55.74;1500;11802969957;B
20241224;100228;55.74;2280;11802969958;B
20241224;100228;55.68;180;11802970028;S
20241224;100229;55.73;1500;11802970295;B
20241224;100229;55.74;4140;11802970296;B
20241224;100229;55.74;1500;11802970297;B
20241224;100229;55.75;1000;11802970298;B
20241224;100229;55.75;1500;11802970299;B
20241224;100229;55.76;1500;11802970300;B
20241224;100229;55.77;3860;11802970301;B
20241224;100229;55.77;20;11802970689;B
20241224;100229;55.77;1480;11802970747;B
20241224;100229;55.78;520;11802970748;B
20241224;100230;55.74;10;11802970865;S
20241224;100230;55.77;10;11802971050;B
20241224;100231;55.72;110;11802971341;S
20241224;100231;55.77;70;11802971568;B
20241224;100235;55.78;70;11802973280;B
20241224;100235;55.78;10;11802973311;B
20241224;100236;55.74;170;11802973697;S
20241224;100236;55.73;430;11802973698;S
20241224;100236;55.73;2430;11802973699;S
20241224;100236;55.73;220;11802973907;S
20241224;100236;55.72;140;11802973908;S
20241224;100236;55.72;750;11802973909;S
20241224;100237;55.77;170;11802974023;B
20241224;100237;55.78;80;11802974024;B
20241224;100237;55.78;240;11802974025;B
20241224;100237;55.78;1500;11802974026;B
20241224;100237;55.79;510;11802974027;B
20241224;100239;55.77;40;11802974634;B
20241224;100239;55.78;40;11802974763;B
20241224;100240;55.74;40;11802974940;S
20241224;100240;55.79;40;11802974955;B
20241224;100240;55.79;40;11802975031;B
20241224;100240;55.74;130;11802975037;S
20241224;100240;55.74;110;11802975038;S
20241224;100240;55.73;3210;11802975039;S
20241224;100240;55.73;6240;11802975040;S
20241224;100240;55.72;1500;11802975041;S
20241224;100240;55.72;6420;11802975042;S
20241224;100240;55.71;1500;11802975043;S
20241224;100240;55.71;400;11802975044;S
20241224;100240;55.7;1500;11802975045;S
20241224;100240;55.69;1500;11802975046;S
20241224;100240;55.69;500;11802975047;S
20241224;100240;55.68;70;11802975048;S
20241224;100240;55.68;1500;11802975049;S
20241224;100240;55.67;1500;11802975050;S
20241224;100240;55.67;1370;11802975051;S
20241224;100240;55.66;810;11802975052;S
20241224;100240;55.68;1000;11802975053;S
20241224;100241;55.73;40;11802975202;B
20241224;100241;55.72;1500;11802975334;B
20241224;100241;55.73;1000;11802975335;B
20241224;100242;55.73;30;11802975429;B
20241224;100242;55.73;40;11802975468;B
20241224;100242;55.69;10;11802975515;S
20241224;100245;55.68;600;11802976162;S
20241224;100245;55.68;50;11802976163;S
20241224;100245;55.67;1040;11802976164;S
20241224;100245;55.67;6240;11802976165;S
20241224;100245;55.67;3210;11802976166;S
20241224;100245;55.67;40;11802976175;B
20241224;100246;55.66;10;11802976379;S
20241224;100246;55.67;100;11802976473;B
20241224;100246;55.67;70;11802976480;B
20241224;100246;55.67;40;11802976481;B
20241224;100248;55.67;10;11802976779;B
20241224;100248;55.67;40;11802976789;B
20241224;100248;55.67;200;11802976793;B
20241224;100249;55.67;40;11802977029;B
20241224;100250;55.67;50;11802977375;B
20241224;100251;55.67;40;11802977540;B
20241224;100252;55.67;1000;11802977827;B
20241224;100252;55.67;10;11802978022;B
20241224;100252;55.67;500;11802978058;B
20241224;100252;55.66;120;11802978086;S
20241224;100253;55.67;40;11802978213;B
20241224;100253;55.67;10;11802978408;B
20241224;100253;55.67;1370;11802978409;B
20241224;100253;55.67;10;11802978410;B
20241224;100253;55.71;550;11802978411;B
20241224;100254;55.75;10;11802978603;B
20241224;100254;55.75;40;11802978807;B
20241224;100255;55.75;10;11802979208;B
20241224;100255;55.7;300;11802979442;S
20241224;100257;55.71;250;11802979899;S
20241224;100258;55.71;200;11802980277;S
20241224;100258;55.71;300;11802980317;S
20241224;100258;55.7;30;11802980318;S
20241224;100258;55.7;10;11802980390;S
20241224;100300;55.71;500;11802980851;B
20241224;100301;55.71;1000;11802981018;S
20241224;100302;55.71;2210;11802981446;S
20241224;100302;55.7;9460;11802981447;S
20241224;100302;55.7;750;11802981448;S
20241224;100302;55.69;290;11802981449;S
20241224;100302;55.69;1500;11802981450;S
20241224;100302;55.68;790;11802981451;S
20241224;100302;55.69;10;11802981481;S
20241224;100302;55.72;50;11802981512;B
20241224;100302;55.73;110;11802981513;B
20241224;100303;55.74;350;11802981643;B
20241224;100304;55.74;10;11802981832;B
20241224;100304;55.74;1500;11802981919;B
20241224;100305;55.74;140;11802982007;B
20241224;100305;55.74;560;11802982008;B
20241224;100305;55.75;110;11802982009;B
20241224;100305;55.75;20;11802982010;B
20241224;100305;55.75;250;11802982011;B
20241224;100306;55.71;20;11802982221;S
20241224;100306;55.7;70;11802982222;S
20241224;100309;55.76;120;11802983295;B
20241224;100309;55.77;80;11802983296;B
20241224;100310;55.77;120;11802983348;B
20241224;100310;55.77;1500;11802983349;B
20241224;100310;55.78;1500;11802983350;B
20241224;100310;55.78;800;11802983351;B
20241224;100310;55.78;400;11802983352;B
20241224;100310;55.79;1500;11802983353;B
20241224;100310;55.8;4170;11802983354;B
20241224;100311;55.8;10;11802983861;B
20241224;100312;55.8;50;11802983967;B
20241224;100314;55.79;570;11802984619;B
20241224;100315;55.79;10;11802984745;B
20241224;100315;55.75;300;11802984831;S
20241224;100315;55.75;10;11802984832;S
20241224;100315;55.74;680;11802984833;S
20241224;100315;55.74;10;11802984834;S
20241224;100317;55.78;1500;11802985509;B
20241224;100318;55.78;470;11802985824;B
20241224;100318;55.79;920;11802985825;B
20241224;100318;55.8;610;11802985826;B
20241224;100318;55.76;50;11802985848;S
20241224;100318;55.76;20;11802985849;S
20241224;100318;55.75;490;11802985850;S
20241224;100318;55.75;3210;11802985851;S
20241224;100319;55.75;1000;11802986037;B
20241224;100319;55.75;80;11802986122;B
20241224;100321;55.75;240;11802986641;B
20241224;100321;55.74;270;11802986732;S
20241224;100321;55.72;130;11802986733;S
20241224;100321;55.72;10;11802986931;S
20241224;100322;55.75;300;11802986994;B
20241224;100323;55.73;10;11802987313;S
20241224;100323;55.75;1000;11802987376;B
20241224;100323;55.72;100;11802987379;S
20241224;100324;55.75;500;11802987649;B
20241224;100325;55.75;600;11802987737;B
20241224;100326;55.75;1000;11802988055;B
20241224;100326;55.73;1100;11802988129;S
20241224;100327;55.75;10000;11802988262;B
20241224;100327;55.75;200;11802988417;B
20241224;100327;55.74;250;11802988524;S
20241224;100327;55.73;750;11802988525;S
20241224;100328;55.73;750;11802988802;S
20241224;100328;55.72;250;11802988803;S
20241224;100328;55.72;800;11802988921;S
20241224;100329;55.73;570;11802989014;S
20241224;100330;55.72;450;11802989279;S
20241224;100330;55.72;2330;11802989280;S
20241224;100330;55.71;220;11802989281;S
20241224;100332;55.74;450;11802989766;B
20241224;100332;55.74;1050;11802989847;B
20241224;100332;55.74;680;11802989848;B
20241224;100332;55.71;280;11802989867;S
20241224;100332;55.7;240;11802989868;S
20241224;100332;55.7;300;11802989869;S
20241224;100332;55.69;500;11802989870;S
20241224;100332;55.69;1680;11802989871;S
20241224;100333;55.73;1500;11802990131;B
20241224;100333;55.73;1000;11802990132;B
20241224;100333;55.74;800;11802990133;B
20241224;100334;55.73;10;11802990571;B
20241224;100334;55.73;500;11802990607;B
20241224;100335;55.72;230;11802990702;B
20241224;100336;55.7;90;11802990987;S
20241224;100336;55.7;10;11802990996;B
20241224;100336;55.72;80;11802990997;B
20241224;100336;55.72;1500;11802990998;B
20241224;100336;55.73;990;11802990999;B
20241224;100336;55.73;780;11802991000;B
20241224;100337;55.68;500;11802991745;S
20241224;100337;55.68;30;11802991746;S
20241224;100338;55.73;60;11802991952;B
20241224;100338;55.73;430;11802992141;B
20241224;100338;55.73;220;11802992238;B
20241224;100338;55.74;680;11802992255;B
20241224;100339;55.71;400;11802992276;S
20241224;100339;55.74;680;11802992564;B
20241224;100340;55.74;160;11802992801;B
20241224;100340;55.74;110;11802992802;B
20241224;100340;55.71;500;11802992922;S
20241224;100344;55.74;10;11802994062;B
20241224;100344;55.74;10;11802994134;B
20241224;100344;55.74;10;11802994206;B
20241224;100344;55.74;450;11802994231;B
20241224;100345;55.74;600;11802994379;B
20241224;100345;55.74;40;11802994461;B
20241224;100345;55.74;190;11802994497;B
20241224;100345;55.74;80;11802994669;B
20241224;100345;55.74;450;11802994670;B
20241224;100346;55.74;10;11802994756;B
20241224;100346;55.74;110;11802994816;B
20241224;100346;55.74;10;11802994862;B
20241224;100346;55.74;190;11802994984;B
20241224;100346;55.71;10;11802995065;S
20241224;100347;55.74;10;11802995212;B
20241224;100347;55.74;10;11802995260;B
20241224;100347;55.73;80;11802995336;B
20241224;100347;55.73;10;11802995388;B
20241224;100347;55.73;100;11802995401;B
20241224;100347;55.73;10;11802995426;B
20241224;100347;55.73;10;11802995464;B
20241224;100347;55.73;40;11802995479;B
20241224;100348;55.73;10;11802995646;B
20241224;100348;55.73;10;11802995665;B
20241224;100349;55.71;440;11802995997;S
20241224;100351;55.73;1000;11802996433;B
20241224;100352;55.73;10;11802996727;B
20241224;100353;55.73;10;11802997008;B
20241224;100353;55.71;1860;11802997022;S
20241224;100353;55.71;30;11802997023;S
20241224;100353;55.7;2000;11802997024;S
20241224;100353;55.7;1590;11802997025;S
20241224;100353;55.68;800;11802997026;S
20241224;100353;55.68;6240;11802997027;S
20241224;100353;55.67;500;11802997028;S
20241224;100353;55.67;810;11802997029;S
20241224;100353;55.67;1500;11802997030;S
20241224;100353;55.67;10;11802997031;S
20241224;100353;55.66;500;11802997032;S
20241224;100353;55.66;1500;11802997033;S
20241224;100353;55.66;2260;11802997034;B
20241224;100355;55.72;10;11802997633;B
20241224;100355;55.71;10;11802997634;S
20241224;100355;55.68;3210;11802997635;S
20241224;100355;55.68;1780;11802997636;S
20241224;100355;55.72;10;11802997727;B
20241224;100356;55.72;10;11802997868;B
20241224;100356;55.67;170;11802997869;S
20241224;100356;55.72;1470;11802997879;B
20241224;100356;55.73;210;11802997880;B
20241224;100356;55.73;1000;11802997881;B
20241224;100356;55.73;6420;11802997882;B
20241224;100356;55.74;2210;11802997883;B
20241224;100356;55.74;1500;11802997884;B
20241224;100356;55.74;5000;11802997885;B
20241224;100356;55.74;1000;11802997886;B
20241224;100356;55.75;1310;11802997887;B
20241224;100356;55.75;9880;11802997888;B
20241224;100356;55.75;10;11802997926;B
20241224;100356;55.75;10;11802998010;B
20241224;100356;55.75;30;11802998048;B
20241224;100356;55.75;10;11802998152;B
20241224;100356;55.75;10;11802998201;B
20241224;100358;55.75;10;11802998622;B
20241224;100358;55.75;10;11802998707;B
20241224;100358;55.75;10;11802998945;B
20241224;100359;55.75;10;11802998976;B
20241224;100359;55.75;10;11802999058;B
20241224;100359;55.75;80;11802999083;B
20241224;100359;55.75;10;11802999153;B
20241224;100359;55.73;250;11802999226;S
20241224;100359;55.75;10;11802999280;B
20241224;100400;55.75;10;11802999375;B
20241224;100400;55.75;10;11802999455;B
20241224;100400;55.75;50;11802999506;B
20241224;100400;55.75;10;11802999547;B
20241224;100400;55.75;10;11802999599;B
20241224;100400;55.75;40;11802999686;B
20241224;100400;55.75;10;11802999687;B
20241224;100401;55.75;10;11802999787;B
20241224;100401;55.75;10;11802999804;B
20241224;100401;55.75;10;11802999842;B
20241224;100401;55.75;10;11802999888;B
20241224;100401;55.75;10;11802999976;B
20241224;100401;55.75;10;11803000013;B
20241224;100402;55.75;10;11803000087;B
20241224;100402;55.75;10;11803000169;B
20241224;100402;55.75;10;11803000286;B
20241224;100402;55.75;10;11803000312;B
20241224;100402;55.75;10;11803000379;B
20241224;100402;55.72;10;11803000409;S
20241224;100402;55.75;50;11803000412;B
20241224;100402;55.75;10;11803000457;B
20241224;100403;55.75;10;11803000491;B
20241224;100403;55.75;10;11803000527;B
20241224;100403;55.75;10;11803000660;B
20241224;100403;55.74;10;11803000726;B
20241224;100403;55.72;400;11803000759;S
20241224;100403;55.73;10;11803000786;B
20241224;100404;55.73;10;11803000894;B
20241224;100404;55.72;500;11803000902;S
20241224;100404;55.73;1010;11803000982;B
20241224;100404;55.73;20;11803001002;B
20241224;100405;55.73;10;11803001165;B
20241224;100405;55.73;10;11803001255;B
20241224;100406;55.73;10;11803001366;B
20241224;100406;55.73;10;11803001417;B
20241224;100406;55.73;10;11803001459;B
20241224;100406;55.73;400;11803001509;B
20241224;100406;55.74;4990;11803001510;B
20241224;100406;55.74;1500;11803001511;B
20241224;100406;55.74;610;11803001512;B
20241224;100407;55.73;10;11803001628;B
20241224;100407;55.73;10;11803001695;B
20241224;100407;55.73;890;11803001808;B
20241224;100407;55.73;10;11803001845;B
20241224;100407;55.73;10;11803001963;B
20241224;100408;55.73;10;11803002050;B
20241224;100408;55.71;10;11803002106;B
20241224;100408;55.71;10;11803002225;B
20241224;100408;55.71;10;11803002259;B
20241224;100409;55.71;10;11803002406;B
20241224;100409;55.71;100;11803002430;B
20241224;100409;55.71;10;11803002456;B
20241224;100409;55.71;40;11803002620;B
20241224;100409;55.71;10;11803002652;B
20241224;100409;55.71;10;11803002752;B
20241224;100409;55.71;10;11803002815;B
20241224;100409;55.71;10;11803002831;B
20241224;100410;55.71;10;11803002896;B
20241224;100410;55.71;10;11803002946;B
20241224;100410;55.71;10;11803003087;B
20241224;100410;55.71;30;11803003158;B
20241224;100410;55.71;10;11803003176;B
20241224;100411;55.71;10;11803003243;B
20241224;100411;55.71;10;11803003288;B
20241224;100411;55.71;10;11803003378;B
20241224;100412;55.68;20;11803003524;S
20241224;100412;55.71;10;11803003662;B
20241224;100414;55.71;610;11803004032;B
20241224;100415;55.71;10;11803004328;B
20241224;100416;55.71;10;11803004531;B
20241224;100416;55.71;10;11803004621;B
20241224;100416;55.71;10;11803004673;B
20241224;100416;55.71;200;11803004722;B
20241224;100416;55.72;100;11803004723;B
20241224;100417;55.71;10;11803004813;B
20241224;100417;55.7;3210;11803004844;S
20241224;100417;55.7;390;11803004845;S
20241224;100417;55.74;1000;11803004868;B
20241224;100417;55.74;10;11803004918;B
20241224;100418;55.74;750;11803005142;B
20241224;100418;55.7;40;11803005234;S
20241224;100420;55.7;5000;11803005600;S
20241224;100420;55.74;100;11803005615;B
20241224;100421;55.74;10;11803005852;B
20241224;100421;55.74;10;11803005904;B
20241224;100421;55.74;10;11803005992;B
20241224;100422;55.7;610;11803006233;S
20241224;100422;55.69;1440;11803006234;S
20241224;100424;55.69;230;11803006637;S
20241224;100425;55.73;200;11803006728;B
20241224;100426;55.74;10;11803007185;B
20241224;100429;55.74;10;11803007726;B
20241224;100429;55.73;10;11803007880;B
20241224;100430;55.73;10;11803008008;B
20241224;100430;55.73;10;11803008104;B
20241224;100430;55.73;10;11803008241;B
20241224;100430;55.69;30;11803008307;S
20241224;100430;55.69;50;11803008308;S
20241224;100430;55.69;10;11803008309;S
20241224;100430;55.68;310;11803008310;S
20241224;100431;55.73;10;11803008495;B
20241224;100431;55.73;10;11803008673;B
20241224;100432;55.73;10;11803008777;B
20241224;100432;55.73;10;11803008868;B
20241224;100432;55.73;10;11803008952;B
20241224;100432;55.73;10;11803009037;B
20241224;100433;55.73;10;11803009233;B
20241224;100433;55.73;10;11803009288;B
20241224;100433;55.73;10;11803009340;B
20241224;100433;55.73;10;11803009435;B
20241224;100433;55.73;10;11803009470;B
20241224;100433;55.73;10;11803009546;B
20241224;100434;55.73;10;11803009600;B
20241224;100434;55.73;10;11803009746;B
20241224;100434;55.73;10;11803009759;B
20241224;100434;55.73;10;11803009803;B
20241224;100434;55.73;10;11803009846;B
20241224;100436;55.73;10;11803010263;B
20241224;100436;55.73;10;11803010344;B
20241224;100436;55.73;10;11803010438;B
20241224;100436;55.73;10;11803010489;B
20241224;100437;55.73;10;11803010663;B
20241224;100437;55.69;10;11803010682;S
20241224;100437;55.69;40;11803010683;S
20241224;100437;55.69;120;11803010684;S
20241224;100437;55.73;10;11803010802;B
20241224;100438;55.73;10;11803010998;B
20241224;100438;55.73;10;11803011076;B
20241224;100439;55.73;10;11803011372;B
20241224;100439;55.73;10;11803011432;B
20241224;100439;55.73;10;11803011538;B
20241224;100439;55.73;10;11803011577;B
20241224;100439;55.73;10;11803011678;B
20241224;100439;55.73;10;11803011745;B
20241224;100440;55.73;10;11803011796;B
20241224;100440;55.73;10;11803011878;B
20241224;100440;55.73;10;11803011981;B
20241224;100440;55.73;10;11803012033;B
20241224;100440;55.73;10;11803012072;B
20241224;100441;55.73;10;11803012280;B
20241224;100441;55.73;10;11803012408;B
20241224;100441;55.73;10;11803012432;B
20241224;100441;55.73;10;11803012559;B
20241224;100442;55.73;10;11803012587;B
20241224;100442;55.73;10;11803012604;B
20241224;100442;55.73;10;11803012666;B
20241224;100442;55.73;10;11803012819;B
20241224;100442;55.73;10;11803012910;B
20241224;100442;55.73;10;11803012939;B
20241224;100443;55.73;10;11803013244;B
20241224;100443;55.73;10;11803013360;B
20241224;100443;55.73;10;11803013395;B
20241224;100443;55.73;10;11803013493;B
20241224;100443;55.73;10;11803013570;B
20241224;100444;55.73;10;11803013662;B
20241224;100444;55.73;10;11803013768;B
20241224;100444;55.73;10;11803013893;B
20241224;100444;55.73;10;11803013930;B
20241224;100444;55.73;10;11803013990;B
20241224;100445;55.73;10;11803014191;B
20241224;100445;55.73;10;11803014252;B
20241224;100445;55.73;10;11803014310;B
20241224;100445;55.73;10;11803014355;B
20241224;100445;55.73;10;11803014478;B
20241224;100445;55.73;10;11803014538;B
20241224;100445;55.73;10;11803014605;B
20241224;100446;55.73;10;11803014677;B
20241224;100446;55.73;10;11803014717;B
20241224;100446;55.73;10;11803014782;B
20241224;100446;55.73;10;11803014869;B
20241224;100446;55.71;720;11803014888;S
20241224;100446;55.71;150;11803014889;S
20241224;100446;55.7;130;11803014890;S
20241224;100446;55.73;10;11803014917;B
20241224;100447;55.73;10;11803015066;B
20241224;100447;55.73;10;11803015100;B
20241224;100447;55.73;10;11803015149;B
20241224;100447;55.73;10;11803015269;B
20241224;100450;55.73;10;11803015881;B
20241224;100450;55.73;10;11803016008;B
20241224;100450;55.73;10;11803016097;B
20241224;100451;55.73;10;11803016201;B
20241224;100451;55.73;10;11803016496;B
20241224;100452;55.73;20;11803016657;B
20241224;100453;55.71;380;11803017022;S
20241224;100453;55.71;20;11803017023;S
20241224;100453;55.71;500;11803017024;S
20241224;100453;55.7;6240;11803017025;S
20241224;100453;55.7;470;11803017026;S
20241224;100453;55.7;1000;11803017027;S
20241224;100453;55.7;40;11803017028;B
20241224;100453;55.7;10;11803017069;B
20241224;100453;55.7;10;11803017119;B
20241224;100453;55.7;10;11803017180;B
20241224;100454;55.7;10;11803017394;B
20241224;100455;55.7;70;11803017621;B
20241224;100455;55.7;10;11803017687;B
20241224;100455;55.7;10;11803017775;B
20241224;100455;55.69;180;11803017823;S
20241224;100455;55.69;620;11803017824;S
20241224;100455;55.69;100;11803017825;S
20241224;100455;55.7;10;11803017903;B
20241224;100456;55.7;10;11803017969;B
20241224;100456;55.7;10;11803018020;B
20241224;100456;55.7;100;11803018055;B
20241224;100456;55.7;10;11803018111;B
20241224;100456;55.7;20;11803018128;B
20241224;100456;55.7;10;11803018205;B
20241224;100456;55.7;10;11803018280;B
20241224;100457;55.7;10;11803018420;B
20241224;100457;55.7;10;11803018505;B
20241224;100457;55.7;10;11803018544;B
20241224;100457;55.7;10;11803018641;B
20241224;100457;55.7;10;11803018714;B
20241224;100457;55.7;10;11803018787;B
20241224;100458;55.7;10;11803018879;B
20241224;100458;55.7;10;11803018953;B
20241224;100458;55.7;10;11803019044;B
20241224;100459;55.7;10;11803019208;B
20241224;100459;55.7;10;11803019292;B
20241224;100459;55.7;10;11803019357;B
20241224;100459;55.7;100;11803019442;B
20241224;100459;55.7;10;11803019511;B
20241224;100500;55.7;10;11803019666;B
20241224;100500;55.7;10;11803019811;B
20241224;100501;55.7;100;11803020275;B
20241224;100501;55.69;780;11803020297;S
20241224;100501;55.69;60;11803020298;S
20241224;100501;55.69;170;11803020299;S
20241224;100501;55.69;30;11803020300;S
20241224;100501;55.68;800;11803020301;S
20241224;100501;55.68;700;11803020302;S
20241224;100501;55.68;1500;11803020303;S
20241224;100501;55.68;800;11803020324;S
20241224;100503;55.67;200;11803020975;S
20241224;100503;55.68;500;11803020978;B
20241224;100505;55.67;10;11803021330;S
20241224;100505;55.67;640;11803021332;S
20241224;100505;55.67;220;11803021333;S
20241224;100505;55.68;10;11803021405;B
20241224;100505;55.68;490;11803021406;B
20241224;100505;55.68;1560;11803021407;B
20241224;100505;55.68;1500;11803021408;B
20241224;100505;55.68;1110;11803021409;B
20241224;100505;55.68;1610;11803021410;B
20241224;100505;55.68;100;11803021411;B
20241224;100505;55.69;1500;11803021412;B
20241224;100505;55.69;3000;11803021413;B
20241224;100505;55.69;3000;11803021414;B
20241224;100505;55.69;3000;11803021415;B
20241224;100505;55.7;30350;11803021416;B
20241224;100506;55.67;20;11803021816;S
20241224;100507;55.67;1000;11803022040;S
20241224;100507;55.68;500;11803022186;B
20241224;100509;55.67;100;11803022652;S
20241224;100509;55.67;250;11803022729;S
20241224;100515;55.68;340;11803024277;B
20241224;100516;55.68;500;11803024711;B
20241224;100516;55.67;110;11803024825;S
20241224;100516;55.67;60;11803024826;S
20241224;100517;55.67;60;11803025259;S
20241224;100517;55.67;10;11803025260;S
20241224;100517;55.67;500;11803025301;B
20241224;100518;55.66;20;11803025806;S
20241224;100519;55.66;100;11803026299;B
20241224;100520;55.65;3000;11803026644;S
20241224;100520;55.65;210;11803026645;S
20241224;100520;55.65;500;11803026646;S
20241224;100520;55.65;3000;11803026647;S
20241224;100520;55.65;120;11803026648;S
20241224;100520;55.63;770;11803026649;S
20241224;100520;55.62;10;11803026650;S
20241224;100520;55.62;15180;11803026651;S
20241224;100520;55.61;400;11803026652;S
20241224;100520;55.61;400;11803026653;S
20241224;100520;55.6;1000;11803026654;S
20241224;100520;55.6;1000;11803026655;S
20241224;100520;55.6;4000;11803026656;S
20241224;100520;55.6;30;11803026657;S
20241224;100520;55.6;1000;11803026658;S
20241224;100520;55.6;3340;11803026659;S
20241224;100520;55.58;4000;11803026660;S
20241224;100520;55.58;820;11803026661;S
20241224;100520;55.57;10;11803026662;S
20241224;100520;55.57;20;11803026663;S
20241224;100520;55.57;410;11803026664;S
20241224;100520;55.57;1500;11803026665;S
20241224;100520;55.57;6240;11803026666;S
20241224;100520;55.57;6110;11803026667;S
20241224;100520;55.56;18050;11803026668;S
20241224;100520;55.56;270;11803026669;S
20241224;100520;55.56;10;11803026670;S
20241224;100520;55.56;1500;11803026671;S
20241224;100520;55.56;1000;11803026672;S
20241224;100520;55.55;10;11803026673;S
20241224;100520;55.55;1400;11803026674;S
20241224;100520;55.55;30;11803026675;S
20241224;100520;55.55;1500;11803026676;S
20241224;100520;55.54;100;11803026677;S
20241224;100520;55.54;100;11803026678;S
20241224;100520;55.54;100;11803026679;S
20241224;100520;55.54;1500;11803026680;S
20241224;100520;55.54;3210;11803026681;S
20241224;100520;55.53;70;11803026682;S
20241224;100520;55.53;40;11803026683;S
20241224;100520;55.53;8040;11803026684;S
20241224;100520;55.54;1700;11803026702;S
20241224;100520;55.54;500;11803026708;S
20241224;100521;55.56;1500;11803026858;B
20241224;100521;55.57;2070;11803026859;B
20241224;100521;55.54;20;11803026909;S
20241224;100521;55.54;220;11803026952;S
20241224;100521;55.53;30;11803026953;S
20241224;100521;55.53;4930;11803026999;S
20241224;100521;55.52;4000;11803027000;S
20241224;100521;55.52;950;11803027001;S
20241224;100521;55.52;110;11803027002;S
20241224;100521;55.53;700;11803027028;B
20241224;100521;55.54;300;11803027029;B
20241224;100521;55.51;1800;11803027104;S
20241224;100521;55.51;1080;11803027105;S
20241224;100521;55.51;410;11803027106;S
20241224;100521;55.5;6700;11803027107;S
20241224;100521;55.5;1250;11803027122;S
20241224;100521;55.5;2000;11803027146;S
20241224;100521;55.5;180;11803027147;S
20241224;100521;55.5;190;11803027148;S
20241224;100522;55.54;20;11803027203;B
20241224;100522;55.5;100;11803027232;S
20241224;100522;55.5;580;11803027285;S
20241224;100522;55.5;30;11803027286;S
20241224;100522;55.5;1220;11803027287;S
20241224;100522;55.5;70;11803027294;S
20241224;100522;55.5;520;11803027295;S
20241224;100522;55.5;370;11803027296;S
20241224;100523;55.54;10;11803027407;B
20241224;100524;55.51;60;11803027634;S
20241224;100524;55.55;10;11803027896;B
20241224;100525;55.51;100;11803028056;S
20241224;100525;55.55;40;11803028307;B
20241224;100525;55.51;100;11803028357;S
20241224;100525;55.51;470;11803028358;S
20241224;100525;55.5;630;11803028359;S
20241224;100525;55.5;800;11803028360;S
20241224;100526;55.55;40;11803028585;B
20241224;100526;55.53;10;11803028731;B
20241224;100526;55.51;10;11803028735;S
20241224;100526;55.54;20;11803028778;B
20241224;100526;55.51;10;11803028814;S
20241224;100527;55.54;40;11803029131;B
20241224;100527;55.56;500;11803029215;B
20241224;100528;55.56;40;11803029355;B
20241224;100528;55.55;40;11803029672;B
20241224;100529;55.55;40;11803029852;B
20241224;100529;55.55;40;11803029983;B
20241224;100529;55.55;730;11803029984;B
20241224;100529;55.55;650;11803030010;B
20241224;100529;55.56;350;11803030011;B
20241224;100530;55.55;40;11803030087;B
20241224;100530;55.53;1000;11803030277;S
20241224;100530;55.55;40;11803030306;B
20241224;100531;55.55;200;11803030406;B
20241224;100531;55.55;150;11803030453;B
20241224;100531;55.55;1070;11803030508;B
20241224;100531;55.56;610;11803030509;B
20241224;100531;55.56;100;11803030510;B
20241224;100531;55.57;1500;11803030511;B
20241224;100531;55.57;300;11803030512;B
20241224;100531;55.58;1420;11803030513;B
20241224;100531;55.59;140;11803030579;B
20241224;100531;55.59;40;11803030623;B
20241224;100532;55.6;220;11803030745;B
20241224;100532;55.61;40;11803030882;B
20241224;100532;55.59;500;11803030998;S
20241224;100533;55.61;40;11803031163;B
20241224;100533;55.61;120;11803031164;B
20241224;100533;55.61;70;11803031232;B
20241224;100533;55.61;150;11803031319;B
20241224;100533;55.61;460;11803031366;B
20241224;100534;55.63;40;11803031487;B
20241224;100534;55.63;1000;11803031599;B
20241224;100535;55.63;460;11803031813;B
20241224;100535;55.63;400;11803031814;B
20241224;100535;55.64;640;11803031815;B
20241224;100535;55.63;1000;11803031893;S
20241224;100535;55.64;860;11803031947;B
20241224;100535;55.65;640;11803031948;B
20241224;100535;55.63;60;11803031994;S
20241224;100535;55.64;1500;11803032017;B
20241224;100536;55.64;10;11803032029;B
20241224;100536;55.63;1120;11803032051;S
20241224;100536;55.61;900;11803032052;S
20241224;100536;55.59;1310;11803032053;B
20241224;100537;55.62;50;11803032366;S
20241224;100537;55.64;100;11803032472;B
20241224;100538;55.62;100;11803032540;S
20241224;100539;55.64;1400;11803032740;B
20241224;100539;55.64;100;11803032741;B
20241224;100539;55.64;250;11803032943;B
20241224;100540;55.64;40;11803033086;B
20241224;100540;55.64;110;11803033337;B
20241224;100541;55.64;610;11803033513;B
20241224;100541;55.64;490;11803033514;B
20241224;100541;55.65;930;11803033515;B
20241224;100541;55.62;250;11803033749;S
20241224;100541;55.61;290;11803033750;S
20241224;100542;55.62;260;11803033791;B
20241224;100543;55.62;680;11803034499;B
20241224;100543;55.62;560;11803034598;B
20241224;100543;55.63;10;11803034599;B
20241224;100543;55.63;110;11803034600;B
20241224;100544;55.64;260;11803035150;B
20241224;100545;55.63;10;11803035432;S
20241224;100545;55.64;530;11803035482;B
20241224;100546;55.64;160;11803035634;B
20241224;100547;55.64;250;11803035956;B
20241224;100547;55.64;300;11803036033;B
20241224;100547;55.64;460;11803036034;S
20241224;100549;55.64;1040;11803036572;B
20241224;100549;55.63;50;11803036660;S
20241224;100550;55.63;100;11803036985;S
20241224;100550;55.64;1500;11803037024;B
20241224;100553;55.65;10;11803038084;B
20241224;100554;55.65;220;11803038243;B
20241224;100554;55.65;280;11803038244;B
20241224;100555;55.65;1220;11803038689;B
20241224;100555;55.65;5000;11803038690;B
20241224;100555;55.66;1500;11803038691;B
20241224;100555;55.67;1500;11803038692;B
20241224;100555;55.67;780;11803038693;B
20241224;100555;55.66;2280;11803038727;S
20241224;100555;55.67;1500;11803038775;B
20241224;100555;55.68;500;11803038776;B
20241224;100556;55.67;80;11803038957;S
20241224;100558;55.68;50;11803039752;B
20241224;100558;55.68;210;11803039777;B
20241224;100558;55.68;740;11803039904;B
20241224;100558;55.68;140;11803039905;B
20241224;100558;55.67;1500;11803039912;B
20241224;100558;55.68;310;11803039921;B
20241224;100558;55.68;500;11803040069;B
20241224;100558;55.67;150;11803040161;S
20241224;100603;55.67;200;11803042178;B
20241224;100603;55.66;1620;11803042280;S
20241224;100603;55.65;3210;11803042281;S
20241224;100603;55.65;170;11803042282;S
20241224;100603;55.67;1000;11803042336;B
20241224;100606;55.67;10;11803043461;B
20241224;100608;55.65;1500;11803043893;B
20241224;100608;55.65;340;11803043894;B
20241224;100608;55.66;160;11803043895;B
20241224;100609;55.67;30;11803044030;B
20241224;100609;55.67;70;11803044031;B
20241224;100610;55.68;30;11803044364;B
20241224;100610;55.68;710;11803044366;B
20241224;100610;55.68;360;11803044420;B
20241224;100613;55.68;10;11803044943;B
20241224;100613;55.68;40;11803045065;B
20241224;100613;55.69;860;11803045066;B
20241224;100614;55.69;10;11803045103;B
20241224;100615;55.69;20;11803045407;B
20241224;100619;55.67;900;11803046186;S
20241224;100620;55.67;20;11803046701;B
20241224;100620;55.69;10;11803046702;B
20241224;100621;55.69;20;11803047060;B
20241224;100621;55.69;70;11803047204;B
20241224;100625;55.68;70;11803048025;S
20241224;100625;55.67;1500;11803048026;S
20241224;100625;55.67;210;11803048027;S
20241224;100625;55.67;550;11803048028;S
20241224;100625;55.66;2180;11803048029;S
20241224;100625;55.66;1950;11803048030;S
20241224;100625;55.65;380;11803048031;S
20241224;100625;55.65;170;11803048032;S
20241224;100625;55.65;1500;11803048033;S
20241224;100625;55.64;500;11803048034;S
20241224;100625;55.64;6240;11803048035;S
20241224;100625;55.64;1500;11803048036;S
20241224;100625;55.64;1000;11803048037;S
20241224;100625;55.64;400;11803048038;S
20241224;100625;55.63;850;11803048039;S
20241224;100625;55.63;1790;11803048040;S
20241224;100625;55.63;200;11803048041;S
20241224;100625;55.63;1000;11803048042;S
20241224;100625;55.63;1500;11803048043;S
20241224;100625;55.62;1500;11803048044;S
20241224;100625;55.62;100;11803048045;S
20241224;100625;55.62;3810;11803048046;B
20241224;100625;55.62;1100;11803048047;B
20241224;100626;55.68;270;11803048421;B
20241224;100626;55.68;1500;11803048422;B
20241224;100626;55.68;20;11803048423;S
20241224;100627;55.69;10;11803048611;B
20241224;100627;55.69;230;11803048612;B
20241224;100627;55.69;1270;11803048624;B
20241224;100627;55.69;730;11803048625;B
20241224;100628;55.67;1000;11803049013;S
20241224;100629;55.66;190;11803049117;S
20241224;100630;55.67;10;11803049241;B
20241224;100633;55.67;10;11803049944;B
20241224;100638;55.63;20;11803051144;S
20241224;100642;55.64;20;11803052229;S
20241224;100643;55.63;10;11803052321;S
20241224;100643;55.63;80;11803052327;S
20241224;100643;55.62;510;11803052328;S
20241224;100643;55.62;510;11803052329;S
20241224;100643;55.62;590;11803052386;S
20241224;100644;55.61;80;11803053073;S
20241224;100644;55.61;420;11803053074;S
20241224;100644;55.61;50;11803053075;S
20241224;100644;55.61;960;11803053076;S
20241224;100645;55.61;1040;11803053509;S
20241224;100645;55.61;2960;11803053510;S
20241224;100645;55.61;70;11803053515;S
20241224;100645;55.61;3210;11803053516;S
20241224;100645;55.6;370;11803053517;S
20241224;100645;55.6;220;11803053518;S
20241224;100645;55.6;1050;11803053519;S
20241224;100646;55.6;360;11803053764;S
20241224;100646;55.6;640;11803053765;S
20241224;100646;55.6;850;11803053768;S
20241224;100647;55.6;150;11803053966;S
20241224;100647;55.59;10;11803053967;S
20241224;100647;55.58;90;11803053968;S
20241224;100650;55.62;220;11803054725;B
20241224;100655;55.63;20;11803055877;B
20241224;100656;55.59;70;11803056094;B
20241224;100656;55.57;20;11803056201;S
20241224;100659;55.58;4120;11803056836;B
20241224;100700;55.59;20;11803057005;S
20241224;100700;55.58;980;11803057006;S
20241224;100700;55.58;200;11803057113;S
20241224;100702;55.58;3000;11803057626;S
20241224;100703;55.59;2000;11803057936;B
20241224;100703;55.58;1140;11803057937;S
20241224;100705;55.59;180;11803058544;B
20241224;100705;55.58;20;11803058545;S
20241224;100706;55.58;40;11803058854;S
20241224;100707;55.58;500;11803059137;S
20241224;100707;55.58;250;11803059138;S
20241224;100707;55.58;20;11803059172;S
20241224;100710;55.57;60;11803059860;S
20241224;100710;55.57;1940;11803059861;S
20241224;100711;55.58;650;11803060097;B
20241224;100711;55.59;1570;11803060098;B
20241224;100715;55.57;1080;11803061374;S
20241224;100715;55.57;1500;11803061375;S
20241224;100715;55.57;500;11803061376;S
20241224;100715;55.56;2920;11803061377;S
20241224;100721;55.58;710;11803063152;B
20241224;100724;55.58;10;11803064308;B
20241224;100727;55.58;50;11803065596;S
20241224;100728;55.59;500;11803065699;B
20241224;100729;55.59;300;11803066030;S
20241224;100729;55.59;120;11803066155;S
20241224;100730;55.6;500;11803066452;B
20241224;100731;55.59;50;11803066728;S
20241224;100732;55.59;10;11803066834;S
20241224;100732;55.6;100;11803066949;B
20241224;100733;55.6;50;11803067300;B
20241224;100733;55.6;520;11803067301;B
20241224;100733;55.6;800;11803067302;B
20241224;100733;55.6;650;11803067304;B
20241224;100733;55.6;1830;11803067305;B
20241224;100733;55.6;50;11803067306;B
20241224;100733;55.62;110;11803067307;B
20241224;100733;55.62;110;11803067308;B
20241224;100734;55.62;10;11803067518;B
20241224;100735;55.59;10;11803067948;B
20241224;100736;55.58;10;11803068174;S
20241224;100736;55.61;10;11803068425;B
20241224;100736;55.62;10;11803068492;B
20241224;100736;55.62;10;11803068719;B
20241224;100736;55.58;100;11803068759;S
20241224;100737;55.61;10;11803068791;B
20241224;100737;55.6;10;11803068912;B
20241224;100737;55.6;10;11803068972;B
20241224;100737;55.6;10;11803069053;B
20241224;100737;55.6;10;11803069156;B
20241224;100738;55.6;10;11803069315;B
20241224;100738;55.6;10;11803069487;B
20241224;100738;55.6;10;11803069700;B
20241224;100738;55.6;10;11803069883;B
20241224;100739;55.59;10;11803070056;B
20241224;100739;55.6;10;11803070203;B
20241224;100739;55.6;10;11803070275;B
20241224;100739;55.6;10;11803070370;B
20241224;100740;55.6;10;11803070461;B
20241224;100740;55.6;10;11803070662;B
20241224;100740;55.6;710;11803070737;B
20241224;100740;55.6;10;11803070776;B
20241224;100740;55.6;10;11803070820;B
20241224;100740;55.6;60;11803070894;B
20241224;100740;55.6;10;11803070915;B
20241224;100741;55.6;10;11803070982;B
20241224;100741;55.6;10;11803071029;B
20241224;100741;55.6;10;11803071125;B
20241224;100741;55.6;10;11803071246;B
20241224;100741;55.58;1000;11803071269;S
20241224;100741;55.6;10;11803071292;B
20241224;100742;55.6;10;11803071442;B
20241224;100742;55.58;340;11803071478;S
20241224;100742;55.58;660;11803071479;S
20241224;100742;55.6;10;11803071563;B
20241224;100742;55.6;10;11803071615;B
20241224;100742;55.6;50;11803071677;B
20241224;100742;55.6;10;11803071703;B
20241224;100743;55.6;10;11803071819;B
20241224;100743;55.6;10;11803071858;B
20241224;100743;55.6;10;11803072030;B
20241224;100743;55.6;10;11803072142;B
20241224;100743;55.6;30;11803072152;B
20241224;100743;55.6;10;11803072203;B
20241224;100743;55.6;10;11803072254;B
20241224;100744;55.6;10;11803072402;B
20241224;100744;55.59;140;11803072433;S
20241224;100744;55.6;10;11803072553;B
20241224;100744;55.6;10;11803072602;B
20241224;100745;55.6;10;11803072704;B
20241224;100745;55.6;10;11803072796;B
20241224;100745;55.6;10;11803072863;B
20241224;100745;55.6;10;11803072984;B
20241224;100745;55.6;10;11803073047;B
20241224;100746;55.6;10;11803073104;B
20241224;100746;55.58;340;11803073217;S
20241224;100746;55.58;10;11803073262;B
20241224;100746;55.58;10;11803073351;B
20241224;100746;55.58;10;11803073455;B
20241224;100746;55.58;10;11803073493;B
20241224;100747;55.57;10;11803073537;B
20241224;100747;55.57;10;11803073656;B
20241224;100747;55.57;10;11803073744;B
20241224;100747;55.57;10;11803073838;B
20241224;100747;55.57;10;11803073927;B
20241224;100748;55.57;10;11803073999;B
20241224;100748;55.57;10;11803074122;B
20241224;100748;55.57;10;11803074230;B
20241224;100748;55.56;160;11803074245;S
20241224;100748;55.57;10;11803074298;B
20241224;100748;55.57;10;11803074388;B
20241224;100748;55.57;230;11803074418;B
20241224;100749;55.57;10;11803074573;B
20241224;100749;55.57;10;11803074649;B
20241224;100749;55.57;10;11803074710;B
20241224;100749;55.57;10;11803074814;B
20241224;100750;55.57;10;11803074908;B
20241224;100750;55.57;10;11803075091;B
20241224;100750;55.56;300;11803075105;S
20241224;100750;55.57;10;11803075149;B
20241224;100750;55.57;2810;11803075151;B
20241224;100750;55.57;820;11803075152;B
20241224;100750;55.58;1370;11803075153;B
20241224;100750;55.58;10;11803075214;B
20241224;100750;55.57;10;11803075296;B
20241224;100751;55.57;10;11803075374;B
20241224;100751;55.57;10;11803075428;B
20241224;100751;55.57;10;11803075475;B
20241224;100751;55.57;10;11803075521;B
20241224;100751;55.57;10;11803075611;B
20241224;100752;55.57;10;11803075709;B
20241224;100752;55.57;3140;11803075767;B
20241224;100752;55.58;240;11803075768;B
20241224;100752;55.58;1500;11803075769;B
20241224;100752;55.58;1110;11803075770;B
20241224;100752;55.59;1500;11803075771;B
20241224;100752;55.59;630;11803075772;B
20241224;100752;55.58;10;11803075896;B
20241224;100752;55.58;10;11803075971;B
20241224;100752;55.58;10;11803076032;B
20241224;100752;55.58;10;11803076104;B
20241224;100753;55.58;10;11803076204;B
20241224;100753;55.57;10;11803076264;B
20241224;100753;55.58;10;11803076312;B
20241224;100753;55.58;10;11803076432;B
20241224;100753;55.58;10;11803076475;B
20241224;100754;55.58;10;11803076684;B
20241224;100754;55.58;10;11803076737;B
20241224;100754;55.58;10;11803076933;B
20241224;100754;55.58;10;11803077051;B
20241224;100754;55.58;10;11803077096;B
20241224;100754;55.58;10;11803077160;B
20241224;100755;55.58;680;11803077234;B
20241224;100755;55.56;30;11803077297;S
20241224;100755;55.56;10;11803077339;S
20241224;100755;55.58;10;11803077378;B
20241224;100755;55.59;10;11803077487;B
20241224;100755;55.59;10;11803077595;B
20241224;100755;55.59;10;11803077653;B
20241224;100756;55.59;10;11803077756;B
20241224;100756;55.59;10;11803077941;B
20241224;100756;55.59;10;11803078026;B
20241224;100756;55.59;10;11803078114;B
20241224;100757;55.58;10;11803078184;B
20241224;100757;55.58;500;11803078232;B
20241224;100757;55.58;10;11803078254;B
20241224;100757;55.58;480;11803078291;B
20241224;100757;55.59;10;11803078385;B
20241224;100757;55.59;10;11803078432;B
20241224;100757;55.59;10;11803078529;B
20241224;100758;55.59;10;11803078659;B
20241224;100758;55.59;10;11803078701;B
20241224;100758;55.59;10;11803078814;B
20241224;100758;55.59;10;11803079093;B
20241224;100758;55.58;500;11803079122;S
20241224;100758;55.59;10;11803079156;B
20241224;100759;55.59;10;11803079323;B
20241224;100759;55.59;10;11803079376;B
20241224;100759;55.59;10;11803079466;B
20241224;100759;55.59;10;11803079619;B
20241224;100800;55.59;10;11803079712;B
20241224;100800;55.59;10;11803079861;B
20241224;100800;55.59;10;11803080066;B
20241224;100800;55.59;10;11803080190;B
20241224;100801;55.59;10;11803080358;B
20241224;100801;55.59;10;11803080411;B
20241224;100801;55.58;270;11803080418;S
20241224;100801;55.57;430;11803080419;S
20241224;100801;55.59;10;11803080474;B
20241224;100801;55.57;1740;11803080497;S
20241224;100801;55.56;260;11803080498;S
20241224;100802;55.59;10;11803080611;B
20241224;100802;55.59;10;11803080724;B
20241224;100802;55.59;10;11803080842;B
20241224;100802;55.59;330;11803080943;B
20241224;100802;55.58;10;11803080977;B
20241224;100802;55.56;300;11803081003;S
20241224;100802;55.59;10;11803081067;B
20241224;100803;55.59;10;11803081121;B
20241224;100803;55.59;10;11803081213;B
20241224;100803;55.59;10;11803081258;B
20241224;100803;55.59;10;11803081309;B
20241224;100803;55.59;10;11803081418;B
20241224;100804;55.59;10;11803081496;B
20241224;100804;55.59;10;11803081542;B
20241224;100804;55.59;10;11803081765;B
20241224;100804;55.59;10;11803081812;B
20241224;100804;55.59;10;11803081843;B
20241224;100804;55.59;10;11803081939;B
20241224;100805;55.59;10;11803082047;B
20241224;100805;55.59;20;11803082135;B
20241224;100805;55.59;10;11803082149;B
20241224;100805;55.59;10;11803082207;B
20241224;100805;55.59;10;11803082291;B
20241224;100806;55.59;10;11803082430;B
20241224;100806;55.59;10;11803082557;B
20241224;100806;55.58;10;11803082596;B
20241224;100806;55.58;10;11803082667;B
20241224;100806;55.57;280;11803082675;S
20241224;100806;55.58;230;11803082732;B
20241224;100807;55.58;10;11803082826;B
20241224;100807;55.58;550;11803082828;B
20241224;100807;55.58;10;11803082894;B
20241224;100807;55.58;690;11803082904;B
20241224;100807;55.59;10;11803082976;B
20241224;100807;55.59;10;11803083073;B
20241224;100807;55.59;10;11803083134;B
20241224;100807;55.58;30;11803083157;S
20241224;100808;55.59;650;11803083183;B
20241224;100808;55.59;250;11803083184;B
20241224;100808;55.59;1500;11803083203;B
20241224;100808;55.59;10;11803083307;B
20241224;100808;55.59;740;11803083319;B
20241224;100808;55.59;760;11803083320;B
20241224;100808;55.59;1000;11803083450;B
20241224;100808;55.59;10;11803083452;B
20241224;100808;55.59;10;11803083495;B
20241224;100809;55.59;10;11803083601;B
20241224;100809;55.59;10;11803083654;B
20241224;100809;55.59;10;11803083744;B
20241224;100809;55.59;10;11803083804;B
20241224;100809;55.59;10;11803083910;B
20241224;100810;55.59;10;11803083978;B
20241224;100810;55.58;50;11803083987;S
20241224;100810;55.59;10;11803084054;B
20241224;100810;55.59;10;11803084218;B
20241224;100810;55.59;10;11803084283;B
20241224;100810;55.59;10;11803084341;B
20241224;100810;55.58;2230;11803084364;S
20241224;100810;55.57;740;11803084365;S
20241224;100810;55.57;50;11803084366;S
20241224;100810;55.57;980;11803084367;S
20241224;100811;55.58;10;11803084448;B
20241224;100811;55.58;250;11803084456;B
20241224;100811;55.58;10;11803084546;B
20241224;100811;55.58;10;11803084616;B
20241224;100811;55.58;10;11803084682;B
20241224;100811;55.58;10;11803084768;B
20241224;100812;55.58;10;11803084825;B
20241224;100812;55.58;10;11803084889;B
20241224;100812;55.58;10;11803084979;B
20241224;100812;55.58;10;11803085071;B
20241224;100812;55.58;10;11803085124;B
20241224;100812;55.58;10;11803085176;B
20241224;100813;55.58;10;11803085347;B
20241224;100813;55.58;10;11803085417;B
20241224;100813;55.58;10;11803085489;B
20241224;100813;55.58;1110;11803085496;B
20241224;100813;55.58;390;11803085497;B
20241224;100813;55.58;10;11803085552;B
20241224;100814;55.58;10;11803085654;B
20241224;100814;55.58;10;11803085928;B
20241224;100814;55.58;1480;11803085994;B
20241224;100814;55.59;20;11803085995;B
20241224;100814;55.58;10;11803086004;B
20241224;100814;55.58;10;11803086060;B
20241224;100815;55.58;10;11803086150;B
20241224;100815;55.58;10;11803086201;B
20241224;100815;55.58;10;11803086342;B
20241224;100815;55.58;1450;11803086353;B
20241224;100815;55.59;1100;11803086354;B
20241224;100815;55.59;450;11803086355;B
20241224;100816;55.59;10;11803086465;B
20241224;100816;55.58;10;11803086521;B
20241224;100816;55.58;10;11803086528;B
20241224;100816;55.58;10;11803086636;B
20241224;100816;55.58;20;11803086652;B
20241224;100816;55.58;320;11803086701;B
20241224;100816;55.58;10;11803086719;B
20241224;100816;55.58;10;11803086755;B
20241224;100816;55.58;10;11803086851;B
20241224;100816;55.58;800;11803086863;B
20241224;100817;55.58;10;11803086940;B
20241224;100817;55.58;10;11803087071;B
20241224;100817;55.58;10;11803087330;B
20241224;100817;55.58;10;11803087442;B
20241224;100817;55.58;10;11803087523;B
20241224;100817;55.57;500;11803087579;S
20241224;100818;55.58;10;11803087619;B
20241224;100818;55.58;10;11803087654;B
20241224;100818;55.57;120;11803087673;S
20241224;100818;55.57;3210;11803087674;S
20241224;100818;55.57;50;11803087675;S
20241224;100818;55.57;500;11803087676;S
20241224;100818;55.56;11020;11803087677;S
20241224;100818;55.56;40;11803087678;S
20241224;100818;55.56;10;11803087679;S
20241224;100818;55.55;500;11803087680;S
20241224;100818;55.55;500;11803087681;S
20241224;100818;55.55;50;11803087682;S
20241224;100818;55.57;10;11803087737;B
20241224;100818;55.57;10;11803087880;B
20241224;100818;55.57;10;11803087989;B
20241224;100818;55.57;10;11803088039;B
20241224;100819;55.57;10;11803088126;B
20241224;100819;55.57;10;11803088195;B
20241224;100819;55.57;10;11803088280;B
20241224;100819;55.57;10;11803088382;B
20241224;100819;55.57;10;11803088575;B
20241224;100820;55.57;10;11803088692;B
20241224;100820;55.57;10;11803088958;B
20241224;100820;55.57;10;11803089020;B
20241224;100821;55.57;10;11803089219;B
20241224;100821;55.57;10;11803089321;B
20241224;100821;55.57;10;11803089399;B
20241224;100821;55.57;10;11803089432;B
20241224;100821;55.57;10;11803089646;B
20241224;100822;55.57;10;11803089687;B
20241224;100822;55.57;10;11803089731;B
20241224;100822;55.56;20;11803089757;S
20241224;100822;55.57;10;11803089882;B
20241224;100822;55.57;60;11803089883;B
20241224;100822;55.57;10;11803089944;B
20241224;100822;55.57;10;11803090021;B
20241224;100823;55.57;10;11803090065;B
20241224;100823;55.57;10;11803090111;B
20241224;100823;55.57;10;11803090233;B
20241224;100823;55.57;10;11803090291;B
20241224;100823;55.57;10;11803090360;B
20241224;100824;55.57;10;11803090443;B
20241224;100824;55.57;10;11803090582;B
20241224;100824;55.56;60;11803090666;S
20241224;100824;55.57;10;11803090695;B
20241224;100824;55.57;10;11803090739;B
20241224;100825;55.57;10;11803090786;B
20241224;100825;55.57;10;11803090877;B
20241224;100825;55.57;10;11803090918;B
20241224;100825;55.57;270;11803090999;B
20241224;100825;55.57;10;11803091051;B
20241224;100826;55.57;10;11803091110;B
20241224;100826;55.57;410;11803091179;B
20241224;100826;55.57;10;11803091220;B
20241224;100826;55.57;10;11803091334;B
20241224;100826;55.57;10;11803091462;B
20241224;100826;55.57;10;11803091541;B
20241224;100827;55.56;20;11803091612;S
20241224;100827;55.57;10;11803091637;B
20241224;100827;55.57;10;11803091663;B
20241224;100827;55.57;10;11803091757;B
20241224;100827;55.57;10;11803091822;B
20241224;100828;55.57;10;11803091912;B
20241224;100828;55.57;10;11803091986;B
20241224;100828;55.57;10;11803092049;B
20241224;100828;55.56;10;11803092129;S
20241224;100828;55.57;10;11803092157;B
20241224;100828;55.57;10;11803092207;B
20241224;100828;55.57;10;11803092245;B
20241224;100829;55.57;10;11803092367;B
20241224;100829;55.57;10;11803092443;B
20241224;100829;55.57;10;11803092477;B
20241224;100829;55.57;230;11803092499;B
20241224;100829;55.57;670;11803092500;B
20241224;100829;55.57;50;11803092540;B
20241224;100829;55.57;10;11803092567;B
20241224;100829;55.57;10;11803092611;B
20241224;100830;55.57;10;11803092657;B
20241224;100830;55.57;10;11803092791;B
20241224;100830;55.57;10;11803092938;B
20241224;100830;55.57;10;11803093133;B
20241224;100830;55.57;10;11803093217;B
20241224;100831;55.57;10;11803093319;B
20241224;100831;55.57;10;11803093466;B
20241224;100831;55.57;10;11803093531;B
20241224;100831;55.57;10;11803093694;B
20241224;100831;55.57;10;11803093763;B
20241224;100831;55.57;100;11803093772;B
20241224;100832;55.57;10;11803093863;B
20241224;100832;55.57;10;11803093936;B
20241224;100832;55.57;10;11803094207;B
20241224;100832;55.57;10;11803094304;B
20241224;100833;55.57;10;11803094358;B
20241224;100833;55.57;10;11803094404;B
20241224;100833;55.57;30;11803094563;B
20241224;100833;55.57;10;11803094577;B
20241224;100833;55.57;1290;11803094594;B
20241224;100833;55.58;2730;11803094595;B
20241224;100833;55.58;1500;11803094596;B
20241224;100833;55.58;20;11803094597;B
20241224;100833;55.58;2690;11803094598;B
20241224;100833;55.59;1040;11803094599;B
20241224;100833;55.59;730;11803094600;B
20241224;100833;55.58;10;11803094630;B
20241224;100834;55.58;10;11803094719;B
20241224;100834;55.58;10;11803094818;B
20241224;100834;55.57;350;11803094838;S
20241224;100834;55.58;10;11803094883;B
20241224;100834;55.58;10;11803094983;B
20241224;100835;55.58;10;11803095036;B
20241224;100835;55.58;10;11803095074;B
20241224;100835;55.58;10;11803095154;B
20241224;100835;55.58;10;11803095269;B
20241224;100835;55.58;10;11803095337;B
20241224;100836;55.58;10;11803095420;B
20241224;100836;55.58;10;11803095557;B
20241224;100836;55.58;10;11803095614;B
20241224;100836;55.58;10;11803095665;B
20241224;100836;55.58;10;11803095769;B
20241224;100837;55.58;10;11803095812;B
20241224;100837;55.58;10;11803095857;B
20241224;100837;55.58;10;11803095962;B
20241224;100837;55.58;10;11803095969;B
20241224;100837;55.58;10;11803096019;B
20241224;100838;55.58;10;11803096103;B
20241224;100838;55.58;10;11803096153;B
20241224;100838;55.58;10;11803096281;B
20241224;100838;55.58;10;11803096342;B
20241224;100838;55.58;10;11803096490;B
20241224;100839;55.58;10;11803096714;B
20241224;100839;55.58;10;11803096868;B
20241224;100839;55.58;10;11803096917;B
20241224;100839;55.58;10;11803097054;B
20241224;100839;55.58;1210;11803097138;B
20241224;100839;55.59;790;11803097139;B
20241224;100839;55.58;10;11803097164;B
20241224;100840;55.58;10;11803097228;B
20241224;100840;55.58;10;11803097361;B
20241224;100840;55.58;150;11803097432;B
20241224;100840;55.58;10;11803097462;B
20241224;100840;55.58;10;11803097497;B
20241224;100840;55.58;10;11803097578;B
20241224;100841;55.58;10;11803097630;B
20241224;100841;55.58;10;11803097729;B
20241224;100841;55.58;50;11803097738;B
20241224;100841;55.58;10;11803097761;B
20241224;100841;55.58;10;11803097848;B
20241224;100842;55.58;10;11803097975;B
20241224;100842;55.58;10;11803098021;B
20241224;100842;55.58;1180;11803098108;B
20241224;100842;55.58;1080;11803098109;B
20241224;100842;55.59;1480;11803098110;B
20241224;100842;55.59;20;11803098111;B
20241224;100842;55.59;680;11803098112;B
20241224;100842;55.58;10;11803098116;B
20241224;100842;55.58;10;11803098221;B
20241224;100842;55.58;10;11803098290;B
20241224;100843;55.58;10;11803098348;B
20241224;100843;55.58;10;11803098408;B
20241224;100843;55.58;10;11803098452;B
20241224;100843;55.58;1440;11803098468;B
20241224;100843;55.59;660;11803098469;B
20241224;100843;55.59;10;11803098584;B
20241224;100843;55.59;10;11803098622;B
20241224;100844;55.59;10;11803098701;B
20241224;100844;55.59;10;11803098832;B
20241224;100844;55.59;10;11803098871;B
20241224;100845;55.59;10;11803098982;B
20241224;100845;55.59;10;11803099081;B
20241224;100845;55.59;10;11803099190;B
20241224;100846;55.59;10;11803099388;B
20241224;100846;55.59;70;11803099483;B
20241224;100846;55.59;930;11803099484;B
20241224;100847;55.59;10;11803099537;B
20241224;100847;55.59;10;11803099650;B
20241224;100850;55.59;50;11803100148;B
20241224;100850;55.59;300;11803100216;B
20241224;100850;55.59;10;11803100234;B
20241224;100850;55.59;10;11803100424;B
20241224;100850;55.59;10;11803100540;B
20241224;100851;55.59;10;11803100627;B
20241224;100851;55.59;10;11803100756;B
20241224;100851;55.59;10;11803100831;B
20241224;100851;55.6;10;11803100902;B
20241224;100851;55.6;10;11803101016;B
20241224;100851;55.6;3730;11803101053;B
20241224;100851;55.6;4270;11803101054;B
20241224;100852;55.6;10;11803101140;B
20241224;100852;55.6;10;11803101206;B
20241224;100852;55.6;10;11803101267;B
20241224;100852;55.6;10;11803101343;B
20241224;100852;55.6;10;11803101396;B
20241224;100853;55.6;10;11803101475;B
20241224;100854;55.6;10;11803101703;B
20241224;100854;55.6;10;11803101852;B
20241224;100855;55.6;10;11803102149;B
20241224;100855;55.6;10;11803102278;B
20241224;100855;55.6;20;11803102320;B
20241224;100856;55.6;10;11803102440;B
20241224;100856;55.6;10;11803102581;B
20241224;100856;55.6;10;11803102697;B
20241224;100856;55.6;10;11803102767;B
20241224;100856;55.6;10;11803102810;B
20241224;100857;55.6;10;11803102973;B
20241224;100857;55.6;3000;11803102974;B
20241224;100857;55.6;6920;11803102975;B
20241224;100857;55.6;9060;11803102976;B
20241224;100857;55.6;570;11803102977;B
20241224;100857;55.6;1200;11803103047;B
20241224;100857;55.59;2880;11803103151;S
20241224;100857;55.59;1320;11803103152;S
20241224;100857;55.59;20;11803103153;S
20241224;100857;55.59;550;11803103154;S
20241224;100857;55.58;220;11803103155;S
20241224;100857;55.57;10;11803103156;S
20241224;100857;55.57;130;11803103157;S
20241224;100857;55.57;20;11803103158;S
20241224;100857;55.57;50;11803103159;S
20241224;100857;55.57;2510;11803103160;S
20241224;100857;55.56;1530;11803103161;S
20241224;100857;55.6;5000;11803103241;B
20241224;100857;55.6;510;11803103245;B
20241224;100857;55.6;10;11803103282;B
20241224;100858;55.6;250;11803103315;B
20241224;100858;55.6;8000;11803103355;B
20241224;100858;55.6;10;11803103434;B
20241224;100858;55.6;10;11803103549;B
20241224;100858;55.57;10;11803103638;S
20241224;100858;55.6;10;11803103663;B
20241224;100858;55.6;10;11803103779;B
20241224;100859;55.6;10;11803103814;B
20241224;100859;55.6;10;11803103821;B
20241224;100859;55.6;20;11803103888;B
20241224;100859;55.6;10;11803103901;B
20241224;100859;55.6;10;11803103957;B
20241224;100859;55.6;10;11803103997;B
20241224;100859;55.59;50;11803104019;S
20241224;100859;55.6;770;11803104020;B
20241224;100859;55.6;770;11803104021;B
20241224;100859;55.6;10;11803104097;B
20241224;100900;55.6;10;11803104149;B
20241224;100900;55.6;20;11803104245;B
20241224;100900;55.6;20;11803104270;B
20241224;100900;55.6;10;11803104273;B
20241224;100900;55.6;10;11803104437;B
20241224;100900;55.6;3000;11803104459;B
20241224;100900;55.6;200;11803104460;B
20241224;100900;55.6;500;11803104529;B
20241224;100900;55.6;10;11803104530;B
20241224;100900;55.6;2250;11803104533;B
20241224;100901;55.63;10;11803104584;B
20241224;100901;55.63;10;11803104655;B
20241224;100901;55.63;10;11803104742;B
20241224;100901;55.63;10;11803104844;B
20241224;100901;55.63;10;11803104896;B
20241224;100902;55.63;10;11803104943;B
20241224;100902;55.63;10;11803105007;B
20241224;100902;55.63;10;11803105130;B
20241224;100902;55.63;10;11803105181;B
20241224;100902;55.63;10;11803105246;B
20241224;100903;55.63;10;11803105320;B
20241224;100903;55.63;10;11803105379;B
20241224;100903;55.63;10;11803105467;B
20241224;100903;55.63;10;11803105548;B
20241224;100903;55.63;10;11803105637;B
20241224;100903;55.63;10;11803105675;B
20241224;100904;55.63;10;11803105728;B
20241224;100904;55.63;830;11803105732;B
20241224;100904;55.63;1170;11803105733;B
20241224;100904;55.64;10;11803105796;B
20241224;100904;55.64;10;11803105868;B
20241224;100904;55.64;10;11803105915;B
20241224;100904;55.64;10;11803106075;B
20241224;100905;55.64;10;11803106114;B
20241224;100905;55.64;10;11803106161;B
20241224;100905;55.64;10;11803106223;B
20241224;100905;55.62;10;11803106226;S
20241224;100905;55.64;250;11803106228;B
20241224;100905;55.64;10;11803106330;B
20241224;100905;55.64;10;11803106386;B
20241224;100905;55.64;10;11803106458;B
20241224;100906;55.64;10;11803106510;B
20241224;100906;55.64;10;11803106642;B
20241224;100906;55.64;10;11803106689;B
20241224;100906;55.64;10;11803106779;B
20241224;100906;55.64;100;11803106784;B
20241224;100906;55.64;10;11803106858;B
20241224;100907;55.64;10;11803106927;B
20241224;100907;55.64;10;11803107018;B
20241224;100907;55.64;10;11803107102;B
20241224;100907;55.64;10;11803107211;B
20241224;100907;55.64;10;11803107267;B
20241224;100908;55.64;10;11803107326;B
20241224;100908;55.64;10;11803107405;B
20241224;100908;55.64;10;11803107538;B
20241224;100908;55.64;10;11803107608;B
20241224;100908;55.64;10;11803107685;B
20241224;100909;55.64;10;11803107760;B
20241224;100909;55.64;10;11803107869;B
20241224;100909;55.64;10;11803107961;B
20241224;100909;55.64;10;11803108139;B
20241224;100910;55.64;10;11803108245;B
20241224;100910;55.64;10;11803108344;B
20241224;100910;55.64;10;11803108533;B
20241224;100910;55.64;10;11803108590;B
20241224;100910;55.64;500;11803108655;B
20241224;100910;55.64;10;11803108701;B
20241224;100910;55.63;10;11803108730;S
20241224;100911;55.64;10;11803108821;B
20241224;100911;55.64;10;11803108901;B
20241224;100911;55.64;10;11803109034;B
20241224;100911;55.64;10;11803109159;B
20241224;100911;55.64;10;11803109220;B
20241224;100912;55.64;10;11803109266;B
20241224;100912;55.64;10;11803109301;B
20241224;100912;55.64;250;11803109357;B
20241224;100912;55.64;2800;11803109358;B
20241224;100912;55.64;10;11803109477;B
20241224;100912;55.64;10;11803109534;B
20241224;100912;55.64;10;11803109626;B
20241224;100913;55.64;10;11803109697;B
20241224;100913;55.64;10;11803109832;B
20241224;100913;55.64;10;11803109877;B
20241224;100913;55.64;10;11803109923;B
20241224;100913;55.64;10;11803109994;B
20241224;100914;55.64;10;11803110112;B
20241224;100914;55.64;10;11803110208;B
20241224;100914;55.64;10;11803110264;B
20241224;100914;55.64;10;11803110414;B
20241224;100915;55.64;10;11803110494;B
20241224;100915;55.64;10;11803110566;B
20241224;100915;55.64;100;11803110592;B
20241224;100915;55.64;10;11803110646;B
20241224;100915;55.64;10;11803110702;B
20241224;100915;55.64;10;11803110748;B
20241224;100916;55.64;10;11803110846;B
20241224;100916;55.64;10;11803110906;B
20241224;100916;55.64;10;11803111001;B
20241224;100916;55.64;10;11803111146;B
20241224;100916;55.64;10;11803111214;B
20241224;100917;55.64;330;11803111333;B
20241224;100918;55.63;30;11803111625;S
20241224;100919;55.63;460;11803111933;S
20241224;100919;55.62;20;11803111934;S
20241224;100919;55.62;500;11803111935;S
20241224;100919;55.62;200;11803111936;S
20241224;100919;55.61;500;11803111937;S
20241224;100919;55.61;680;11803111938;S
20241224;100919;55.6;500;11803111939;S
20241224;100919;55.6;100;11803111940;S
20241224;100919;55.6;460;11803111941;S
20241224;100923;55.62;50;11803113281;B
20241224;100925;55.62;10;11803113898;B
20241224;100925;55.62;10;11803114002;B
20241224;100926;55.6;10;11803114065;B
20241224;100926;55.6;10;11803114207;B
20241224;100926;55.6;10;11803114283;B
20241224;100926;55.6;10;11803114366;B
20241224;100927;55.6;10;11803114476;B
20241224;100927;55.6;10;11803114538;B
20241224;100927;55.6;10;11803114589;B
20241224;100927;55.6;10;11803114685;B
20241224;100927;55.6;10;11803114743;B
20241224;100928;55.6;10;11803114800;B
20241224;100928;55.6;10;11803114948;B
20241224;100928;55.6;10;11803115008;B
20241224;100928;55.6;10;11803115091;B
20241224;100929;55.59;10;11803115219;S
20241224;100931;55.6;10;11803115710;B
20241224;100934;55.6;60;11803116390;B
20241224;100934;55.61;350;11803116391;B
20241224;100934;55.62;590;11803116392;B
20241224;100934;55.59;50;11803116411;S
20241224;100935;55.59;200;11803116501;S
20241224;100938;55.61;10;11803117073;B
20241224;100938;55.61;10;11803117150;B
20241224;100938;55.61;10;11803117202;B
20241224;100938;55.61;20;11803117252;B
20241224;100938;55.61;10;11803117284;B
20241224;100939;55.61;10;11803117397;B
20241224;100939;55.61;30;11803117479;B
20241224;100939;55.61;10;11803117527;B
20241224;100940;55.61;60;11803117626;B
20241224;100940;55.61;10;11803117660;B
20241224;100940;55.61;10;11803117686;B
20241224;100940;55.61;30;11803117687;B
20241224;100940;55.61;10;11803117688;B
20241224;100940;55.61;10;11803117735;B
20241224;100940;55.61;10;11803117961;B
20241224;100941;55.61;10;11803118052;B
20241224;100941;55.61;10;11803118095;B
20241224;100941;55.63;10;11803118187;B
20241224;100941;55.63;10;11803118239;B
20241224;100941;55.63;10;11803118291;B
20241224;100942;55.63;10;11803118361;B
20241224;100942;55.63;10;11803118444;B
20241224;100942;55.62;10;11803118482;B
20241224;100942;55.62;10;11803118565;B
20241224;100942;55.62;10;11803118657;B
20241224;100942;55.62;10;11803118705;B
20241224;100943;55.62;10;11803118748;B
20241224;100943;55.62;10;11803118858;B
20241224;100943;55.62;10;11803118900;B
20241224;100943;55.62;10;11803118906;B
20241224;100943;55.62;10;11803118932;B
20241224;100944;55.62;10;11803119060;B
20241224;100944;55.62;10;11803119223;B
20241224;100944;55.62;10;11803119301;B
20241224;100944;55.62;10;11803119340;B
20241224;100945;55.62;10;11803119429;B
20241224;100950;55.61;140;11803120438;B
20241224;100951;55.61;10;11803120596;B
20241224;100951;55.61;10;11803120639;B
20241224;100952;55.61;10;11803120713;B
20241224;100952;55.61;10;11803120767;B
20241224;100952;55.61;10;11803120828;B
20241224;100953;55.61;1000;11803121004;B
20241224;100953;55.62;10;11803121085;B
20241224;100954;55.62;10;11803121146;B
20241224;100954;55.62;10;11803121179;B
20241224;100954;55.62;10;11803121219;B
20241224;100954;55.62;10;11803121298;B
20241224;100954;55.62;10;11803121367;B
20241224;100955;55.62;10;11803121491;B
20241224;100955;55.62;10;11803121532;B
20241224;100955;55.62;10;11803121639;B
20241224;100955;55.62;10;11803121728;B
20241224;100955;55.62;10;11803121768;B
20241224;100955;55.62;10;11803121841;B
20241224;100956;55.62;10;11803121881;B
20241224;100956;55.62;10;11803121983;B
20241224;100957;55.62;10;11803122202;B
20241224;100957;55.61;10;11803122264;B
20241224;100958;55.62;10;11803122547;B
20241224;100959;55.62;10;11803122608;B
20241224;100959;55.62;10;11803122656;B
20241224;100959;55.62;10;11803122725;B
20241224;100959;55.62;10;11803122789;B
20241224;101000;55.62;10;11803122869;B
20241224;101000;55.62;10;11803122916;B
20241224;101000;55.62;10;11803123019;B
20241224;101000;55.62;10;11803123232;B
20241224;101000;55.62;10;11803123293;B
20241224;101001;55.62;10;11803123371;B
20241224;101001;55.62;10;11803123395;B
20241224;101001;55.62;180;11803123398;B
20241224;101001;55.62;10;11803123404;B
20241224;101001;55.61;280;11803123459;S
20241224;101001;55.61;10;11803123463;S
20241224;101003;55.61;100;11803123751;S
20241224;101003;55.62;100;11803123762;B
20241224;101003;55.62;10;11803123763;B
20241224;101003;55.63;370;11803123764;B
20241224;101003;55.64;6240;11803123765;B
20241224;101003;55.64;1000;11803123766;B
20241224;101003;55.65;10000;11803123767;B
20241224;101003;55.66;360;11803123768;B
20241224;101003;55.67;2280;11803123769;B
20241224;101003;55.67;10;11803123770;B
20241224;101003;55.68;4000;11803123771;B
20241224;101003;55.68;3210;11803123772;B
20241224;101003;55.69;1000;11803123773;B
20241224;101003;55.69;1000;11803123774;B
20241224;101003;55.69;1500;11803123775;B
20241224;101003;55.69;1000;11803123776;B
20241224;101003;55.69;400;11803123777;B
20241224;101004;55.69;720;11803123913;S
20241224;101004;55.69;4200;11803123923;S
20241224;101004;55.7;10;11803123929;B
20241224;101004;55.7;10;11803124026;B
20241224;101004;55.7;10;11803124089;B
20241224;101004;55.7;220;11803124165;B
20241224;101004;55.7;100;11803124166;B
20241224;101004;55.7;1180;11803124167;B
20241224;101006;55.7;10;11803124412;B
20241224;101006;55.7;500;11803124526;B
20241224;101008;55.69;250;11803124703;S
20241224;101008;55.69;1000;11803124792;S
20241224;101012;55.7;310;11803125514;B
20241224;101012;55.7;100;11803125515;B
20241224;101012;55.7;10;11803125516;B
20241224;101012;55.7;280;11803125517;B
20241224;101014;55.69;1680;11803126404;S
20241224;101014;55.69;500;11803126431;S
20241224;101015;55.69;8770;11803126597;S
20241224;101015;55.69;8770;11803126598;S
20241224;101015;55.69;12610;11803126599;S
20241224;101015;55.69;3540;11803126605;S
20241224;101015;55.69;800;11803126606;S
20241224;101015;55.69;40;11803126607;S
20241224;101015;55.69;290;11803126608;S
20241224;101015;55.69;19490;11803126609;S
20241224;101015;55.69;790;11803126610;S
20241224;101015;55.69;2970;11803126611;S
20241224;101015;55.69;10;11803126612;S
20241224;101015;55.69;10;11803126613;S
20241224;101015;55.69;20;11803126614;S
20241224;101015;55.69;50;11803126615;S
20241224;101015;55.69;10;11803126616;S
20241224;101015;55.69;10;11803126617;S
20241224;101015;55.69;10;11803126618;S
20241224;101016;55.65;200;11803127128;B
20241224;101018;55.63;730;11803127659;S
20241224;101018;55.62;1770;11803127660;S
20241224;101019;55.62;30;11803127923;S
20241224;101019;55.62;1160;11803127924;S
20241224;101019;55.62;890;11803127925;S
20241224;101019;55.61;140;11803127926;S
20241224;101019;55.61;2500;11803128029;S
20241224;101020;55.62;1510;11803128226;B
20241224;101022;55.61;10;11803128634;S
20241224;101022;55.62;10;11803128648;B
20241224;101022;55.61;2880;11803128781;S
20241224;101024;55.62;1480;11803129444;B
20241224;101024;55.65;520;11803129445;B
20241224;101025;55.65;2690;11803129912;B
20241224;101025;55.65;5310;11803129913;B
20241224;101028;55.61;1000;11803131466;S
20241224;101028;55.61;720;11803131512;S
20241224;101028;55.62;50;11803131698;B
20241224;101029;55.61;200;11803131780;S
20241224;101029;55.61;20;11803132043;S
20241224;101029;55.62;200;11803132073;B
20241224;101029;55.62;390;11803132074;B
20241224;101029;55.63;1410;11803132075;B
20241224;101029;55.61;6190;11803132232;S
20241224;101033;55.61;200;11803133671;S
20241224;101033;55.61;30000;11803133778;S
20241224;101034;55.61;8000;11803133956;S
20241224;101034;55.62;20;11803134137;B
20241224;101039;55.61;10;11803135465;S
20241224;101042;55.61;1000;11803136639;S
20241224;101047;55.61;1200;11803137967;S
20241224;101047;55.61;8000;11803138108;S
20241224;101048;55.61;160;11803138233;S
20241224;101048;55.62;50;11803138386;B
20241224;101049;55.62;440;11803138527;S
20241224;101049;55.62;440;11803138528;S
20241224;101050;55.63;40;11803138730;B
20241224;101051;55.62;300;11803138955;S
20241224;101051;55.62;300;11803138956;S
20241224;101051;55.62;20;11803138960;S
20241224;101051;55.62;280;11803138961;S
20241224;101052;55.62;300;11803139354;S
20241224;101052;55.62;1500;11803139355;S
20241224;101055;55.62;1080;11803140038;S
20241224;101055;55.62;420;11803140046;S
20241224;101055;55.62;290;11803140047;S
20241224;101055;55.61;2290;11803140048;S
20241224;101056;55.63;10;11803140272;B
20241224;101056;55.64;10;11803140273;B
20241224;101057;55.64;10;11803140961;B
20241224;101058;55.64;10;11803141243;B
20241224;101058;55.64;10;11803141334;B
20241224;101058;55.64;10;11803141445;B
20241224;101058;55.64;10;11803141644;B
20241224;101058;55.64;10;11803141700;B
20241224;101059;55.64;10;11803141833;B
20241224;101059;55.64;10;11803141972;B
20241224;101100;55.64;10;11803142120;B
20241224;101101;55.64;350;11803142496;B
20241224;101101;55.64;500;11803142597;B
20241224;101108;55.63;10;11803144021;B
20241224;101108;55.63;10;11803144094;B
20241224;101108;55.63;10;11803144160;B
20241224;101108;55.63;10;11803144201;B
20241224;101109;55.63;10;11803144344;B
20241224;101109;55.63;10;11803144415;B
20241224;101109;55.63;10;11803144501;B
20241224;101109;55.63;10;11803144640;B
20241224;101110;55.63;10;11803144710;B
20241224;101111;55.63;10;11803145011;B
20241224;101111;55.63;10;11803145068;B
20241224;101111;55.63;10;11803145139;B
20241224;101111;55.63;10;11803145191;B
20241224;101112;55.63;10;11803145286;B
20241224;101112;55.63;10;11803145330;B
20241224;101112;55.63;10;11803145382;B
20241224;101112;55.63;100;11803145483;B
20241224;101112;55.63;10;11803145490;B
20241224;101112;55.63;10;11803145537;B
20241224;101113;55.63;10;11803145585;B
20241224;101113;55.63;10;11803145704;B
20241224;101113;55.63;10;11803145918;B
20241224;101113;55.63;10;11803145963;B
20241224;101113;55.63;10;11803146105;B
20241224;101114;55.63;10;11803146194;B
20241224;101114;55.63;10;11803146362;B
20241224;101114;55.63;10;11803146401;B
20241224;101114;55.63;10;11803146503;B
20241224;101115;55.63;10;11803146592;B
20241224;101115;55.63;10;11803146634;B
20241224;101115;55.63;10;11803146730;B
20241224;101115;55.63;10;11803146841;B
20241224;101116;55.63;500;11803147008;B
20241224;101117;55.63;10;11803147210;B
20241224;101117;55.63;10;11803147217;B
20241224;101117;55.63;10;11803147290;B
20241224;101118;55.63;800;11803147404;B
20241224;101118;55.63;20;11803147439;B
20241224;101119;55.63;20;11803147653;B
20241224;101119;55.63;100;11803147675;B
20241224;101119;55.63;890;11803147696;B
20241224;101120;55.63;810;11803147751;B
20241224;101120;55.64;50;11803147752;B
20241224;101120;55.64;30;11803147753;B
20241224;101120;55.62;330;11803147778;S
20241224;101120;55.61;4670;11803147779;S
20241224;101120;55.61;2000;11803147780;S
20241224;101120;55.61;2500;11803147781;S
20241224;101120;55.62;10;11803147851;B
20241224;101122;55.63;10;11803149048;B
20241224;101122;55.62;10;11803149050;S
20241224;101122;55.62;430;11803149051;S
20241224;101122;55.62;440;11803149052;S
20241224;101122;55.63;10;11803149421;B
20241224;101122;55.63;10;11803149597;B
20241224;101123;55.62;4000;11803149922;S
20241224;101125;55.63;100;11803151725;B
20241224;101127;55.63;20;11803152516;B
20241224;101127;55.63;10;11803152669;B
20241224;101127;55.62;11700;11803152911;S
20241224;101128;55.63;10;11803153285;B
20241224;101128;55.63;10;11803153464;B
20241224;101128;55.63;10;11803153598;B
20241224;101128;55.62;3000;11803153643;S
20241224;101128;55.63;10;11803153736;B
20241224;101128;55.62;300;11803153772;S
20241224;101128;55.63;10;11803153957;B
20241224;101129;55.63;10;11803154032;B
20241224;101129;55.63;10;11803154116;B
20241224;101129;55.63;10;11803154340;B
20241224;101129;55.63;10;11803154423;B
20241224;101129;55.63;10;11803154491;B
20241224;101129;55.63;10;11803154602;B
20241224;101130;55.63;2940;11803154685;B
20241224;101130;55.63;6240;11803154686;B
20241224;101130;55.63;6240;11803154687;B
20241224;101130;55.63;2540;11803154688;B
20241224;101130;55.63;40;11803154689;B
20241224;101130;55.63;3000;11803154690;B
20241224;101130;55.63;980;11803154691;B
20241224;101130;55.63;2160;11803154724;S
20241224;101130;55.64;10;11803154737;B
20241224;101130;55.64;10;11803154785;B
20241224;101130;55.64;10;11803154916;B
20241224;101130;55.63;1080;11803154945;S
20241224;101132;55.63;1200;11803155527;S
20241224;101133;55.64;19970;11803155660;B
20241224;101133;55.64;2580;11803155661;B
20241224;101133;55.65;50;11803155662;B
20241224;101133;55.65;1000;11803155663;B
20241224;101133;55.65;400;11803155664;B
20241224;101136;55.63;30;11803156348;S
20241224;101136;55.64;10;11803156416;B
20241224;101136;55.64;10;11803156508;B
20241224;101136;55.64;10;11803156639;B
20241224;101137;55.64;10;11803156682;B
20241224;101137;55.64;10;11803156715;B
20241224;101137;55.64;10;11803156809;B
20241224;101137;55.64;10;11803156935;B
20241224;101137;55.64;10;11803156989;B
20241224;101137;55.64;10;11803157113;B
20241224;101138;55.64;10;11803157159;B
20241224;101138;55.63;1750;11803157221;S
20241224;101138;55.64;10;11803157287;B
20241224;101138;55.64;10;11803157351;B
20241224;101138;55.64;10;11803157408;B
20241224;101138;55.64;110;11803157417;B
20241224;101139;55.64;10;11803157569;B
20241224;101139;55.63;1760;11803157601;S
20241224;101139;55.64;10;11803157607;B
20241224;101139;55.64;10;11803157660;B
20241224;101139;55.64;10;11803157717;B
20241224;101139;55.64;10;11803157821;B
20241224;101139;55.64;10;11803157884;B
20241224;101140;55.64;10;11803157982;B
20241224;101140;55.64;10;11803158018;B
20241224;101140;55.64;280;11803158090;B
20241224;101142;55.64;2610;11803158677;B
20241224;101142;55.64;2250;11803158678;B
20241224;101142;55.64;140;11803158679;B
20241224;101146;55.64;150;11803159702;B
20241224;101147;55.63;40;11803159703;S
20241224;101147;55.63;140;11803159704;S
20241224;101148;55.63;500;11803160290;B
20241224;101148;55.63;500;11803160369;B
20241224;101150;55.62;300;11803160907;S
20241224;101151;55.63;500;11803161156;B
20241224;101151;55.63;300;11803161250;B
20241224;101152;55.62;10;11803161475;S
20241224;101154;55.63;10;11803162069;B
20241224;101156;55.62;1170;11803162796;S
20241224;101157;55.63;300;11803162979;B
20241224;101157;55.63;90;11803163052;B
20241224;101157;55.64;10;11803163053;B
20241224;101157;55.63;70;11803163055;S
20241224;101157;55.63;1580;11803163056;S
20241224;101158;55.62;42120;11803163496;S
20241224;101158;55.62;160;11803163497;S
20241224;101158;55.61;350;11803163498;S
20241224;101158;55.61;2760;11803163499;S
20241224;101158;55.61;1740;11803163501;S
20241224;101158;55.61;1720;11803163502;S
20241224;101158;55.61;5000;11803163540;S
20241224;101159;55.61;14740;11803164156;S
20241224;101159;55.61;2000;11803164157;S
20241224;101159;55.61;10;11803164158;S
20241224;101159;55.61;1000;11803164159;S
20241224;101159;55.61;1000;11803164160;S
20241224;101159;55.6;50;11803164161;S
20241224;101159;55.6;200;11803164162;S
20241224;101159;55.6;130;11803164163;S
20241224;101159;55.6;2240;11803164165;S
20241224;101159;55.6;90;11803164178;S
20241224;101200;55.6;2540;11803164384;S
20241224;101200;55.6;3710;11803164385;S
20241224;101200;55.6;30;11803164386;S
20241224;101200;55.6;5350;11803164481;S
20241224;101200;55.6;730;11803164482;S
20241224;101200;55.6;3040;11803164483;S
20241224;101202;55.6;7140;11803165081;S
20241224;101202;55.6;300;11803165082;S
20241224;101202;55.6;60;11803165083;S
20241224;101202;55.6;90;11803165084;S
20241224;101202;55.6;10;11803165085;S
20241224;101202;55.59;410;11803165086;S
20241224;101202;55.59;140;11803165087;S
20241224;101202;55.59;50;11803165088;S
20241224;101202;55.58;350;11803165090;S
20241224;101202;55.58;150;11803165183;S
20241224;101202;55.58;10;11803165184;S
20241224;101202;55.57;360;11803165185;S
20241224;101202;55.57;520;11803165186;S
20241224;101202;55.56;2960;11803165187;S
20241224;101202;55.56;160;11803165323;S
20241224;101203;55.56;1880;11803165399;S
20241224;101203;55.55;2120;11803165400;S
20241224;101204;55.55;30;11803165901;S
20241224;101205;55.55;800;11803166115;S
20241224;101205;55.55;1000;11803166116;S
20241224;101205;55.55;50;11803166117;S
20241224;101205;55.55;100;11803166118;S
