<DATE>;<TIME>;<LAST>;<VOL>;<ID>;<OPER>
20240320;095937;39.6;20;9895270680;S
20240320;095937;39.6;10;9895270681;B
20240320;095937;39.6;10;9895270682;B
20240320;095937;39.6;10;9895270683;B
20240320;095937;39.6;20;9895270684;B
20240320;095937;39.6;50;9895270685;B
20240320;095937;39.6;30;9895270686;B
20240320;095937;39.6;10;9895270687;S
20240320;095937;39.6;10;9895270688;S
20240320;095937;39.6;40;9895270689;S
20240320;095937;39.6;290;9895270690;B
20240320;095937;39.6;710;9895270691;B
20240320;095937;39.6;10;9895270692;S
20240320;095937;39.6;10;9895270693;S
20240320;095937;39.6;250;9895270694;S
20240320;095937;39.6;10;9895270695;S
20240320;095937;39.6;10;9895270696;S
20240320;095937;39.6;30;9895270697;S
20240320;095937;39.6;10;9895270698;S
20240320;095937;39.6;10;9895270699;S
20240320;095937;39.6;100;9895270700;S
20240320;095937;39.6;20;9895270701;S
20240320;095937;39.6;20;9895270702;S
20240320;095937;39.6;20;9895270703;S
20240320;095937;39.6;550;9895270704;S
20240320;095937;39.6;750;9895270705;S
20240320;095937;39.6;10;9895270706;S
20240320;095937;39.6;100;9895270707;S
20240320;095937;39.6;420;9895270708;S
20240320;095937;39.6;580;9895270709;S
20240320;095937;39.6;10;9895270710;S
20240320;095937;39.6;1590;9895270711;S
20240320;095937;39.6;200;9895270712;B
20240320;095937;39.6;20;9895270713;S
20240320;095937;39.6;170;9895270714;B
20240320;095937;39.6;1000;9895270715;S
20240320;095937;39.6;10;9895270716;S
20240320;095937;39.6;1000;9895270717;S
20240320;095937;39.6;100;9895270718;S
20240320;095937;39.6;170;9895270719;B
20240320;095937;39.6;50;9895270720;S
20240320;095937;39.6;10;9895270721;S
20240320;095937;39.6;70;9895270722;S
20240320;095937;39.6;10;9895270723;S
20240320;095937;39.6;1000;9895270724;S
20240320;095937;39.6;10;9895270725;S
20240320;095937;39.6;200;9895270726;B
20240320;095937;39.6;10;9895270727;S
20240320;095937;39.6;1850;9895270728;S
20240320;095937;39.6;200;9895270729;S
20240320;095937;39.6;500;9895270730;S
20240320;100000;39.61;1000;9895275346;B
20240320;100000;39.62;200;9895275617;S
20240320;100001;39.62;30;9895275998;S
20240320;100001;39.66;20;9895276001;B
20240320;100001;39.63;10;9895276210;B
20240320;100002;39.64;590;9895276483;S
20240320;100002;39.64;300;9895276578;S
20240320;100002;39.64;700;9895276619;S
20240320;100002;39.64;210;9895276620;S
20240320;100002;39.64;580;9895276621;S
20240320;100002;39.63;10;9895276640;B
20240320;100002;39.63;1050;9895277159;B
20240320;100005;39.64;10;9895278167;S
20240320;100005;39.67;10;9895278194;B
20240320;100005;39.67;50;9895278196;B
20240320;100005;39.63;80;9895278387;S
20240320;100005;39.63;190;9895278388;S
20240320;100005;39.62;580;9895278389;S
20240320;100005;39.61;150;9895278390;S
20240320;100005;39.67;10;9895278718;B
20240320;100005;39.62;50;9895278726;S
20240320;100005;39.62;10;9895278759;S
20240320;100005;39.62;40;9895278849;S
20240320;100005;39.67;10;9895278901;B
20240320;100005;39.67;10;9895278905;B
20240320;100005;39.67;100;9895278919;B
20240320;100005;39.67;10;9895279136;B
20240320;100005;39.62;10;9895279137;S
20240320;100006;39.67;30;9895279505;B
20240320;100006;39.67;10;9895279758;B
20240320;100006;39.64;20;9895279759;S
20240320;100006;39.64;20;9895279760;S
20240320;100006;39.64;20;9895279762;S
20240320;100006;39.62;10;9895279763;S
20240320;100006;39.62;460;9895280073;S
20240320;100006;39.61;10;9895280074;S
20240320;100006;39.61;10;9895280088;S
20240320;100007;39.67;10;9895280527;B
20240320;100007;39.64;30;9895281203;S
20240320;100007;39.64;10;9895281205;S
20240320;100007;39.61;10;9895281618;S
20240320;100007;39.67;10;9895281738;B
20240320;100008;39.67;390;9895282009;B
20240320;100008;39.68;700;9895282010;B
20240320;100008;39.68;800;9895282011;B
20240320;100008;39.68;20;9895282012;B
20240320;100008;39.69;9000;9895282013;B
20240320;100008;39.69;3780;9895282014;B
20240320;100008;39.69;10;9895282409;S
20240320;100008;39.7;10;9895282411;B
20240320;100008;39.69;10;9895282431;S
20240320;100008;39.69;30;9895282432;S
20240320;100008;39.7;700;9895282703;B
20240320;100009;39.7;40;9895282964;B
20240320;100010;39.7;590;9895283359;B
20240320;100010;39.69;240;9895283392;S
20240320;100010;39.69;10;9895283576;S
20240320;100010;39.7;150;9895283635;B
20240320;100010;39.7;30;9895283674;B
20240320;100011;39.7;1030;9895283901;B
20240320;100011;39.71;1000;9895283902;B
20240320;100011;39.72;590;9895283903;B
20240320;100011;39.73;10;9895283904;B
20240320;100011;39.73;20;9895283905;B
20240320;100011;39.73;30;9895283906;B
20240320;100011;39.73;20;9895283907;B
20240320;100011;39.73;630;9895283908;B
20240320;100011;39.73;10;9895283909;B
20240320;100011;39.73;80;9895283910;B
20240320;100015;39.72;10;9895285121;B
20240320;100015;39.7;1890;9895285186;S
20240320;100018;39.72;500;9895285843;B
20240320;100019;39.73;910;9895286089;B
20240320;100019;39.73;1010;9895286267;B
20240320;100019;39.73;500;9895286268;B
20240320;100023;39.76;40;9895287190;B
20240320;100023;39.76;10;9895287191;B
20240320;100023;39.76;10;9895287192;B
20240320;100024;39.76;60;9895287408;B
20240320;100024;39.73;580;9895287581;S
20240320;100024;39.72;2520;9895287582;S
20240320;100024;39.72;1830;9895287583;S
20240320;100026;39.73;1110;9895288199;B
20240320;100030;39.74;10;9895289116;B
20240320;100033;39.75;580;9895289916;B
20240320;100033;39.75;2600;9895289917;B
20240320;100033;39.75;5060;9895289918;B
20240320;100035;39.75;50;9895290269;B
20240320;100035;39.76;150;9895290270;B
20240320;100035;39.76;130;9895290271;B
20240320;100040;39.73;30;9895292031;S
20240320;100043;39.75;1020;9895292906;B
20240320;100048;39.75;40;9895294123;B
20240320;100053;39.74;10;9895295693;S
20240320;100055;39.78;10;9895296262;B
20240320;100055;39.78;1000;9895296263;B
20240320;100055;39.78;40;9895296264;B
20240320;100055;39.79;1830;9895296265;B
20240320;100055;39.79;300;9895296266;B
20240320;100055;39.8;220;9895296267;B
20240320;100055;39.8;20;9895296268;B
20240320;100055;39.8;580;9895296269;B
20240320;100056;39.79;50;9895296291;B
20240320;100056;39.8;380;9895296310;B
20240320;100058;39.76;20;9895296972;S
20240320;100058;39.76;20;9895296973;S
20240320;100101;39.8;20;9895297554;B
20240320;100101;39.8;10;9895297555;B
20240320;100101;39.8;270;9895297556;B
20240320;100102;39.76;270;9895298108;S
20240320;100105;39.78;270;9895298721;B
20240320;100105;39.78;490;9895298722;B
20240320;100105;39.79;1240;9895298723;B
20240320;100107;39.79;10;9895299212;B
20240320;100115;39.78;50;9895300806;B
20240320;100119;39.78;480;9895301508;B
20240320;100119;39.79;700;9895301509;B
20240320;100119;39.79;620;9895301510;B
20240320;100119;39.79;800;9895301511;S
20240320;100120;39.79;20;9895301620;S
20240320;100120;39.8;1500;9895301764;B
20240320;100121;39.8;1500;9895301891;B
20240320;100122;39.79;440;9895302045;S
20240320;100122;39.8;1500;9895302141;B
20240320;100123;39.79;690;9895302325;S
20240320;100124;39.8;1500;9895302422;B
20240320;100126;39.8;10;9895302858;B
20240320;100129;39.79;230;9895303514;S
20240320;100130;39.8;80;9895303702;B
20240320;100131;39.79;5150;9895303775;S
20240320;100131;39.79;770;9895303776;S
20240320;100131;39.79;660;9895303777;S
20240320;100131;39.8;60;9895303808;B
20240320;100133;39.79;30;9895304052;S
20240320;100133;39.79;20;9895304053;S
20240320;100133;39.79;10;9895304054;S
20240320;100133;39.79;10;9895304060;S
20240320;100133;39.79;10;9895304187;S
20240320;100133;39.79;10;9895304188;S
20240320;100133;39.79;10;9895304189;S
20240320;100133;39.79;3350;9895304250;S
20240320;100135;39.8;10;9895304542;B
20240320;100135;39.8;30;9895304562;B
20240320;100136;39.79;450;9895304744;S
20240320;100136;39.79;10;9895304756;S
20240320;100136;39.79;880;9895304869;S
20240320;100136;39.79;450;9895305061;S
20240320;100137;39.79;320;9895305186;S
20240320;100138;39.8;500;9895305422;B
20240320;100138;39.79;20;9895305535;S
20240320;100139;39.79;10;9895305661;S
20240320;100140;39.79;10;9895305857;S
20240320;100140;39.79;10;9895305858;S
20240320;100145;39.79;30;9895306820;S
20240320;100146;39.8;10;9895307249;B
20240320;100147;39.8;160;9895307291;B
20240320;100147;39.8;300;9895307379;B
20240320;100149;39.79;100;9895307709;S
20240320;100149;39.8;10;9895307758;B
20240320;100151;39.79;200;9895308086;S
20240320;100201;39.75;20;9895309740;S
20240320;100209;39.78;10;9895311306;B
20240320;100211;39.75;60;9895311517;S
20240320;100211;39.75;500;9895311518;S
20240320;100211;39.75;580;9895311519;S
20240320;100211;39.74;180;9895311520;S
20240320;100222;39.77;300;9895313893;B
20240320;100228;39.77;10;9895315079;B
20240320;100229;39.74;320;9895315165;S
20240320;100229;39.74;650;9895315166;S
20240320;100229;39.74;250;9895315167;S
20240320;100229;39.74;20;9895315168;S
20240320;100229;39.73;80;9895315169;S
20240320;100240;39.77;270;9895317005;B
20240320;100240;39.77;170;9895317006;B
20240320;100240;39.77;880;9895317007;B
20240320;100241;39.77;10;9895317091;B
20240320;100255;39.73;920;9895319681;S
20240320;100255;39.73;580;9895319682;S
20240320;100255;39.73;120;9895319683;S
20240320;100255;39.73;20;9895319684;S
20240320;100255;39.73;1000;9895319685;S
20240320;100255;39.72;7560;9895319686;S
20240320;100255;39.71;10;9895319687;S
20240320;100255;39.7;30;9895319688;S
20240320;100255;39.7;10;9895319689;S
20240320;100255;39.7;30;9895319690;S
20240320;100255;39.7;700;9895319691;S
20240320;100255;39.7;280;9895319692;S
20240320;100255;39.69;10;9895319693;S
20240320;100255;39.69;10;9895319694;S
20240320;100255;39.69;11000;9895319695;S
20240320;100255;39.68;10000;9895319696;S
20240320;100255;39.68;10000;9895319697;S
20240320;100255;39.68;200;9895319698;S
20240320;100255;39.67;100;9895319699;S
20240320;100255;39.67;10;9895319700;S
20240320;100255;39.67;7410;9895319701;S
20240320;100255;39.69;500;9895319702;B
20240320;100255;39.73;1000;9895319703;S
20240320;100257;39.7;10;9895320126;B
20240320;100304;39.68;240;9895321405;S
20240320;100306;39.69;100;9895321939;B
20240320;100306;39.69;70;9895321960;B
20240320;100307;39.69;10;9895322150;B
20240320;100309;39.69;10;9895322395;B
20240320;100310;39.69;10;9895322562;B
20240320;100311;39.69;30;9895322749;B
20240320;100311;39.69;20;9895322752;B
20240320;100319;39.68;10;9895324105;S
20240320;100319;39.67;170;9895324189;S
20240320;100319;39.66;10;9895324190;S
20240320;100319;39.66;240;9895324191;S
20240320;100319;39.65;10;9895324192;S
20240320;100319;39.65;580;9895324193;S
20240320;100319;39.64;60;9895324194;S
20240320;100319;39.63;100;9895324195;S
20240320;100319;39.63;10;9895324196;S
20240320;100319;39.63;2520;9895324197;S
20240320;100319;39.62;10;9895324198;S
20240320;100319;39.62;30;9895324199;S
20240320;100319;39.62;10000;9895324200;S
20240320;100319;39.62;2000;9895324201;S
20240320;100319;39.62;500;9895324202;S
20240320;100319;39.61;10000;9895324203;S
20240320;100319;39.6;2450;9895324204;S
20240320;100319;39.6;10;9895324205;S
20240320;100319;39.6;3180;9895324206;S
20240320;100319;39.6;10;9895324207;S
20240320;100319;39.6;10;9895324208;S
20240320;100319;39.6;250;9895324209;S
20240320;100319;39.6;10;9895324210;S
20240320;100319;39.6;10;9895324211;S
20240320;100319;39.6;10;9895324212;S
20240320;100319;39.6;10;9895324213;S
20240320;100319;39.6;10;9895324214;S
20240320;100319;39.6;10;9895324215;S
20240320;100319;39.6;50;9895324216;S
20240320;100319;39.6;1000;9895324217;S
20240320;100319;39.6;1000;9895324218;S
20240320;100319;39.6;10070;9895324219;S
20240320;100319;39.59;1000;9895324220;S
20240320;100319;39.59;40;9895324221;S
20240320;100319;39.57;110;9895324222;S
20240320;100319;39.56;50;9895324223;S
20240320;100319;39.56;10;9895324224;S
20240320;100319;39.56;230;9895324225;S
20240320;100319;39.56;10;9895324226;S
20240320;100319;39.56;100;9895324227;S
20240320;100319;39.56;30;9895324228;S
20240320;100319;39.56;800;9895324229;S
20240320;100319;39.55;10;9895324230;S
20240320;100319;39.55;380;9895324231;S
20240320;100319;39.55;2000;9895324232;S
20240320;100319;39.55;100;9895324233;S
20240320;100319;39.55;800;9895324234;S
20240320;100319;39.57;580;9895324236;B
20240320;100319;39.57;200;9895324237;B
20240320;100319;39.6;500;9895324238;B
20240320;100319;39.6;90;9895324239;B
20240320;100319;39.61;910;9895324240;B
20240320;100319;39.62;300;9895324242;B
20240320;100319;39.62;290;9895324243;B
20240320;100319;39.64;710;9895324245;S
20240320;100319;39.64;1000;9895324246;S
20240320;100319;39.66;1000;9895324267;S
20240320;100319;39.6;1000;9895324268;S
20240320;100319;39.58;2520;9895324269;S
20240320;100319;39.58;480;9895324270;S
20240320;100319;39.6;50;9895324286;B
20240320;100320;39.62;100;9895324394;B
20240320;100320;39.6;10;9895324416;S
20240320;100320;39.61;10;9895324423;B
20240320;100320;39.62;490;9895324490;B
20240320;100320;39.62;1010;9895324491;B
20240320;100321;39.6;20;9895324666;S
20240320;100321;39.6;10;9895324667;S
20240320;100321;39.59;80;9895324668;S
20240320;100321;39.59;2520;9895324669;S
20240320;100321;39.58;500;9895324670;S
20240320;100321;39.58;20;9895324671;S
20240320;100321;39.58;580;9895324672;S
20240320;100321;39.58;30;9895324673;S
20240320;100321;39.57;3740;9895324674;S
20240320;100322;39.6;40;9895324823;B
20240320;100323;39.61;50;9895325018;B
20240320;100323;39.61;40;9895325054;B
20240320;100327;39.61;20;9895325566;B
20240320;100328;39.59;10;9895325795;S
20240320;100328;39.57;10;9895325796;S
20240320;100330;39.6;20;9895326013;B
20240320;100333;39.58;10;9895326549;S
20240320;100334;39.6;310;9895326701;B
20240320;100335;39.57;230;9895326777;S
20240320;100335;39.57;10;9895326778;S
20240320;100335;39.57;50;9895326779;S
20240320;100335;39.57;10;9895326780;S
20240320;100335;39.57;210;9895326781;S
20240320;100335;39.57;20;9895326782;S
20240320;100335;39.56;1970;9895326783;S
20240320;100336;39.6;340;9895326933;B
20240320;100336;39.6;2660;9895326934;B
20240320;100336;39.56;440;9895326958;S
20240320;100338;39.6;3000;9895327322;S
20240320;100341;39.57;20;9895327671;S
20240320;100341;39.57;2430;9895327672;S
20240320;100345;39.56;990;9895328223;S
20240320;100351;39.61;480;9895329098;B
20240320;100351;39.61;10;9895329099;B
20240320;100351;39.61;4510;9895329100;B
20240320;100356;39.61;30;9895329835;B
20240320;100357;39.6;20;9895330158;S
20240320;100357;39.57;980;9895330159;S
20240320;100358;39.61;80;9895330259;B
20240320;100400;39.61;410;9895330437;B
20240320;100400;39.62;190;9895330438;B
20240320;100400;39.62;250;9895330476;B
20240320;100407;39.57;580;9895331528;S
20240320;100407;39.57;500;9895331529;S
20240320;100407;39.57;1590;9895331530;S
20240320;100415;39.61;10;9895332909;B
20240320;100418;39.57;580;9895333280;S
20240320;100418;39.57;960;9895333281;S
20240320;100425;39.58;100;9895334605;S
20240320;100425;39.57;1560;9895334606;S
20240320;100425;39.57;3340;9895334607;S
20240320;100426;39.58;10;9895334795;S
20240320;100428;39.58;2510;9895335724;S
20240320;100428;39.57;1660;9895335725;S
20240320;100428;39.57;50;9895335726;S
20240320;100428;39.57;50;9895335727;S
20240320;100428;39.57;300;9895335728;S
20240320;100428;39.57;20;9895335729;S
20240320;100428;39.56;6690;9895335730;S
20240320;100428;39.56;20;9895335731;S
20240320;100428;39.56;5000;9895335732;S
20240320;100428;39.56;10;9895335733;S
20240320;100428;39.55;50;9895335734;S
20240320;100428;39.55;200;9895335735;S
20240320;100428;39.55;100;9895335736;S
20240320;100428;39.55;160;9895335737;S
20240320;100428;39.55;100;9895335738;S
20240320;100428;39.55;300;9895335739;S
20240320;100428;39.55;580;9895335740;S
20240320;100428;39.55;500;9895335741;S
20240320;100428;39.54;10;9895335742;S
20240320;100428;39.54;10;9895335743;S
20240320;100428;39.54;40;9895335744;S
20240320;100428;39.54;10;9895335745;S
20240320;100428;39.54;10000;9895335746;S
20240320;100428;39.53;20;9895335747;S
20240320;100428;39.53;10;9895335748;S
20240320;100428;39.53;100;9895335749;S
20240320;100428;39.53;1000;9895335750;S
20240320;100428;39.53;210;9895335751;S
20240320;100428;39.53;500;9895335752;S
20240320;100428;39.53;5000;9895335753;S
20240320;100428;39.52;10;9895335754;S
20240320;100428;39.52;1000;9895335755;S
20240320;100428;39.52;20;9895335756;S
20240320;100428;39.52;100;9895335757;S
20240320;100428;39.52;30;9895335758;S
20240320;100428;39.52;20;9895335759;S
20240320;100428;39.52;40;9895335760;S
20240320;100428;39.52;13570;9895335761;S
20240320;100428;39.53;30;9895335779;S
20240320;100428;39.53;2490;9895335781;S
20240320;100428;39.53;9510;9895335782;S
20240320;100429;39.53;10;9895335893;S
20240320;100429;39.53;500;9895336009;S
20240320;100435;39.57;10;9895337054;B
20240320;100437;39.57;10;9895337224;B
20240320;100437;39.57;40;9895337228;B
20240320;100437;39.57;20;9895337240;B
20240320;100441;39.56;20;9895338034;S
20240320;100441;39.55;480;9895338035;S
20240320;100444;39.55;20;9895338626;S
20240320;100444;39.54;100;9895338627;S
20240320;100444;39.53;80;9895338628;S
20240320;100444;39.53;1800;9895338629;S
20240320;100444;39.57;20;9895338641;B
20240320;100444;39.58;690;9895338642;B
20240320;100444;39.58;7560;9895338643;B
20240320;100444;39.59;1660;9895338644;B
20240320;100445;39.55;680;9895338670;S
20240320;100445;39.54;2520;9895338671;S
20240320;100445;39.54;10110;9895338672;S
20240320;100445;39.54;1410;9895338673;S
20240320;100449;39.6;20;9895339575;B
20240320;100449;39.57;10;9895339695;S
20240320;100449;39.57;110;9895339696;S
20240320;100453;39.57;1000;9895340373;S
20240320;100454;39.57;30;9895340724;S
20240320;100456;39.57;1100;9895341120;S
20240320;100456;39.6;670;9895341238;B
20240320;100456;39.61;1410;9895341239;B
20240320;100456;39.61;640;9895341240;B
20240320;100457;39.62;1000;9895341331;B
20240320;100458;39.62;20;9895341623;S
20240320;100503;39.59;110;9895343283;S
20240320;100507;39.59;30;9895344084;S
20240320;100507;39.59;620;9895344085;S
20240320;100507;39.59;11100;9895344086;B
20240320;100507;39.59;5650;9895344087;B
20240320;100507;39.6;20;9895344196;B
20240320;100508;39.62;590;9895344371;B
20240320;100508;39.63;500;9895344372;B
20240320;100508;39.64;910;9895344373;B
20240320;100508;39.63;40;9895344471;B
20240320;100509;39.61;10;9895344694;S
20240320;100517;39.63;400;9895346525;B
20240320;100517;39.63;500;9895346526;B
20240320;100517;39.64;500;9895346527;B
20240320;100517;39.65;500;9895346528;B
20240320;100517;39.65;8100;9895346529;B
20240320;100519;39.63;40;9895347114;S
20240320;100522;39.66;10;9895347690;B
20240320;100522;39.66;500;9895347691;B
20240320;100522;39.68;50;9895347837;S
20240320;100523;39.69;50;9895348002;B
20240320;100524;39.68;20;9895348291;B
20240320;100524;39.67;10;9895348293;S
20240320;100524;39.69;20;9895348410;B
20240320;100525;39.68;580;9895348654;S
20240320;100525;39.68;830;9895348655;S
20240320;100527;39.68;10;9895349249;S
20240320;100527;39.68;1410;9895349274;S
20240320;100527;39.68;1410;9895349282;S
20240320;100527;39.68;1410;9895349286;S
20240320;100528;39.68;1410;9895349411;S
20240320;100528;39.69;200;9895349490;B
20240320;100531;39.68;30;9895350293;S
20240320;100531;39.69;30;9895350436;B
20240320;100536;39.68;20;9895351631;S
20240320;100540;39.68;30;9895352403;S
20240320;100541;39.69;200;9895352777;B
20240320;100541;39.7;50;9895352778;B
20240320;100541;39.7;500;9895352779;B
20240320;100541;39.7;400;9895352780;B
20240320;100541;39.7;150;9895352781;B
20240320;100542;39.71;30;9895352921;B
20240320;100551;39.7;170;9895354706;B
20240320;100551;39.71;270;9895354707;B
20240320;100551;39.71;10;9895354708;B
20240320;100551;39.71;560;9895354709;B
20240320;100551;39.72;1990;9895354710;B
20240320;100553;39.7;10;9895355107;S
20240320;100556;39.71;50;9895355865;B
20240320;100557;39.71;130;9895355978;B
20240320;100559;39.71;320;9895356695;B
20240320;100601;39.71;280;9895357079;S
20240320;100601;39.71;160;9895357080;S
20240320;100602;39.71;30;9895357317;S
20240320;100607;39.72;10;9895358468;B
20240320;100610;39.71;90;9895358936;S
20240320;100611;39.71;30;9895359156;S
20240320;100611;39.71;10;9895359305;S
20240320;100611;39.71;150;9895359425;S
20240320;100613;39.71;50;9895359654;S
20240320;100614;39.72;10;9895359806;B
20240320;100614;39.72;10;9895360107;B
20240320;100614;39.72;500;9895360108;B
20240320;100614;39.72;590;9895360109;B
20240320;100614;39.72;1900;9895360110;B
20240320;100627;39.72;1420;9895363132;S
20240320;100627;39.72;3580;9895363133;S
20240320;100628;39.72;200;9895363336;S
20240320;100628;39.72;4800;9895363337;S
20240320;100629;39.71;120;9895363529;S
20240320;100631;39.73;100;9895363839;B
20240320;100633;39.73;400;9895364271;B
20240320;100633;39.73;2070;9895364272;B
20240320;100634;39.73;5000;9895364570;S
20240320;100635;39.73;290;9895364839;S
20240320;100635;39.73;30;9895364884;S
20240320;100637;39.73;10;9895365372;S
20240320;100638;39.73;5000;9895365581;S
20240320;100640;39.73;5000;9895366052;S
20240320;100641;39.74;20;9895366230;B
20240320;100643;39.73;1540;9895366763;S
20240320;100643;39.72;10;9895366837;B
20240320;100645;39.72;40;9895367147;B
20240320;100646;39.71;470;9895367456;S
20240320;100646;39.71;1080;9895367587;S
20240320;100646;39.71;1000;9895367588;S
20240320;100646;39.71;250;9895367589;S
20240320;100646;39.71;50;9895367590;S
20240320;100646;39.71;30;9895367591;S
20240320;100647;39.71;620;9895367764;B
20240320;100647;39.71;620;9895367765;B
20240320;100647;39.71;500;9895367766;B
20240320;100647;39.72;2480;9895367767;B
20240320;100647;39.73;2090;9895367768;B
20240320;100651;39.72;50;9895368520;B
20240320;100654;39.72;10;9895369098;B
20240320;100656;39.71;10;9895369490;S
20240320;100656;39.7;10;9895369491;S
20240320;100656;39.7;280;9895369492;S
20240320;100657;39.7;30;9895369598;S
20240320;100657;39.7;110;9895369625;S
20240320;100701;39.72;30;9895370381;B
20240320;100701;39.7;120;9895370413;S
20240320;100702;39.72;1000;9895370543;B
20240320;100709;39.72;30;9895371978;B
20240320;100710;39.7;10;9895372102;S
20240320;100711;39.7;10;9895372262;S
20240320;100717;39.72;1000;9895373271;B
20240320;100717;39.7;4440;9895373335;S
20240320;100717;39.7;100;9895373336;S
20240320;100720;39.7;10;9895374255;B
20240320;100722;39.7;100;9895374829;B
20240320;100722;39.7;10;9895374916;B
20240320;100724;39.7;10;9895375292;B
20240320;100725;39.69;470;9895375452;S
20240320;100725;39.69;30;9895375502;S
20240320;100726;39.68;10;9895375599;S
20240320;100726;39.68;450;9895375703;S
20240320;100726;39.68;440;9895375750;S
20240320;100729;39.69;10;9895376329;B
20240320;100729;39.69;10;9895376372;B
20240320;100731;39.68;210;9895376725;S
20240320;100732;39.68;930;9895377643;S
20240320;100732;39.68;580;9895377644;S
20240320;100737;39.67;50;9895379890;B
20240320;100745;39.65;200;9895381712;S
20240320;100745;39.65;80;9895381713;S
20240320;100748;39.64;500;9895382089;S
20240320;100748;39.63;160;9895382090;S
20240320;100748;39.63;630;9895382091;S
20240320;100748;39.62;600;9895382092;S
20240320;100748;39.62;110;9895382093;S
20240320;100749;39.62;10;9895382389;S
20240320;100750;39.65;30;9895382591;S
20240320;100759;39.64;50;9895384215;B
20240320;100802;39.62;3000;9895384933;S
20240320;100805;39.62;1880;9895385488;S
20240320;100805;39.62;100;9895385489;S
20240320;100805;39.61;10;9895385490;S
20240320;100805;39.61;10;9895385491;S
20240320;100805;39.61;620;9895385492;S
20240320;100806;39.61;20;9895385649;B
20240320;100811;39.6;4500;9895386604;S
20240320;100811;39.6;100;9895386677;S
20240320;100812;39.61;100;9895386730;B
20240320;100813;39.61;1000;9895386901;B
20240320;100815;39.6;400;9895387386;S
20240320;100815;39.6;10;9895387387;S
20240320;100815;39.6;10;9895387388;S
20240320;100815;39.6;170;9895387389;S
20240320;100815;39.6;10;9895387390;S
20240320;100815;39.6;150;9895387391;S
20240320;100815;39.6;30;9895387392;S
20240320;100817;39.6;20;9895387732;B
20240320;100818;39.6;1800;9895387845;B
20240320;100820;39.6;20;9895388282;B
20240320;100822;39.6;10;9895388693;B
20240320;100823;39.6;500;9895388859;B
20240320;100826;39.6;1250;9895389288;B
20240320;100827;39.6;10;9895389498;B
20240320;100828;39.59;100;9895389706;S
20240320;100831;39.58;150;9895390284;S
20240320;100831;39.59;1000;9895390359;B
20240320;100832;39.58;10;9895390406;S
20240320;100832;39.58;20;9895390421;S
20240320;100835;39.59;10;9895391195;B
20240320;100837;39.58;320;9895391482;S
20240320;100837;39.58;600;9895391483;S
20240320;100838;39.57;2760;9895391710;S
20240320;100838;39.57;10;9895391711;S
20240320;100838;39.57;100;9895391712;S
20240320;100838;39.56;10;9895391713;S
20240320;100838;39.56;240;9895391714;S
20240320;100838;39.56;10;9895391715;S
20240320;100838;39.56;10;9895391716;S
20240320;100838;39.56;10;9895391717;S
20240320;100838;39.56;10;9895391718;S
20240320;100838;39.56;2520;9895391719;S
20240320;100838;39.56;8600;9895391720;S
20240320;100841;39.58;10;9895392020;B
20240320;100843;39.58;330;9895392478;B
20240320;100843;39.6;610;9895392479;B
20240320;100843;39.6;180;9895392480;B
20240320;100843;39.6;4000;9895392496;B
20240320;100843;39.56;1370;9895392587;S
20240320;100847;39.57;10;9895393329;B
20240320;100847;39.59;10;9895393330;B
20240320;100855;39.6;30;9895394873;B
20240320;100856;39.57;250;9895395015;S
20240320;100902;39.6;500;9895396258;B
20240320;100902;39.6;100;9895396259;B
20240320;100903;39.56;30;9895396362;S
20240320;100908;39.6;30;9895397516;B
20240320;100919;39.56;720;9895399490;S
20240320;100919;39.56;10;9895399491;S
20240320;100919;39.56;10;9895399492;S
20240320;100919;39.56;5000;9895399493;S
20240320;100919;39.56;500;9895399574;B
20240320;100920;39.56;500;9895399577;B
20240320;100920;39.56;10;9895399626;B
20240320;100920;39.56;10;9895399791;B
20240320;100921;39.55;250;9895399873;S
20240320;100923;39.56;10;9895400276;B
20240320;100923;39.55;20;9895400292;S
20240320;100924;39.55;10;9895400384;S
20240320;100924;39.56;50;9895400408;B
20240320;100928;39.56;110;9895401326;B
20240320;100933;39.56;2000;9895401963;B
20240320;100934;39.56;70;9895402122;B
20240320;100944;39.59;300;9895403859;B
20240320;100958;39.57;30;9895406089;S
20240320;101010;39.57;100;9895409013;S
20240320;101011;39.59;10;9895409070;B
20240320;101011;39.59;240;9895409071;B
20240320;101013;39.58;2320;9895409456;S
20240320;101016;39.59;200;9895409860;B
20240320;101020;39.59;10;9895410658;B
20240320;101020;39.58;10550;9895410725;S
20240320;101020;39.58;4450;9895410726;S
20240320;101021;39.58;10;9895410897;S
20240320;101021;39.58;410;9895410959;S
20240320;101022;39.59;550;9895411335;B
20240320;101022;39.59;260;9895411336;B
20240320;101022;39.6;1690;9895411337;B
20240320;101024;39.6;28310;9895411510;B
20240320;101024;39.6;10;9895411511;B
20240320;101024;39.6;580;9895411512;B
20240320;101025;39.6;500;9895411774;S
20240320;101033;39.6;20;9895413090;S
20240320;101033;39.61;10;9895413147;B
20240320;101034;39.61;10;9895413246;B
20240320;101034;39.62;10;9895413247;B
20240320;101034;39.62;80;9895413248;B
20240320;101034;39.62;100;9895413249;B
20240320;101038;39.63;10;9895413908;B
20240320;101038;39.62;70;9895413961;S
20240320;101038;39.62;10;9895413975;S
20240320;101039;39.62;100;9895414137;S
20240320;101045;39.63;140;9895415071;B
20240320;101045;39.62;690;9895415113;S
20240320;101045;39.62;10;9895415114;S
20240320;101046;39.61;200;9895415147;S
20240320;101046;39.62;250;9895415155;B
20240320;101046;39.61;1000;9895415174;S
20240320;101053;39.62;10;9895416305;B
20240320;101053;39.62;130;9895416332;B
20240320;101053;39.62;370;9895416333;B
20240320;101057;39.63;30;9895416964;B
20240320;101101;39.62;10;9895417562;S
20240320;101101;39.61;10;9895417563;S
20240320;101101;39.6;580;9895417564;S
20240320;101101;39.6;400;9895417565;S
20240320;101102;39.61;20;9895417960;B
20240320;101107;39.61;10;9895418689;B
20240320;101108;39.61;100;9895418964;S
20240320;101108;39.62;50;9895419109;B
20240320;101116;39.61;50;9895420330;B
20240320;101119;39.61;10;9895420805;B
20240320;101123;39.6;10;9895421424;S
20240320;101123;39.6;10;9895421425;S
20240320;101123;39.6;480;9895421426;S
20240320;101124;39.61;440;9895421536;B
20240320;101124;39.61;500;9895421537;B
20240320;101124;39.61;470;9895421538;B
20240320;101124;39.61;1410;9895421541;B
20240320;101124;39.61;1410;9895421545;B
20240320;101124;39.61;1410;9895421552;B
20240320;101124;39.61;1370;9895421556;B
20240320;101124;39.61;10;9895421677;B
20240320;101127;39.61;70;9895422193;B
20240320;101128;39.6;220;9895422264;S
20240320;101128;39.61;30;9895422269;B
20240320;101139;39.6;250;9895423739;S
20240320;101139;39.61;4950;9895423813;B
20240320;101146;39.63;820;9895424724;B
20240320;101146;39.63;350;9895424725;B
20240320;101146;39.63;400;9895424726;B
20240320;101146;39.63;500;9895424727;B
20240320;101146;39.64;230;9895424728;B
20240320;101149;39.62;30;9895425098;S
20240320;101151;39.61;50;9895425508;S
20240320;101151;39.61;130;9895425509;S
20240320;101152;39.64;200;9895425743;B
20240320;101200;39.64;100;9895427014;B
20240320;101202;39.64;300;9895427208;B
20240320;101204;39.64;70;9895427595;B
20240320;101206;39.64;50;9895427930;B
20240320;101207;39.64;10;9895428110;B
20240320;101209;39.63;10;9895428355;S
20240320;101209;39.62;860;9895428356;S
20240320;101209;39.61;1630;9895428357;S
20240320;101217;39.62;2500;9895429781;B
20240320;101221;39.63;10;9895430503;B
20240320;101222;39.62;450;9895430521;S
20240320;101229;39.62;1000;9895431684;S
20240320;101230;39.63;20;9895431823;B
20240320;101239;39.63;130;9895433023;B
20240320;101246;39.62;90;9895433824;S
20240320;101246;39.63;10;9895433912;B
20240320;101247;39.6;100;9895434019;S
20240320;101251;39.62;10;9895434569;S
20240320;101252;39.62;10;9895434640;S
20240320;101252;39.62;210;9895434641;S
20240320;101255;39.63;30;9895434973;B
20240320;101256;39.62;20;9895435197;S
20240320;101258;39.63;50;9895435508;B
20240320;101259;39.63;4750;9895435631;B
20240320;101259;39.63;10000;9895435632;B
20240320;101259;39.63;500;9895435633;B
20240320;101305;39.64;10;9895436257;B
20240320;101311;39.64;30;9895436863;B
20240320;101311;39.64;270;9895436864;B
20240320;101316;39.62;100;9895437410;S
20240320;101321;39.65;10;9895437974;B
20240320;101333;39.62;10;9895439823;S
20240320;101334;39.65;20;9895439974;B
20240320;101334;39.65;10;9895439975;B
20240320;101334;39.65;470;9895439976;B
20240320;101340;39.63;230;9895440785;S
20240320;101340;39.62;470;9895440786;S
20240320;101344;39.62;180;9895441219;B
20240320;101346;39.62;1120;9895441407;B
20240320;101346;39.64;750;9895441408;B
20240320;101346;39.64;880;9895441409;B
20240320;101346;39.65;9620;9895441410;B
20240320;101346;39.65;100;9895441411;B
20240320;101346;39.66;4460;9895441412;B
20240320;101346;39.66;800;9895441413;B
20240320;101346;39.66;280;9895441414;B
20240320;101353;39.66;50;9895442742;B
20240320;101354;39.63;70;9895442999;S
20240320;101356;39.66;430;9895443345;B
20240320;101356;39.66;3380;9895443346;B
20240320;101407;39.66;6700;9895444650;B
20240320;101407;39.66;70;9895444651;B
20240320;101407;39.67;10;9895444693;B
20240320;101411;39.66;10;9895445149;S
20240320;101419;39.67;10;9895445932;B
20240320;101420;39.67;20;9895446059;B
20240320;101420;39.67;30;9895446060;B
20240320;101422;39.67;40;9895446196;B
20240320;101425;39.67;20;9895446525;B
20240320;101428;39.67;300;9895446768;B
20240320;101432;39.66;100;9895447338;S
20240320;101432;39.67;10;9895447381;B
20240320;101434;39.66;50;9895447532;S
20240320;101434;39.67;100;9895447599;B
20240320;101436;39.67;10;9895447790;B
20240320;101437;39.67;20;9895447901;B
20240320;101437;39.67;690;9895447902;B
20240320;101442;39.67;10;9895448735;B
20240320;101442;39.67;850;9895448736;B
20240320;101442;39.67;10;9895448893;S
20240320;101448;39.68;50;9895449756;B
20240320;101450;39.67;140;9895450071;S
20240320;101454;39.68;300;9895450653;B
20240320;101456;39.67;10;9895450864;S
20240320;101457;39.67;480;9895451101;S
20240320;101457;39.67;50;9895451102;S
20240320;101458;39.67;170;9895451129;B
20240320;101458;39.67;4830;9895451130;B
20240320;101459;39.67;10;9895451437;B
20240320;101503;39.67;40;9895451996;B
20240320;101503;39.67;40;9895452003;B
20240320;101503;39.66;5000;9895452031;S
20240320;101506;39.67;10;9895452622;B
20240320;101506;39.67;10;9895452674;B
20240320;101507;39.66;70;9895452755;S
20240320;101507;39.66;90;9895452756;S
20240320;101507;39.66;50;9895452813;S
20240320;101510;39.66;530;9895453237;S
20240320;101510;39.66;480;9895453285;S
20240320;101513;39.65;10;9895453901;S
20240320;101513;39.65;20;9895453902;S
20240320;101519;39.63;10;9895454934;S
20240320;101519;39.65;10;9895454950;B
20240320;101523;39.65;830;9895455692;B
20240320;101523;39.65;10;9895455693;B
20240320;101523;39.66;30;9895455694;B
20240320;101523;39.66;730;9895455695;B
20240320;101525;39.66;10;9895456185;B
20240320;101529;39.65;20;9895456962;S
20240320;101536;39.63;40;9895458111;S
20240320;101540;39.65;10;9895458798;B
20240320;101540;39.63;30;9895458821;S
20240320;101544;39.65;10;9895459477;B
20240320;101546;39.65;10;9895459835;B
20240320;101549;39.65;50;9895460252;B
20240320;101558;39.63;10;9895461653;S
20240320;101558;39.63;50;9895461695;S
20240320;101559;39.65;70;9895461795;B
20240320;101605;39.65;500;9895462676;B
20240320;101614;39.63;20;9895464279;S
20240320;101619;39.64;30;9895465318;B
20240320;101619;39.65;10;9895465319;B
20240320;101627;39.65;50;9895466848;B
20240320;101630;39.63;10;9895467384;S
20240320;101630;39.63;40;9895467385;S
20240320;101641;39.64;150;9895468956;S
20240320;101645;39.64;790;9895469457;S
20240320;101645;39.63;90;9895469458;S
20240320;101645;39.63;3000;9895469459;S
20240320;101645;39.62;1050;9895469460;S
20240320;101645;39.62;500;9895469461;S
20240320;101645;39.62;570;9895469462;S
20240320;101647;39.62;1660;9895469941;S
20240320;101647;39.61;50;9895469942;S
20240320;101647;39.61;1000;9895469943;S
20240320;101647;39.61;10;9895469944;S
20240320;101647;39.61;280;9895469945;S
20240320;101647;39.61;580;9895469946;S
20240320;101647;39.61;420;9895469947;S
20240320;101651;39.63;20;9895470684;B
20240320;101651;39.65;20;9895470685;B
20240320;101652;39.65;750;9895470982;B
20240320;101652;39.65;130;9895470983;B
20240320;101653;39.65;20;9895471113;S
20240320;101700;39.65;50;9895472411;S
20240320;101701;39.68;650;9895472509;B
20240320;101701;39.68;350;9895472510;B
20240320;101701;39.68;20;9895472615;B
20240320;101708;39.65;50;9895473733;S
20240320;101708;39.64;900;9895473734;S
20240320;101709;39.67;50;9895473859;B
20240320;101724;39.63;10;9895477238;S
20240320;101738;39.65;580;9895480251;B
20240320;101738;39.65;420;9895480252;B
20240320;101749;39.65;10;9895482436;B
20240320;101755;39.66;20;9895483534;B
20240320;101803;39.63;50;9895485079;S
20240320;101806;39.65;330;9895485684;B
20240320;101806;39.66;3300;9895485685;B
20240320;101806;39.66;50;9895485686;B
20240320;101806;39.66;560;9895485687;B
20240320;101806;39.67;760;9895485688;B
20240320;101814;39.64;80;9895487044;S
20240320;101819;39.67;50;9895487793;B
20240320;101821;39.67;30;9895488342;B
20240320;101822;39.67;10;9895488427;B
20240320;101839;39.67;10;9895491590;B
20240320;101841;39.67;10;9895492057;B
20240320;101843;39.65;5000;9895492538;S
20240320;101845;39.67;10;9895492872;B
20240320;101848;39.67;30;9895493281;B
20240320;101855;39.67;100;9895494763;B
20240320;101857;39.67;100;9895495095;B
20240320;101857;39.66;300;9895495149;S
20240320;101901;39.67;10;9895495444;B
20240320;101901;39.67;150;9895495545;B
20240320;101905;39.66;700;9895496300;S
20240320;101905;39.65;350;9895496301;S
20240320;101905;39.65;760;9895496302;S
20240320;101905;39.65;10;9895496303;S
20240320;101905;39.64;100;9895496304;S
20240320;101905;39.64;2800;9895496305;S
20240320;101905;39.63;530;9895496306;S
20240320;101905;39.63;7000;9895496307;S
20240320;101905;39.62;100;9895496308;S
20240320;101905;39.62;10;9895496309;S
20240320;101905;39.62;10000;9895496310;S
20240320;101905;39.62;10080;9895496311;S
20240320;101905;39.61;1000;9895496312;S
20240320;101905;39.61;1000;9895496313;S
20240320;101905;39.61;10000;9895496314;S
20240320;101905;39.6;400;9895496315;S
20240320;101905;39.6;200;9895496316;S
20240320;101905;39.6;20;9895496317;S
20240320;101905;39.6;4000;9895496318;S
20240320;101905;39.6;10;9895496319;S
20240320;101905;39.6;930;9895496320;S
20240320;101907;39.61;50;9895496642;S
20240320;101912;39.64;50;9895497570;B
20240320;101916;39.64;10;9895498156;B
20240320;101920;39.64;50;9895498719;B
20240320;101929;39.64;110;9895499907;B
20240320;101935;39.64;40;9895501040;B
20240320;101936;39.61;10;9895501183;S
20240320;101938;39.64;10;9895501405;B
20240320;101940;39.64;10;9895501749;B
20240320;101947;39.64;10;9895502830;B
20240320;101947;39.61;100;9895502865;S
20240320;101947;39.61;50;9895502874;S
20240320;101948;39.64;10;9895503030;B
20240320;101949;39.61;10;9895503177;S
20240320;101953;39.64;10;9895504170;B
20240320;101956;39.64;50;9895504877;B
20240320;101958;39.61;10;9895505216;S
20240320;102007;39.61;350;9895507161;S
20240320;102007;39.61;110;9895507162;S
20240320;102007;39.61;70;9895507163;S
20240320;102007;39.61;470;9895507164;S
20240320;102013;39.61;50;9895508605;S
20240320;102015;39.64;30;9895508979;B
20240320;102017;39.61;100;9895509276;S
20240320;102020;39.64;10;9895511558;B
20240320;102022;39.61;500;9895511765;S
20240320;102024;39.64;50;9895512167;B
20240320;102026;39.64;10;9895513995;B
20240320;102027;39.64;10;9895514301;B
20240320;102031;39.64;60;9895516551;B
20240320;102031;39.62;50;9895516587;S
20240320;102031;39.61;100;9895516618;S
20240320;102034;39.65;10;9895517480;B
20240320;102051;39.61;100;9895523688;S
20240320;102111;39.63;10;9895530735;B
20240320;102112;39.61;40;9895531111;S
20240320;102117;39.63;50;9895532155;B
20240320;102118;39.61;20;9895532357;S
20240320;102127;39.61;50;9895535159;S
20240320;102133;39.63;10;9895536037;S
20240320;102133;39.62;90;9895536038;S
20240320;102138;39.61;60;9895538369;S
20240320;102143;39.63;50;9895539221;B
20240320;102155;39.61;20;9895543175;S
20240320;102156;39.62;50;9895543408;B
20240320;102157;39.62;10;9895543476;B
20240320;102159;39.61;170;9895543845;S
20240320;102201;39.61;60;9895544490;S
20240320;102204;39.61;10;9895546193;S
20240320;102207;39.62;10;9895546879;B
20240320;102207;39.62;100;9895546917;B
20240320;102212;39.61;50;9895549068;S
20240320;102214;39.62;100;9895549643;B
20240320;102218;39.62;780;9895550419;B
20240320;102218;39.62;750;9895550420;B
20240320;102218;39.62;320;9895550421;B
20240320;102218;39.62;100;9895550422;B
20240320;102219;39.62;50;9895550634;B
20240320;102220;39.62;630;9895550774;B
20240320;102222;39.61;100;9895551750;S
20240320;102223;39.61;2280;9895552811;S
20240320;102223;39.61;500;9895552841;S
20240320;102224;39.62;20;9895553074;B
20240320;102229;39.61;290;9895554092;S
20240320;102229;39.62;1720;9895554106;B
20240320;102229;39.62;230;9895554107;B
20240320;102231;39.61;10;9895554502;S
20240320;102232;39.61;580;9895554634;S
20240320;102232;39.61;10;9895554635;S
20240320;102232;39.61;2250;9895554636;S
20240320;102232;39.61;330;9895554637;S
20240320;102232;39.61;10;9895554638;S
20240320;102232;39.61;10;9895554639;S
20240320;102232;39.61;1200;9895554640;S
20240320;102232;39.61;1200;9895554641;S
20240320;102232;39.61;20;9895554642;S
20240320;102232;39.61;370;9895554643;S
20240320;102233;39.61;30;9895555293;B
20240320;102234;39.6;14070;9895555376;S
20240320;102234;39.6;100;9895555377;S
20240320;102234;39.6;100;9895555378;S
20240320;102234;39.6;10;9895555379;S
20240320;102234;39.6;7950;9895555380;S
20240320;102236;39.61;10;9895556695;B
20240320;102240;39.61;500;9895557588;B
20240320;102242;39.6;350;9895557888;S
20240320;102242;39.61;150;9895557889;B
20240320;102243;39.61;10;9895557947;B
20240320;102249;39.61;40;9895560836;B
20240320;102304;39.6;10;9895565450;S
20240320;102305;39.6;600;9895565619;S
20240320;102311;39.6;11090;9895568081;S
20240320;102311;39.6;50;9895568082;S
20240320;102311;39.6;20;9895568083;S
20240320;102311;39.6;500;9895568084;S
20240320;102311;39.6;10;9895568085;S
20240320;102311;39.59;6340;9895568086;S
20240320;102314;39.6;10;9895568974;B
20240320;102314;39.59;10;9895568993;S
20240320;102318;39.59;510;9895570931;S
20240320;102319;39.59;210;9895570966;S
20240320;102325;39.59;50;9895571849;S
20240320;102325;39.6;20;9895571854;B
20240320;102327;39.6;300;9895573050;B
20240320;102329;39.59;100;9895573856;S
20240320;102330;39.59;310;9895574020;S
20240320;102331;39.59;500;9895574177;S
20240320;102332;39.6;700;9895574444;B
20240320;102332;39.6;1500;9895574445;B
20240320;102332;39.6;80;9895574446;B
20240320;102332;39.6;760;9895574447;B
20240320;102332;39.6;1980;9895574448;S
20240320;102333;39.59;10;9895574542;S
20240320;102336;39.59;1610;9895575517;S
20240320;102336;39.59;10;9895575518;S
20240320;102336;39.59;30;9895575519;S
20240320;102336;39.59;500;9895575520;S
20240320;102336;39.58;3250;9895575521;S
20240320;102341;39.58;1750;9895576907;S
20240320;102341;39.58;10;9895576908;S
20240320;102341;39.58;10;9895576909;S
20240320;102341;39.58;50;9895576910;S
20240320;102344;39.58;20;9895578273;B
20240320;102345;39.58;230;9895578336;B
20240320;102350;39.57;20;9895579924;S
20240320;102351;39.57;30;9895579937;S
20240320;102351;39.58;10;9895579949;B
20240320;102352;39.57;20;9895580358;S
20240320;102354;39.58;14590;9895580703;B
20240320;102354;39.58;760;9895580704;B
20240320;102357;39.59;10;9895581704;B
20240320;102358;39.59;50;9895581749;B
20240320;102358;39.59;40;9895581785;B
20240320;102358;39.59;10;9895581835;B
20240320;102358;39.59;10;9895581859;B
20240320;102358;39.59;30;9895581902;B
20240320;102358;39.59;10;9895581933;B
20240320;102358;39.59;10;9895582362;B
20240320;102359;39.59;20;9895582391;B
20240320;102359;39.59;10;9895582404;B
20240320;102406;39.59;10;9895584074;B
20240320;102407;39.59;20;9895585141;B
20240320;102409;39.59;50;9895585430;B
20240320;102409;39.58;180;9895585451;S
20240320;102412;39.58;60;9895586530;S
20240320;102415;39.58;2510;9895586903;S
20240320;102416;39.59;20;9895586973;B
20240320;102417;39.58;500;9895587100;S
20240320;102420;39.58;10;9895589128;S
20240320;102421;39.58;500;9895589758;S
20240320;102422;39.59;40;9895589844;B
20240320;102423;39.58;590;9895589977;S
20240320;102423;39.58;40;9895589978;S
20240320;102423;39.58;370;9895589979;S
20240320;102425;39.58;330;9895590213;S
20240320;102425;39.58;80;9895590214;S
20240320;102427;39.59;30;9895590449;B
20240320;102435;39.59;10;9895593336;B
20240320;102436;39.59;30;9895593495;B
20240320;102440;39.58;90;9895594739;S
20240320;102441;39.58;310;9895595617;S
20240320;102441;39.58;510;9895595618;S
20240320;102441;39.58;740;9895595619;S
20240320;102444;39.57;40;9895596123;S
20240320;102444;39.57;10;9895596124;S
20240320;102445;39.58;40;9895596363;B
20240320;102449;39.58;50;9895598108;B
20240320;102454;39.58;20;9895599998;S
20240320;102456;39.58;160;9895601355;S
20240320;102456;39.58;1560;9895601356;S
20240320;102456;39.57;1990;9895601357;S
20240320;102456;39.57;10;9895601358;S
20240320;102456;39.57;50;9895601359;S
20240320;102456;39.57;10;9895601360;S
20240320;102456;39.57;220;9895601361;S
20240320;102459;39.58;740;9895601782;S
20240320;102459;39.58;1060;9895601783;S
20240320;102459;39.58;10;9895601784;S
20240320;102459;39.58;10;9895601785;S
20240320;102459;39.58;50;9895601786;S
20240320;102459;39.57;1520;9895601787;S
20240320;102459;39.57;30;9895602021;S
20240320;102500;39.59;10;9895602076;B
20240320;102509;39.59;10;9895604689;B
20240320;102510;39.59;50;9895604982;B
20240320;102513;39.58;50;9895606650;S
20240320;102516;39.59;20;9895607417;B
20240320;102516;39.6;2520;9895607418;B
20240320;102516;39.6;50;9895607419;B
20240320;102516;39.6;740;9895607420;B
20240320;102516;39.6;130;9895607421;B
20240320;102516;39.61;1240;9895607422;B
20240320;102516;39.61;4300;9895607423;B
20240320;102518;39.61;20;9895608467;B
20240320;102519;39.61;40;9895608895;B
20240320;102519;39.61;10;9895608901;B
20240320;102522;39.59;2520;9895609713;B
20240320;102525;39.6;40;9895610093;B
20240320;102527;39.6;40;9895610831;B
20240320;102531;39.59;10;9895612552;S
20240320;102537;39.6;20;9895613882;B
20240320;102542;39.6;30;9895615680;B
20240320;102543;39.6;100;9895615814;B
20240320;102545;39.6;20;9895616126;B
20240320;102547;39.59;10470;9895616318;S
20240320;102547;39.59;730;9895616319;S
20240320;102547;39.59;10;9895616320;S
20240320;102547;39.58;1420;9895616321;S
20240320;102548;39.6;10;9895616488;B
20240320;102556;39.6;30;9895617414;B
20240320;102557;39.58;10;9895617566;S
20240320;102609;39.6;10;9895619389;B
20240320;102609;39.58;10;9895619412;S
20240320;102610;39.58;70;9895619538;S
20240320;102610;39.58;10;9895619539;S
20240320;102610;39.58;10;9895619540;S
20240320;102610;39.58;10;9895619541;S
20240320;102610;39.58;50;9895619542;S
20240320;102610;39.58;400;9895619543;S
20240320;102610;39.58;600;9895619544;S
20240320;102610;39.58;170;9895619545;S
20240320;102610;39.58;730;9895619546;S
20240320;102610;39.58;10;9895619547;S
20240320;102610;39.57;1740;9895619548;S
20240320;102619;39.58;10;9895620631;S
20240320;102619;39.58;10;9895620632;S
20240320;102623;39.59;20;9895621149;B
20240320;102626;39.59;80;9895621664;B
20240320;102626;39.59;20;9895621665;B
20240320;102627;39.59;20;9895621756;B
20240320;102630;39.59;10;9895622430;B
20240320;102634;39.59;90;9895623011;B
20240320;102635;39.59;100;9895623210;B
20240320;102642;39.59;40;9895624666;B
20240320;102644;39.59;80;9895624849;B
20240320;102652;39.59;10;9895626385;B
20240320;102657;39.59;30;9895627177;B
20240320;102657;39.59;10;9895627188;B
20240320;102701;39.59;100;9895627966;B
20240320;102709;39.59;10;9895630098;B
20240320;102710;39.59;10;9895630296;B
20240320;102712;39.59;10;9895630719;B
20240320;102718;39.58;10;9895631518;S
20240320;102721;39.59;10;9895632288;B
20240320;102721;39.59;40;9895632309;B
20240320;102727;39.59;20;9895633412;B
20240320;102729;39.59;300;9895633961;B
20240320;102730;39.59;500;9895634156;B
20240320;102735;39.59;10;9895635226;B
20240320;102735;39.58;10;9895635279;S
20240320;102735;39.58;10;9895635280;S
20240320;102735;39.58;10;9895635281;S
20240320;102735;39.58;50;9895635282;S
20240320;102735;39.58;20;9895635283;S
20240320;102737;39.59;10;9895635643;B
20240320;102738;39.58;50;9895635981;S
20240320;102743;39.58;30;9895636704;S
20240320;102743;39.58;10;9895636705;S
20240320;102745;39.58;10;9895637066;S
20240320;102745;39.58;10;9895637067;S
20240320;102745;39.58;10;9895637068;S
20240320;102745;39.58;580;9895637069;S
20240320;102745;39.58;10;9895637081;B
20240320;102745;39.58;10;9895637085;B
20240320;102745;39.58;10;9895637094;B
20240320;102745;39.58;10;9895637113;B
20240320;102745;39.58;10;9895637131;B
20240320;102745;39.58;10;9895637141;B
20240320;102745;39.58;10;9895637160;B
20240320;102746;39.58;10;9895637180;B
20240320;102746;39.58;10;9895637215;B
20240320;102746;39.58;10;9895637229;B
20240320;102746;39.57;30;9895637244;S
20240320;102747;39.57;40;9895639503;S
20240320;102749;39.58;130;9895640398;B
20240320;102750;39.57;20;9895641219;S
20240320;102805;39.58;10;9895643957;B
20240320;102815;39.58;30;9895645814;B
20240320;102816;39.58;200;9895646233;B
20240320;102821;39.58;830;9895647633;B
20240320;102821;39.58;170;9895647634;B
20240320;102823;39.58;20;9895647997;B
20240320;102823;39.58;10;9895648036;B
20240320;102824;39.57;100;9895648481;S
20240320;102828;39.58;500;9895649492;B
20240320;102828;39.57;290;9895649514;S
20240320;102829;39.57;100;9895649912;S
20240320;102833;39.57;10;9895650819;S
20240320;102834;39.57;300;9895651130;S
20240320;102839;39.58;20;9895653008;B
20240320;102843;39.57;600;9895654304;S
20240320;102843;39.57;10;9895654305;S
20240320;102843;39.57;290;9895654306;S
20240320;102844;39.58;10;9895654693;B
20240320;102847;39.58;270;9895655567;B
20240320;102847;39.58;710;9895655568;B
20240320;102847;39.58;130;9895655569;B
20240320;102847;39.58;90;9895655570;B
20240320;102849;39.58;100;9895656348;B
20240320;102852;39.57;40;9895657162;S
20240320;102856;39.58;10;9895657925;B
20240320;102857;39.58;80;9895658292;B
20240320;102904;39.57;30;9895660025;S
20240320;102904;39.57;500;9895660028;S
20240320;102905;39.58;600;9895660198;B
20240320;102906;39.58;50;9895660442;B
20240320;102907;39.58;100;9895660639;B
20240320;102907;39.57;140;9895660722;S
20240320;102907;39.57;120;9895660723;S
20240320;102907;39.57;10;9895660724;S
20240320;102907;39.57;10;9895660725;S
20240320;102907;39.57;10;9895660726;S
20240320;102907;39.57;100;9895660727;S
20240320;102907;39.57;610;9895660728;S
20240320;102915;39.58;10;9895662454;B
20240320;102915;39.57;1240;9895662510;S
20240320;102916;39.58;1460;9895662774;B
20240320;102916;39.58;1000;9895662775;B
20240320;102916;39.58;710;9895662776;B
20240320;102916;39.58;30;9895662777;B
20240320;102916;39.58;1300;9895662778;B
20240320;102916;39.58;10;9895662779;B
20240320;102916;39.58;490;9895662780;B
20240320;102919;39.57;10;9895663131;S
20240320;102920;39.57;30;9895663196;S
20240320;102931;39.58;10;9895664838;B
20240320;102935;39.57;10;9895665295;S
20240320;102938;39.58;10;9895665590;B
20240320;102939;39.58;10;9895665779;B
20240320;102942;39.57;10;9895666103;S
20240320;102945;39.58;20;9895666501;B
20240320;102949;39.58;20;9895666942;B
20240320;102950;39.58;20;9895667166;B
20240320;102950;39.57;10;9895667251;S
20240320;102954;39.58;60;9895667902;B
20240320;102954;39.57;50;9895667906;S
20240320;102958;39.57;50;9895668472;S
20240320;103001;39.57;1430;9895669203;S
20240320;103002;39.57;180;9895669298;S
20240320;103002;39.57;9750;9895669299;S
20240320;103011;39.58;20;9895671125;B
20240320;103014;39.58;1340;9895671681;B
20240320;103014;39.58;160;9895671682;B
20240320;103017;39.58;20;9895672397;B
20240320;103024;39.57;10;9895674150;S
20240320;103025;39.58;100;9895674268;B
20240320;103026;39.57;10;9895674644;S
20240320;103028;39.57;680;9895674934;S
20240320;103028;39.57;10;9895674935;S
20240320;103028;39.57;50;9895674936;S
20240320;103028;39.57;10;9895674937;S
20240320;103028;39.57;1000;9895674938;S
20240320;103028;39.57;1400;9895674939;S
20240320;103029;39.58;20;9895675092;B
20240320;103029;39.58;30;9895675124;B
20240320;103032;39.57;30;9895675457;S
20240320;103034;39.58;20;9895675789;B
20240320;103037;39.58;80;9895676266;B
20240320;103039;39.58;30;9895676558;B
20240320;103039;39.58;20;9895676586;B
20240320;103040;39.58;10;9895676634;B
20240320;103042;39.58;10;9895677059;B
20240320;103044;39.58;20;9895677257;B
20240320;103050;39.57;10;9895678309;S
20240320;103053;39.57;10;9895678839;S
20240320;103058;39.57;1550;9895679653;S
20240320;103058;39.56;10;9895679654;S
20240320;103058;39.56;10;9895679655;S
20240320;103058;39.56;1030;9895679656;S
20240320;103059;39.56;2500;9895679690;S
20240320;103059;39.57;10;9895679696;B
20240320;103059;39.57;740;9895679697;B
20240320;103059;39.57;2260;9895679698;B
20240320;103102;39.57;10;9895680152;B
20240320;103105;39.57;30;9895680645;B
20240320;103109;39.57;960;9895681133;B
20240320;103109;39.57;2520;9895681134;B
20240320;103109;39.57;90;9895681135;B
20240320;103109;39.57;740;9895681136;B
20240320;103121;39.57;10;9895682673;S
20240320;103124;39.57;150;9895683176;S
20240320;103125;39.57;400;9895683327;S
20240320;103131;39.58;20;9895684216;B
20240320;103132;39.58;110;9895684341;B
20240320;103138;39.57;50;9895685256;S
20240320;103153;39.58;80;9895687653;B
20240320;103200;39.58;10;9895689092;B
20240320;103203;39.58;10;9895689741;B
20240320;103204;39.57;20;9895689899;S
20240320;103206;39.57;20;9895690153;S
20240320;103207;39.58;10;9895690297;B
20240320;103220;39.58;40;9895692345;B
20240320;103221;39.58;20;9895692519;B
20240320;103221;39.58;50;9895692619;B
20240320;103227;39.58;20;9895693301;B
20240320;103229;39.58;2000;9895693588;B
20240320;103233;39.58;200;9895694005;B
20240320;103234;39.58;2470;9895694237;B
20240320;103234;39.57;10;9895694256;S
20240320;103235;39.57;200;9895694392;S
20240320;103235;39.58;10;9895694404;B
20240320;103236;39.58;10;9895694514;B
20240320;103240;39.58;20;9895695276;B
20240320;103242;39.58;4920;9895695627;B
20240320;103243;39.59;40;9895695974;B
20240320;103245;39.58;10;9895696481;S
20240320;103246;39.59;80;9895696570;B
20240320;103249;39.59;10;9895697317;B
20240320;103251;39.58;70;9895697615;S
20240320;103251;39.58;530;9895697616;S
20240320;103251;39.58;100;9895697617;S
20240320;103254;39.59;80;9895698105;B
20240320;103257;39.58;10;9895698710;S
20240320;103302;39.58;10;9895699587;S
20240320;103311;39.58;10;9895701073;S
20240320;103315;39.59;250;9895702079;B
20240320;103320;39.59;610;9895703036;B
20240320;103320;39.59;570;9895703037;B
20240320;103320;39.59;1000;9895703038;B
20240320;103320;39.6;4700;9895703039;B
20240320;103320;39.6;10;9895703040;B
20240320;103320;39.6;60;9895703041;B
20240320;103320;39.6;2950;9895703042;B
20240320;103320;39.58;10;9895703043;S
20240320;103326;39.6;20;9895704061;B
20240320;103330;39.59;40;9895704648;B
20240320;103335;39.58;10;9895705836;S
20240320;103335;39.59;30;9895705886;B
20240320;103335;39.6;70;9895705887;B
20240320;103342;39.6;10;9895706763;B
20240320;103345;39.61;10;9895707182;B
20240320;103345;39.61;20;9895707235;B
20240320;103345;39.61;170;9895707236;B
20240320;103347;39.61;30;9895707453;B
20240320;103350;39.61;10;9895708020;B
20240320;103350;39.61;100;9895708045;B
20240320;103350;39.61;500;9895708069;B
20240320;103350;39.61;10;9895708076;B
20240320;103404;39.62;10;9895709951;B
20240320;103404;39.62;1000;9895709952;B
20240320;103404;39.63;700;9895709953;B
20240320;103404;39.63;2500;9895710003;B
20240320;103414;39.63;50;9895711612;B
20240320;103416;39.62;10;9895711794;B
20240320;103418;39.59;10;9895712100;S
20240320;103419;39.62;10;9895712312;B
20240320;103423;39.59;200;9895713030;S
20240320;103424;39.62;10;9895713196;B
20240320;103426;39.62;190;9895713383;B
20240320;103426;39.62;1000;9895713384;B
20240320;103426;39.62;10;9895713385;B
20240320;103426;39.63;1310;9895713386;B
20240320;103426;39.63;7490;9895713387;B
20240320;103437;39.65;30;9895714823;B
20240320;103437;39.65;190;9895714827;B
20240320;103441;39.62;580;9895715381;S
20240320;103441;39.61;2520;9895715382;S
20240320;103441;39.61;720;9895715383;S
20240320;103441;39.61;300;9895715384;S
20240320;103441;39.6;1050;9895715385;S
20240320;103441;39.6;6240;9895715386;S
20240320;103441;39.59;1540;9895715387;S
20240320;103444;39.63;40;9895715801;B
20240320;103448;39.63;10;9895716400;B
20240320;103452;39.63;530;9895717245;B
20240320;103452;39.63;1000;9895717246;B
20240320;103455;39.63;300;9895717860;S
20240320;103456;39.64;300;9895718033;B
20240320;103501;39.64;180;9895718854;B
20240320;103510;39.64;200;9895720198;B
20240320;103513;39.64;10;9895720784;B
20240320;103517;39.64;30;9895721798;B
20240320;103520;39.63;70;9895722491;S
20240320;103520;39.63;90;9895722492;S
20240320;103528;39.65;80;9895723699;B
20240320;103528;39.65;2000;9895723700;B
20240320;103528;39.65;1000;9895723701;B
20240320;103528;39.65;4100;9895723702;B
20240320;103528;39.65;710;9895723703;B
20240320;103535;39.66;150;9895725210;B
20240320;103540;39.65;140;9895726040;S
20240320;103543;39.67;120;9895726571;B
20240320;103551;39.67;100;9895728151;B
20240320;103600;39.67;10;9895729771;B
20240320;103604;39.67;100;9895730466;B
20240320;103608;39.67;10;9895730962;B
20240320;103610;39.67;30;9895731460;B
20240320;103623;39.67;790;9895734016;B
20240320;103629;39.65;60;9895734911;S
20240320;103635;39.67;2570;9895735511;B
20240320;103635;39.67;100;9895735512;B
20240320;103635;39.67;10;9895735513;B
20240320;103635;39.67;1000;9895735514;B
20240320;103635;39.67;290;9895735515;B
20240320;103639;39.66;70;9895736039;S
20240320;103639;39.66;20;9895736145;S
20240320;103640;39.67;10;9895736187;B
20240320;103641;39.67;130;9895736339;B
20240320;103641;39.67;350;9895736340;B
20240320;103642;39.66;10;9895736451;S
20240320;103647;39.67;30;9895737338;B
20240320;103647;39.66;190;9895737452;S
20240320;103648;39.66;10;9895737484;S
20240320;103654;39.67;10;9895738470;B
20240320;103655;39.66;1000;9895738683;S
20240320;103656;39.67;220;9895738707;B
20240320;103656;39.66;820;9895738829;S
20240320;103658;39.67;770;9895738934;B
20240320;103658;39.67;100;9895738935;B
20240320;103658;39.67;30;9895738936;B
20240320;103701;39.66;30;9895739423;S
20240320;103701;39.67;60;9895739480;B
20240320;103706;39.67;120;9895740225;B
20240320;103717;39.67;80;9895741535;B
20240320;103717;39.67;870;9895741536;B
20240320;103721;39.67;100;9895742039;B
20240320;103721;39.67;30;9895742143;B
20240320;103723;39.66;10;9895742382;S
20240320;103724;39.67;150;9895742538;B
20240320;103727;39.67;2220;9895742902;B
20240320;103733;39.67;2520;9895743786;S
20240320;103733;39.67;780;9895743787;S
20240320;103733;39.66;190;9895743788;S
20240320;103733;39.66;510;9895743789;S
20240320;103733;39.66;200;9895743790;S
20240320;103733;39.66;490;9895743791;S
20240320;103733;39.66;280;9895743792;S
20240320;103733;39.66;180;9895743793;S
20240320;103733;39.66;240;9895743794;S
20240320;103733;39.66;240;9895743795;S
20240320;103733;39.66;180;9895743796;S
20240320;103733;39.66;200;9895743797;S
20240320;103733;39.66;150;9895743798;S
20240320;103733;39.66;150;9895743799;S
20240320;103733;39.66;20;9895743800;S
20240320;103733;39.66;290;9895743801;S
20240320;103733;39.66;190;9895743802;S
20240320;103733;39.66;200;9895743803;S
20240320;103733;39.66;340;9895743804;S
20240320;103733;39.66;190;9895743805;S
20240320;103733;39.66;20;9895743806;S
20240320;103734;39.67;40;9895743852;S
20240320;103735;39.68;500;9895744038;B
20240320;103735;39.68;4500;9895744042;B
20240320;103735;39.68;200;9895744043;B
20240320;103735;39.68;10080;9895744044;B
20240320;103735;39.68;1000;9895744045;B
20240320;103735;39.68;780;9895744046;B
20240320;103735;39.68;2440;9895744047;B
20240320;103737;39.69;10;9895744205;B
20240320;103737;39.67;10;9895744213;S
20240320;103737;39.69;30;9895744272;B
20240320;103746;39.69;500;9895745296;B
20240320;103747;39.67;30;9895745353;S
20240320;103753;39.67;20;9895746503;S
20240320;103756;39.69;10;9895746860;B
20240320;103800;39.67;50;9895747299;S
20240320;103803;39.69;60;9895747782;B
20240320;103806;39.67;1000;9895748409;S
20240320;103815;39.67;10;9895750029;S
20240320;103816;39.69;1000;9895750324;B
20240320;103820;39.69;1000;9895751082;B
20240320;103829;39.69;50;9895753150;B
20240320;103833;39.69;100;9895753892;B
20240320;103837;39.68;30;9895754646;S
20240320;103837;39.68;70;9895754647;S
20240320;103843;39.69;50;9895755751;B
20240320;103850;39.68;10;9895757127;S
20240320;103850;39.68;810;9895757128;S
20240320;103850;39.67;180;9895757129;S
20240320;103855;39.69;30;9895758513;B
20240320;103855;39.68;60;9895758525;S
20240320;103856;39.69;200;9895758676;B
20240320;103858;39.69;1960;9895759047;B
20240320;103858;39.69;2000;9895759048;B
20240320;103858;39.69;2000;9895759049;B
20240320;103858;39.69;100;9895759050;B
20240320;103858;39.69;200;9895759051;B
20240320;103858;39.69;1000;9895759052;B
20240320;103858;39.69;10;9895759053;B
20240320;103858;39.69;760;9895759054;B
20240320;103858;39.69;200;9895759055;B
20240320;103858;39.69;700;9895759056;B
20240320;103858;39.7;1500;9895759077;B
20240320;103858;39.7;100;9895759162;B
20240320;103858;39.7;2400;9895759163;B
20240320;103858;39.7;100;9895759164;B
20240320;103858;39.7;10;9895759165;B
20240320;103858;39.7;650;9895759166;B
20240320;103858;39.7;1500;9895759177;B
20240320;103858;39.7;1180;9895759256;B
20240320;103858;39.7;820;9895759257;B
20240320;103859;39.7;1300;9895759304;B
20240320;103900;39.7;10;9895759587;B
20240320;103907;39.69;300;9895761487;S
20240320;103907;39.7;10;9895761530;B
20240320;103909;39.7;20;9895762011;B
20240320;103912;39.7;250;9895762674;B
20240320;103913;39.7;2590;9895762814;B
20240320;103913;39.7;10;9895762815;B
20240320;103913;39.7;200;9895762816;B
20240320;103913;39.7;1000;9895762817;B
20240320;103913;39.7;170;9895762818;B
20240320;103913;39.7;50;9895762819;B
20240320;103913;39.7;2000;9895762820;S
20240320;103915;39.71;50;9895763581;B
20240320;103916;39.71;150;9895763699;B
20240320;103916;39.71;1000;9895763700;B
20240320;103916;39.71;90;9895763701;B
20240320;103927;39.72;10;9895765675;B
20240320;103927;39.72;330;9895765676;B
20240320;103927;39.72;100;9895765677;B
20240320;103927;39.72;2500;9895765678;B
20240320;103927;39.72;1500;9895765679;B
20240320;103927;39.72;1500;9895765680;B
20240320;103927;39.72;1000;9895765681;B
20240320;103927;39.72;1190;9895765682;B
20240320;103927;39.72;200;9895765683;B
20240320;103927;39.73;300;9895765684;B
20240320;103927;39.73;2700;9895765685;B
20240320;103927;39.73;10;9895765686;B
20240320;103927;39.73;10;9895765687;B
20240320;103927;39.73;2500;9895765688;B
20240320;103927;39.74;1000;9895765689;B
20240320;103927;39.74;10;9895765690;B
20240320;103927;39.74;840;9895765691;B
20240320;103927;39.74;2160;9895765692;B
20240320;103928;39.72;50;9895765947;S
20240320;103928;39.72;20;9895765980;S
20240320;103934;39.74;100;9895767024;B
20240320;103935;39.73;640;9895767330;B
20240320;103935;39.73;4360;9895767331;B
20240320;103939;39.73;10;9895768153;S
20240320;103940;39.73;140;9895768232;S
20240320;103952;39.74;20;9895771030;B
20240320;103953;39.74;980;9895771178;B
20240320;103953;39.74;100;9895771179;B
20240320;103957;39.74;1420;9895771958;S
20240320;103957;39.74;850;9895771959;S
20240320;103957;39.73;150;9895771960;S
20240320;103957;39.73;10;9895771961;S
20240320;103959;39.75;50;9895772208;B
20240320;103959;39.75;10;9895772209;B
20240320;103959;39.75;30;9895772210;B
20240320;104000;39.75;70;9895772306;B
20240320;104000;39.75;210;9895772307;B
20240320;104000;39.75;800;9895772401;B
20240320;104002;39.74;30;9895772789;S
20240320;104006;39.75;50;9895773235;B
20240320;104007;39.75;40;9895773527;B
20240320;104013;39.75;100;9895774823;B
20240320;104013;39.74;10;9895774933;S
20240320;104016;39.74;30;9895775260;S
20240320;104017;39.75;10;9895775456;B
20240320;104017;39.75;50;9895775554;B
20240320;104023;39.75;30;9895776456;B
20240320;104029;39.75;970;9895777826;B
20240320;104029;39.75;2030;9895777827;B
20240320;104029;39.74;30;9895777845;S
20240320;104029;39.74;220;9895777846;S
20240320;104029;39.74;50;9895777847;S
20240320;104029;39.74;210;9895777848;S
20240320;104029;39.74;180;9895777849;S
20240320;104029;39.74;200;9895777850;S
20240320;104029;39.74;1110;9895777851;S
20240320;104034;39.74;950;9895778803;S
20240320;104034;39.74;850;9895778804;S
20240320;104034;39.74;250;9895778805;S
20240320;104034;39.74;320;9895778806;S
20240320;104034;39.74;210;9895778807;S
20240320;104034;39.74;5000;9895778808;S
20240320;104034;39.74;580;9895778809;S
20240320;104034;39.74;1300;9895778810;S
20240320;104035;39.75;40;9895778831;B
20240320;104036;39.74;100;9895779130;S
20240320;104036;39.75;1000;9895779149;B
20240320;104037;39.75;1000;9895779329;B
20240320;104040;39.75;930;9895780017;B
20240320;104040;39.75;70;9895780018;B
20240320;104042;39.75;1000;9895780286;S
20240320;104044;39.76;350;9895780595;B
20240320;104046;39.76;1000;9895781118;B
20240320;104047;39.75;240;9895781200;S
20240320;104047;39.76;20;9895781351;B
20240320;104048;39.76;60;9895781556;B
20240320;104048;39.76;10;9895781608;B
20240320;104050;39.76;50;9895782005;B
20240320;104051;39.76;10;9895782139;B
20240320;104051;39.75;100;9895782190;S
20240320;104053;39.77;20;9895782631;B
20240320;104053;39.77;20;9895782632;B
20240320;104053;39.77;20;9895782633;B
20240320;104055;39.77;90;9895783176;B
20240320;104055;39.77;400;9895783177;B
20240320;104055;39.76;2520;9895783198;S
20240320;104055;39.75;1370;9895783199;S
20240320;104055;39.75;10;9895783200;S
20240320;104055;39.75;5000;9895783201;S
20240320;104055;39.75;1000;9895783202;S
20240320;104055;39.75;50;9895783203;S
20240320;104055;39.74;2430;9895783204;S
20240320;104055;39.74;250;9895783205;S
20240320;104055;39.74;190;9895783206;S
20240320;104055;39.74;180;9895783207;S
20240320;104057;39.77;120;9895783651;B
20240320;104106;39.75;110;9895785699;S
20240320;104112;39.77;30;9895786741;B
20240320;104115;39.75;160;9895787283;S
20240320;104121;39.77;770;9895788288;B
20240320;104121;39.77;40;9895788362;B
20240320;104125;39.77;640;9895788887;B
20240320;104125;39.77;1290;9895788888;B
20240320;104125;39.77;580;9895788889;B
20240320;104128;39.75;10;9895789315;S
20240320;104131;39.77;20;9895789699;B
20240320;104131;39.75;100;9895789717;S
20240320;104140;39.76;770;9895791232;B
20240320;104145;39.76;50;9895791785;B
20240320;104145;39.76;2520;9895791786;B
20240320;104145;39.76;430;9895791787;B
20240320;104146;39.76;2000;9895792027;B
20240320;104146;39.76;70;9895792041;B
20240320;104146;39.77;10;9895792075;B
20240320;104147;39.77;10;9895792161;B
20240320;104149;39.76;200;9895792308;S
20240320;104150;39.77;10;9895792498;B
20240320;104154;39.77;1000;9895793132;B
20240320;104155;39.77;1470;9895793295;B
20240320;104155;39.77;100;9895793296;B
20240320;104155;39.77;200;9895793297;B
20240320;104155;39.77;230;9895793298;B
20240320;104201;39.77;100;9895794136;B
20240320;104204;39.77;10;9895794511;B
20240320;104205;39.76;10;9895794684;S
20240320;104209;39.76;10;9895795495;S
20240320;104209;39.76;40;9895795496;S
20240320;104210;39.77;10;9895795702;B
20240320;104212;39.76;10;9895796050;S
20240320;104214;39.76;150;9895796210;S
20240320;104214;39.76;2000;9895796211;S
20240320;104214;39.75;400;9895796212;S
20240320;104214;39.75;20;9895796213;S
20240320;104214;39.75;500;9895796214;S
20240320;104214;39.75;10000;9895796215;S
20240320;104214;39.75;10;9895796216;S
20240320;104214;39.74;5000;9895796218;S
20240320;104214;39.74;1700;9895796219;S
20240320;104214;39.74;180;9895796220;S
20240320;104214;39.74;1650;9895796221;S
20240320;104214;39.74;620;9895796222;S
20240320;104214;39.74;170;9895796223;S
20240320;104214;39.74;400;9895796224;S
20240320;104214;39.74;1280;9895796225;S
20240320;104214;39.74;220;9895796226;S
20240320;104214;39.74;470;9895796227;S
20240320;104214;39.74;1010;9895796228;S
20240320;104214;39.74;170;9895796229;S
20240320;104214;39.74;160;9895796230;S
20240320;104214;39.74;230;9895796231;S
20240320;104214;39.74;230;9895796232;S
20240320;104214;39.74;390;9895796233;S
20240320;104214;39.74;680;9895796234;S
20240320;104214;39.74;70;9895796235;S
20240320;104214;39.74;700;9895796236;S
20240320;104214;39.74;330;9895796237;S
20240320;104214;39.74;160;9895796238;S
20240320;104214;39.74;360;9895796239;S
20240320;104214;39.74;200;9895796240;S
20240320;104214;39.74;250;9895796241;S
20240320;104214;39.74;230;9895796242;S
20240320;104214;39.74;220;9895796243;S
20240320;104214;39.74;260;9895796244;S
20240320;104214;39.74;270;9895796245;S
20240320;104214;39.74;280;9895796246;S
20240320;104214;39.74;850;9895796247;S
20240320;104214;39.74;440;9895796248;S
20240320;104214;39.74;200;9895796249;S
20240320;104214;39.74;470;9895796250;S
20240320;104214;39.74;200;9895796251;S
20240320;104214;39.74;550;9895796252;S
20240320;104214;39.74;190;9895796253;S
20240320;104214;39.74;290;9895796254;S
20240320;104214;39.74;260;9895796255;S
20240320;104214;39.74;250;9895796256;S
20240320;104214;39.74;180;9895796257;S
20240320;104214;39.74;270;9895796258;S
20240320;104214;39.74;460;9895796259;S
20240320;104214;39.74;650;9895796260;S
20240320;104214;39.74;230;9895796261;S
20240320;104214;39.74;320;9895796262;S
20240320;104214;39.74;200;9895796263;S
20240320;104214;39.74;280;9895796264;S
20240320;104214;39.74;510;9895796265;S
20240320;104214;39.74;210;9895796266;S
20240320;104214;39.73;100;9895796267;S
20240320;104214;39.73;580;9895796268;S
20240320;104214;39.72;400;9895796269;S
20240320;104214;39.72;1910;9895796270;S
20240320;104214;39.72;10;9895796271;S
20240320;104214;39.71;44000;9895796297;S
20240320;104214;39.71;50;9895796298;S
20240320;104214;39.71;10;9895796299;S
20240320;104214;39.71;10;9895796300;S
20240320;104214;39.71;20;9895796301;S
20240320;104214;39.7;13970;9895796302;S
20240320;104214;39.71;50;9895796321;B
20240320;104216;39.7;60;9895796565;S
20240320;104216;39.71;10;9895796740;B
20240320;104216;39.71;100;9895796749;B
20240320;104218;39.71;100;9895797087;B
20240320;104218;39.71;440;9895797088;B
20240320;104218;39.71;250;9895797090;B
20240320;104218;39.71;1480;9895797093;B
20240320;104218;39.71;1000;9895797100;B
20240320;104218;39.71;780;9895797101;B
20240320;104218;39.71;180;9895797102;B
20240320;104218;39.71;630;9895797126;B
20240320;104219;39.71;340;9895797154;B
20240320;104219;39.71;240;9895797163;B
20240320;104219;39.71;190;9895797165;B
20240320;104219;39.71;810;9895797166;B
20240320;104219;39.71;1090;9895797167;B
20240320;104219;39.71;210;9895797192;B
20240320;104219;39.71;1770;9895797231;B
20240320;104219;39.71;240;9895797266;B
20240320;104219;39.71;2280;9895797270;B
20240320;104219;39.71;1000;9895797271;B
20240320;104219;39.72;360;9895797272;B
20240320;104220;39.71;2520;9895797330;B
20240320;104220;39.71;1000;9895797331;B
20240320;104220;39.72;9710;9895797332;B
20240320;104220;39.72;500;9895797333;B
20240320;104220;39.72;1060;9895797334;B
20240320;104220;39.73;3510;9895797335;B
20240320;104220;39.73;700;9895797336;B
20240320;104220;39.74;580;9895797337;B
20240320;104220;39.74;1030;9895797338;B
20240320;104220;39.73;200;9895797357;B
20240320;104220;39.73;210;9895797360;B
20240320;104220;39.73;190;9895797362;B
20240320;104220;39.73;230;9895797402;B
20240320;104220;39.73;180;9895797407;B
20240320;104220;39.73;190;9895797408;B
20240320;104220;39.73;500;9895797409;B
20240320;104220;39.73;50;9895797410;B
20240320;104220;39.73;390;9895797411;B
20240320;104220;39.73;610;9895797414;B
20240320;104220;39.73;580;9895797415;B
20240320;104220;39.73;190;9895797418;B
20240320;104220;39.73;110;9895797419;B
20240320;104220;39.74;970;9895797420;B
20240320;104221;39.74;190;9895797479;B
20240320;104221;39.74;190;9895797481;B
20240320;104221;39.74;490;9895797482;B
20240320;104221;39.74;220;9895797484;B
20240320;104221;39.74;8010;9895797522;B
20240320;104221;39.74;820;9895797523;B
20240320;104221;39.74;180;9895797530;B
20240320;104221;39.75;500;9895797531;B
20240320;104221;39.75;440;9895797532;B
20240320;104221;39.75;1100;9895797533;B
20240320;104221;39.74;200;9895797564;B
20240320;104221;39.74;200;9895797567;B
20240320;104222;39.74;40;9895797588;B
20240320;104222;39.74;160;9895797589;B
20240320;104222;39.74;840;9895797637;B
20240320;104222;39.75;2830;9895797638;B
20240320;104222;39.75;610;9895797650;B
20240320;104222;39.75;240;9895797652;B
20240320;104222;39.75;530;9895797672;B
20240320;104222;39.75;510;9895797676;B
20240320;104222;39.75;200;9895797677;B
20240320;104222;39.75;170;9895797678;B
20240320;104222;39.75;550;9895797680;B
20240320;104222;39.75;260;9895797681;B
20240320;104222;39.75;40;9895797682;B
20240320;104222;39.75;260;9895797684;B
20240320;104222;39.75;190;9895797685;B
20240320;104223;39.71;70;9895797702;S
20240320;104223;39.74;70;9895797705;B
20240320;104223;39.74;60;9895797706;B
20240320;104223;39.75;290;9895797708;B
20240320;104223;39.75;180;9895797709;B
20240320;104223;39.75;180;9895797711;B
20240320;104223;39.75;150;9895797737;B
20240320;104223;39.75;200;9895797745;B
20240320;104223;39.75;1000;9895797746;B
20240320;104223;39.75;480;9895797747;B
20240320;104223;39.75;200;9895797770;B
20240320;104223;39.75;440;9895797795;B
20240320;104223;39.75;370;9895797833;B
20240320;104224;39.75;3700;9895797850;B
20240320;104224;39.75;250;9895797860;B
20240320;104224;39.75;510;9895797862;B
20240320;104224;39.75;590;9895797902;B
20240320;104224;39.75;300;9895797905;B
20240320;104224;39.75;90;9895797906;B
20240320;104224;39.75;280;9895797938;B
20240320;104224;39.75;130;9895797940;B
20240320;104224;39.75;200;9895797942;B
20240320;104224;39.75;170;9895797944;B
20240320;104224;39.75;200;9895797945;B
20240320;104225;39.75;190;9895798020;B
20240320;104225;39.75;190;9895798023;B
20240320;104225;39.75;130;9895798024;B
20240320;104225;39.75;240;9895798027;B
20240320;104225;39.75;220;9895798048;B
20240320;104225;39.75;320;9895798050;B
20240320;104225;39.75;680;9895798064;B
20240320;104225;39.76;3320;9895798065;B
20240320;104225;39.76;190;9895798072;B
20240320;104225;39.77;400;9895798087;B
20240320;104225;39.77;2100;9895798108;B
20240320;104225;39.77;200;9895798109;B
20240320;104225;39.77;1700;9895798110;B
20240320;104225;39.77;270;9895798143;B
20240320;104226;39.77;1000;9895798160;B
20240320;104226;39.77;200;9895798163;B
20240320;104226;39.78;400;9895798170;B
20240320;104226;39.78;500;9895798171;B
20240320;104226;39.78;1000;9895798172;B
20240320;104226;39.78;2000;9895798173;B
20240320;104226;39.78;100;9895798174;B
20240320;104226;39.78;1000;9895798194;B
20240320;104226;39.78;510;9895798198;B
20240320;104226;39.78;390;9895798217;B
20240320;104226;39.78;10;9895798218;B
20240320;104226;39.78;1030;9895798219;B
20240320;104226;39.78;1570;9895798220;B
20240320;104226;39.78;930;9895798221;B
20240320;104226;39.78;1000;9895798222;B
20240320;104226;39.78;1050;9895798223;B
20240320;104226;39.79;50;9895798224;B
20240320;104226;39.79;300;9895798225;B
20240320;104226;39.79;670;9895798226;B
20240320;104226;39.79;330;9895798234;B
20240320;104226;39.79;670;9895798235;B
20240320;104227;39.79;3000;9895798267;B
20240320;104227;39.78;3000;9895798336;S
20240320;104228;39.77;90;9895798467;S
20240320;104233;39.78;1000;9895799286;B
20240320;104234;39.78;1000;9895799469;B
20240320;104237;39.78;100;9895800047;B
20240320;104238;39.78;1000;9895800301;B
20240320;104244;39.78;100;9895802048;B
20240320;104246;39.78;100;9895802693;B
20240320;104251;39.78;1000;9895803498;B
20240320;104251;39.77;150;9895803569;S
20240320;104251;39.77;300;9895803570;S
20240320;104251;39.77;480;9895803571;S
20240320;104251;39.77;530;9895803572;S
20240320;104251;39.77;340;9895803573;S
20240320;104251;39.77;200;9895803574;S
20240320;104251;39.77;240;9895803575;S
20240320;104251;39.77;200;9895803576;S
20240320;104251;39.77;820;9895803577;S
20240320;104251;39.77;240;9895803578;S
20240320;104251;39.77;200;9895803579;S
20240320;104251;39.77;210;9895803580;S
20240320;104251;39.77;190;9895803581;S
20240320;104251;39.77;400;9895803582;S
20240320;104251;39.77;190;9895803583;S
20240320;104251;39.77;1480;9895803584;S
20240320;104251;39.77;130;9895803585;S
20240320;104251;39.77;220;9895803586;S
20240320;104251;39.77;180;9895803587;S
20240320;104251;39.77;20;9895803588;S
20240320;104251;39.77;170;9895803589;S
20240320;104251;39.77;680;9895803590;S
20240320;104251;39.77;40;9895803591;S
20240320;104251;39.77;200;9895803592;S
20240320;104251;39.77;230;9895803593;S
20240320;104251;39.77;300;9895803594;S
20240320;104251;39.77;120;9895803595;S
20240320;104251;39.77;170;9895803596;S
20240320;104251;39.77;300;9895803597;S
20240320;104251;39.77;180;9895803598;S
20240320;104251;39.77;290;9895803599;S
20240320;104251;39.77;220;9895803600;S
20240320;104251;39.77;240;9895803601;S
20240320;104251;39.77;140;9895803602;S
20240320;104253;39.77;190;9895803797;S
20240320;104253;39.77;220;9895803798;S
20240320;104253;39.77;470;9895803799;S
20240320;104253;39.77;240;9895803800;S
20240320;104253;39.77;530;9895803801;S
20240320;104253;39.77;200;9895803802;S
20240320;104253;39.77;230;9895803803;S
20240320;104253;39.77;200;9895803804;S
20240320;104253;39.77;310;9895803805;S
20240320;104253;39.77;200;9895803806;S
20240320;104253;39.77;230;9895803807;S
20240320;104253;39.77;180;9895803808;S
20240320;104253;39.77;2040;9895803809;S
20240320;104253;39.77;360;9895803810;S
20240320;104253;39.77;210;9895803811;S
20240320;104253;39.77;210;9895803812;S
20240320;104253;39.77;440;9895803813;S
20240320;104253;39.77;250;9895803814;S
20240320;104253;39.77;1480;9895803815;S
20240320;104253;39.77;170;9895803816;S
20240320;104253;39.77;250;9895803817;S
20240320;104253;39.77;210;9895803818;S
20240320;104253;39.77;570;9895803819;S
20240320;104253;39.77;230;9895803820;S
20240320;104253;39.77;240;9895803821;S
20240320;104253;39.77;1270;9895803822;S
20240320;104253;39.77;660;9895803823;S
20240320;104253;39.77;170;9895803824;S
20240320;104253;39.77;310;9895803825;S
20240320;104253;39.77;980;9895803826;S
20240320;104253;39.77;2520;9895803827;S
20240320;104253;39.77;280;9895803828;S
20240320;104253;39.77;760;9895803829;S
20240320;104253;39.77;80;9895803830;S
20240320;104253;39.77;180;9895803831;S
20240320;104253;39.77;420;9895803832;S
20240320;104253;39.77;1360;9895803833;S
20240320;104253;39.77;260;9895803834;S
20240320;104253;39.77;200;9895803835;S
20240320;104253;39.77;1590;9895803836;S
20240320;104253;39.77;200;9895803837;S
20240320;104253;39.77;200;9895803838;S
20240320;104253;39.77;180;9895803839;S
20240320;104253;39.77;210;9895803840;S
20240320;104253;39.77;150;9895803841;S
20240320;104253;39.77;210;9895803842;S
20240320;104253;39.77;1010;9895803843;S
20240320;104253;39.77;490;9895803844;S
20240320;104253;39.77;200;9895803845;S
20240320;104253;39.77;450;9895803846;S
20240320;104253;39.77;710;9895803847;S
20240320;104253;39.77;90;9895803848;S
20240320;104255;39.78;10;9895804285;B
20240320;104256;39.77;320;9895804324;S
20240320;104256;39.77;230;9895804325;S
20240320;104257;39.77;480;9895804482;S
20240320;104257;39.77;120;9895804483;S
20240320;104258;39.77;290;9895804617;S
20240320;104258;39.77;220;9895804618;S
20240320;104258;39.77;270;9895804619;S
20240320;104258;39.77;180;9895804620;S
20240320;104258;39.77;210;9895804621;S
20240320;104258;39.77;470;9895804622;S
20240320;104258;39.77;300;9895804623;S
20240320;104258;39.77;90;9895804624;S
20240320;104258;39.77;2090;9895804625;S
20240320;104258;39.77;240;9895804626;S
20240320;104258;39.77;210;9895804627;S
20240320;104258;39.77;4920;9895804628;S
20240320;104258;39.77;1490;9895804629;S
20240320;104258;39.77;170;9895804630;S
20240320;104258;39.77;1560;9895804631;S
20240320;104258;39.77;460;9895804632;S
20240320;104258;39.77;220;9895804633;S
20240320;104258;39.77;220;9895804634;S
20240320;104258;39.77;240;9895804635;S
20240320;104258;39.77;980;9895804636;S
20240320;104258;39.77;450;9895804637;S
20240320;104258;39.77;180;9895804638;S
20240320;104258;39.77;780;9895804639;S
20240320;104258;39.77;260;9895804640;S
20240320;104258;39.77;270;9895804641;S
20240320;104258;39.77;1120;9895804642;S
20240320;104258;39.77;250;9895804643;S
20240320;104258;39.77;270;9895804644;S
20240320;104258;39.77;480;9895804645;S
20240320;104258;39.77;290;9895804646;S
20240320;104258;39.77;890;9895804647;S
20240320;104258;39.77;500;9895804648;S
20240320;104258;39.77;340;9895804649;S
20240320;104258;39.77;220;9895804650;S
20240320;104258;39.77;290;9895804651;S
20240320;104258;39.77;310;9895804652;S
20240320;104258;39.77;500;9895804653;S
20240320;104258;39.77;280;9895804654;S
20240320;104258;39.77;560;9895804655;S
20240320;104258;39.77;520;9895804656;S
20240320;104302;39.77;900;9895805156;B
20240320;104303;39.76;50;9895805423;S
20240320;104309;39.77;50;9895807084;B
20240320;104312;39.76;530;9895807534;S
20240320;104312;39.75;470;9895807535;S
20240320;104316;39.73;500;9895808243;S
20240320;104316;39.73;80;9895808244;S
20240320;104316;39.73;220;9895808245;S
20240320;104322;39.73;180;9895809621;S
20240320;104322;39.72;580;9895809622;S
20240320;104322;39.72;1130;9895809623;S
20240320;104322;39.71;50;9895809624;S
20240320;104322;39.71;60;9895809625;S
20240320;104326;39.74;200;9895810121;B
20240320;104328;39.74;90;9895811045;B
20240320;104330;39.71;20;9895811640;S
20240320;104332;39.74;10;9895811908;B
20240320;104336;39.72;50;9895812778;B
20240320;104338;39.71;320;9895813111;S
20240320;104339;39.71;490;9895813338;B
20240320;104341;39.7;13280;9895813710;S
20240320;104341;39.7;20;9895813711;S
20240320;104341;39.7;10;9895813712;S
20240320;104341;39.7;3690;9895813713;S
20240320;104344;39.71;20;9895814165;B
20240320;104344;39.7;10;9895814205;S
20240320;104347;39.71;20;9895814705;B
20240320;104356;39.71;10;9895816420;B
20240320;104358;39.71;40;9895816821;B
20240320;104401;39.7;80;9895817371;S
20240320;104403;39.7;900;9895817839;S
20240320;104409;39.7;20;9895819014;S
20240320;104411;39.7;300;9895819491;S
20240320;104411;39.7;350;9895819492;S
20240320;104411;39.7;10;9895819493;S
20240320;104411;39.69;1100;9895819494;S
20240320;104411;39.68;990;9895819495;S
20240320;104415;39.68;100;9895820030;S
20240320;104415;39.67;150;9895820031;S
20240320;104415;39.67;4450;9895820195;S
20240320;104415;39.67;100;9895820203;B
20240320;104418;39.66;10;9895820537;S
20240320;104418;39.66;10;9895820538;S
20240320;104418;39.66;10;9895820568;S
20240320;104418;39.66;10;9895820569;S
20240320;104418;39.66;10;9895820570;S
20240320;104418;39.66;50;9895820571;S
20240320;104418;39.66;10;9895820572;S
20240320;104418;39.66;10;9895820573;S
20240320;104418;39.66;10;9895820574;S
20240320;104418;39.66;50;9895820575;S
20240320;104418;39.66;240;9895820576;S
20240320;104418;39.65;50;9895820577;S
20240320;104418;39.65;3190;9895820578;S
20240320;104418;39.66;100;9895820594;B
20240320;104418;39.66;100;9895820597;B
20240320;104418;39.66;100;9895820604;B
20240320;104419;39.66;100;9895820639;B
20240320;104419;39.66;80;9895820673;B
20240320;104419;39.65;500;9895820686;S
20240320;104422;39.65;100;9895821145;S
20240320;104428;39.67;10;9895822017;B
20240320;104431;39.67;30;9895822377;B
20240320;104437;39.65;50;9895823267;S
20240320;104440;39.67;50;9895823736;B
20240320;104446;39.67;20;9895824633;B
20240320;104447;39.67;10;9895824809;B
20240320;104448;39.65;1160;9895824993;S
20240320;104448;39.65;1000;9895824994;S
20240320;104448;39.65;10;9895824995;S
20240320;104448;39.65;200;9895824996;S
20240320;104448;39.65;10070;9895824997;S
20240320;104448;39.65;10;9895824998;S
20240320;104448;39.65;1090;9895824999;S
20240320;104448;39.65;480;9895825000;S
20240320;104448;39.65;10;9895825001;S
20240320;104448;39.65;100;9895825009;B
20240320;104449;39.65;10;9895825099;B
20240320;104449;39.65;100;9895825109;B
20240320;104450;39.65;10;9895825225;B
20240320;104450;39.65;100;9895825228;B
20240320;104450;39.65;610;9895825313;B
20240320;104450;39.65;100;9895825314;B
20240320;104452;39.64;20;9895825573;S
20240320;104453;39.65;10;9895825776;B
20240320;104458;39.65;7150;9895826616;B
20240320;104458;39.66;3670;9895826617;B
20240320;104458;39.67;10;9895826618;B
20240320;104458;39.67;1000;9895826619;B
20240320;104458;39.67;10;9895826620;B
20240320;104458;39.67;1080;9895826621;B
20240320;104458;39.67;20;9895826622;B
20240320;104458;39.67;20;9895826623;B
20240320;104458;39.67;260;9895826624;B
20240320;104458;39.67;10;9895826625;B
20240320;104458;39.67;10;9895826626;B
20240320;104458;39.68;490;9895826627;B
20240320;104458;39.68;80;9895826628;B
20240320;104458;39.69;590;9895826629;B
20240320;104458;39.69;300;9895826630;B
20240320;104458;39.69;5300;9895826631;B
20240320;104459;39.67;10;9895826731;B
20240320;104459;39.67;10;9895826745;S
20240320;104459;39.67;10;9895826755;S
20240320;104459;39.67;10;9895826761;S
20240320;104459;39.67;10;9895826773;S
20240320;104459;39.67;10;9895826781;S
20240320;104459;39.67;10;9895826790;S
20240320;104459;39.67;10;9895826795;S
20240320;104510;39.69;200;9895828596;B
20240320;104519;39.68;20;9895829711;B
20240320;104519;39.68;10;9895829736;B
20240320;104531;39.7;20;9895831397;B
20240320;104538;39.67;10;9895832496;S
20240320;104541;39.7;550;9895833066;B
20240320;104541;39.7;50;9895833067;B
20240320;104552;39.71;300;9895834380;B
20240320;104554;39.71;60;9895834723;S
20240320;104554;39.72;10;9895834740;B
20240320;104557;39.73;10;9895835224;B
20240320;104606;39.73;1000;9895836353;B
20240320;104612;39.71;10;9895837302;S
20240320;104638;39.71;230;9895841349;S
20240320;104638;39.71;100;9895841350;S
20240320;104638;39.71;1020;9895841351;S
20240320;104638;39.71;150;9895841352;S
20240320;104639;39.73;10;9895841472;B
20240320;104643;39.71;10;9895842225;S
20240320;104647;39.73;10;9895842706;B
20240320;104716;39.72;750;9895847167;B
20240320;104724;39.72;180;9895848227;B
20240320;104730;39.71;440;9895849153;S
20240320;104730;39.71;60;9895849154;S
20240320;104736;39.72;10;9895850098;B
20240320;104738;39.72;20;9895850411;B
20240320;104751;39.71;10;9895852398;S
20240320;104752;39.72;10;9895852504;B
20240320;104753;39.72;10;9895852571;B
20240320;104757;39.72;30;9895853195;B
20240320;104757;39.72;10;9895853196;B
20240320;104757;39.72;10;9895853198;B
20240320;104757;39.72;10;9895853199;B
20240320;104757;39.72;40;9895853200;B
20240320;104758;39.72;4080;9895853415;B
20240320;104758;39.72;10;9895853416;B
20240320;104758;39.72;10;9895853417;B
20240320;104758;39.72;500;9895853418;B
20240320;104758;39.73;400;9895853419;B
20240320;104758;39.73;2520;9895853420;B
20240320;104758;39.73;5480;9895853421;B
20240320;104759;39.72;10;9895853548;B
20240320;104805;39.71;10;9895854295;S
20240320;104808;39.72;10;9895854652;B
20240320;104808;39.72;10;9895854653;B
20240320;104808;39.72;30;9895854654;B
20240320;104814;39.72;14000;9895855531;B
20240320;104818;39.71;80;9895855943;S
20240320;104818;39.71;220;9895855944;S
20240320;104824;39.72;300;9895856932;B
20240320;104828;39.72;30;9895857404;B
20240320;104830;39.71;110;9895857806;S
20240320;104830;39.71;890;9895857807;S
20240320;104846;39.71;20;9895859803;S
20240320;104848;39.72;30;9895860034;B
20240320;104848;39.72;190;9895860035;B
20240320;104848;39.71;10;9895860040;B
20240320;104848;39.71;10;9895860041;B
20240320;104848;39.72;570;9895860042;B
20240320;104848;39.71;10;9895860059;B
20240320;104848;39.71;10;9895860060;B
20240320;104848;39.72;360;9895860061;B
20240320;104848;39.71;10;9895860074;S
20240320;104848;39.71;10;9895860085;B
20240320;104848;39.71;10;9895860086;B
20240320;104848;39.72;310;9895860087;B
20240320;104848;39.71;10;9895860091;S
20240320;104848;39.71;10;9895860093;S
20240320;104848;39.72;180;9895860109;B
20240320;104848;39.72;200;9895860154;B
20240320;104848;39.72;740;9895860167;B
20240320;104859;39.71;10;9895862232;S
20240320;104904;39.72;10;9895862982;B
20240320;104905;39.71;10;9895863106;S
20240320;104909;39.72;40;9895863466;B
20240320;104912;39.71;10;9895863887;S
20240320;104917;39.72;1000;9895864380;B
20240320;104927;39.72;1000;9895865493;B
20240320;104927;39.72;30;9895865494;B
20240320;104931;39.73;20;9895865927;B
20240320;104939;39.73;10;9895866903;B
20240320;104941;39.73;10;9895867037;B
20240320;105002;39.73;10;9895869340;B
20240320;105003;39.73;30;9895869489;B
20240320;105006;39.73;10;9895869784;B
20240320;105007;39.73;410;9895869906;B
20240320;105007;39.73;2140;9895869907;B
20240320;105008;39.73;1000;9895870061;B
20240320;105014;39.73;100;9895870709;B
20240320;105017;39.73;100;9895870989;B
20240320;105020;39.73;10;9895871492;B
20240320;105025;39.73;30;9895871934;B
20240320;105027;39.73;8680;9895872149;B
20240320;105027;39.73;10;9895872150;B
20240320;105027;39.74;500;9895872151;B
20240320;105027;39.74;1000;9895872152;B
20240320;105027;39.75;500;9895872153;B
20240320;105027;39.75;1000;9895872154;B
20240320;105027;39.75;3290;9895872155;B
20240320;105027;39.75;960;9895872156;B
20240320;105027;39.75;250;9895872157;B
20240320;105027;39.75;500;9895872158;B
20240320;105027;39.76;1310;9895872159;B
20240320;105029;39.76;100;9895872517;B
20240320;105034;39.76;10;9895872914;B
20240320;105035;39.76;50;9895872961;B
20240320;105035;39.75;140;9895872998;S
20240320;105038;39.76;50;9895873189;B
20240320;105042;39.76;10;9895873651;B
20240320;105049;39.76;100;9895874231;B
20240320;105056;39.76;10;9895874947;B
20240320;105108;39.75;1000;9895876293;S
20240320;105111;39.75;10;9895876622;S
20240320;105112;39.76;50;9895876747;B
20240320;105114;39.75;70;9895876929;S
20240320;105120;39.76;490;9895877564;B
20240320;105122;39.76;50;9895877801;B
20240320;105124;39.76;10;9895878024;B
20240320;105127;39.76;30;9895878749;B
20240320;105128;39.76;100;9895878919;B
20240320;105128;39.76;10;9895879055;B
20240320;105132;39.75;1280;9895879738;S
20240320;105132;39.75;10;9895879739;S
20240320;105132;39.74;970;9895879740;S
20240320;105132;39.73;580;9895879741;S
20240320;105132;39.73;910;9895879742;S
20240320;105134;39.76;10;9895880011;B
20240320;105137;39.73;10;9895880492;S
20240320;105138;39.72;10;9895880529;S
20240320;105138;39.72;10;9895880530;S
20240320;105138;39.72;10;9895880531;S
20240320;105138;39.72;3880;9895880532;S
20240320;105138;39.71;420;9895880533;S
20240320;105138;39.71;550;9895880534;S
20240320;105138;39.71;20;9895880535;S
20240320;105145;39.75;20;9895881275;B
20240320;105148;39.75;10;9895881571;B
20240320;105154;39.72;10;9895882340;S
20240320;105154;39.72;530;9895882341;S
20240320;105154;39.71;200;9895882342;S
20240320;105154;39.71;220;9895882343;S
20240320;105154;39.71;210;9895882344;S
20240320;105154;39.71;430;9895882345;S
20240320;105155;39.73;10;9895882561;B
20240320;105156;39.73;80;9895882666;B
20240320;105201;39.73;60;9895883205;S
20240320;105204;39.75;30;9895883699;B
20240320;105204;39.75;20;9895883700;B
20240320;105209;39.74;30;9895884342;B
20240320;105214;39.74;100;9895884690;B
20240320;105227;39.75;10;9895886062;B
20240320;105232;39.73;90;9895886795;S
20240320;105235;39.74;20;9895887255;B
20240320;105238;39.73;10;9895887718;S
20240320;105245;39.73;10;9895888570;S
20240320;105251;39.73;140;9895889472;S
20240320;105256;39.74;540;9895890330;B
20240320;105256;39.75;260;9895890331;B
20240320;105258;39.75;10;9895890547;B
20240320;105259;39.75;10;9895890788;B
20240320;105305;39.74;40;9895891784;B
20240320;105306;39.74;10;9895891939;B
20240320;105310;39.73;270;9895892460;S
20240320;105311;39.73;50;9895892631;S
20240320;105316;39.74;200;9895893276;B
20240320;105318;39.74;10;9895893557;B
20240320;105319;39.74;910;9895893657;B
20240320;105319;39.74;10;9895893659;S
20240320;105320;39.74;40;9895893778;S
20240320;105320;39.74;40;9895893785;S
20240320;105325;39.74;40;9895894490;B
20240320;105325;39.74;40;9895894495;S
20240320;105325;39.74;20;9895894504;S
20240320;105328;39.74;20;9895895051;B
20240320;105328;39.75;10;9895895052;B
20240320;105330;39.74;10;9895895345;B
20240320;105331;39.74;30;9895895387;B
20240320;105331;39.75;2200;9895895388;B
20240320;105331;39.75;200;9895895389;B
20240320;105331;39.75;1000;9895895390;B
20240320;105331;39.75;900;9895895391;B
20240320;105331;39.75;510;9895895392;B
20240320;105333;39.74;20;9895896146;B
20240320;105338;39.74;20;9895896841;B
20240320;105338;39.74;850;9895896842;B
20240320;105338;39.74;190;9895896843;B
20240320;105339;39.74;470;9895896962;B
20240320;105340;39.74;40;9895897033;B
20240320;105340;39.74;200;9895897034;B
20240320;105340;39.74;40;9895897036;S
20240320;105340;39.74;40;9895897040;S
20240320;105340;39.74;40;9895897051;S
20240320;105343;39.74;10;9895897356;S
20240320;105353;39.74;60;9895898340;S
20240320;105353;39.75;100;9895898365;B
20240320;105356;39.75;10;9895898678;B
20240320;105400;39.75;10;9895899063;B
20240320;105401;39.74;180;9895899423;S
20240320;105401;39.74;590;9895899424;S
20240320;105401;39.74;180;9895899425;S
20240320;105401;39.74;50;9895899426;S
20240320;105405;39.75;10;9895900802;B
20240320;105409;39.75;50;9895901485;B
20240320;105410;39.74;300;9895901601;S
20240320;105411;39.74;10;9895901851;S
20240320;105416;39.75;290;9895902386;B
20240320;105420;39.75;240;9895902837;B
20240320;105437;39.74;10;9895906127;S
20240320;105438;39.75;20;9895906212;B
20240320;105443;39.74;10;9895906792;S
20240320;105448;39.74;40;9895907272;S
20240320;105450;39.74;20;9895907436;S
20240320;105451;39.74;60;9895907504;S
20240320;105451;39.74;620;9895907505;S
20240320;105451;39.74;260;9895907506;S
20240320;105451;39.74;60;9895907507;S
20240320;105451;39.74;150;9895907536;S
20240320;105451;39.74;70;9895907537;S
20240320;105451;39.75;40;9895907602;B
20240320;105453;39.75;10;9895907880;B
20240320;105455;39.75;10;9895908051;B
20240320;105505;39.74;10;9895909046;S
20240320;105510;39.74;100;9895909687;S
20240320;105522;39.75;10;9895911006;B
20240320;105525;39.75;100;9895911333;B
20240320;105526;39.74;10;9895911464;S
20240320;105531;39.74;30;9895911882;S
20240320;105531;39.74;240;9895911883;S
20240320;105531;39.74;210;9895911884;S
20240320;105531;39.74;210;9895911885;S
20240320;105531;39.74;210;9895911886;S
20240320;105531;39.74;100;9895911887;S
20240320;105531;39.74;210;9895911888;S
20240320;105531;39.74;400;9895911889;S
20240320;105531;39.74;630;9895911890;S
20240320;105531;39.74;140;9895911891;S
20240320;105531;39.74;190;9895911892;S
20240320;105531;39.74;150;9895911893;S
20240320;105531;39.74;590;9895911894;S
20240320;105531;39.74;190;9895911895;S
20240320;105531;39.74;210;9895911896;S
20240320;105531;39.74;310;9895911897;S
20240320;105531;39.74;130;9895911898;S
20240320;105531;39.74;50;9895911931;S
20240320;105534;39.74;40;9895912380;S
20240320;105534;39.74;30;9895912381;S
20240320;105534;39.74;30;9895912382;S
20240320;105541;39.74;30;9895913377;S
20240320;105545;39.75;1000;9895913929;B
20240320;105546;39.74;100;9895914061;S
20240320;105552;39.75;1330;9895915033;B
20240320;105552;39.75;170;9895915034;B
20240320;105553;39.74;160;9895915255;S
20240320;105553;39.74;180;9895915256;S
20240320;105553;39.74;180;9895915257;S
20240320;105553;39.74;310;9895915258;S
20240320;105553;39.74;180;9895915259;S
20240320;105553;39.74;180;9895915260;S
20240320;105553;39.74;220;9895915261;S
20240320;105555;39.75;10;9895915473;B
20240320;105610;39.75;10;9895917615;B
20240320;105611;39.74;690;9895917806;S
20240320;105611;39.74;10;9895917807;S
20240320;105611;39.74;500;9895917808;S
20240320;105611;39.74;50;9895917809;S
20240320;105611;39.74;820;9895917810;S
20240320;105611;39.74;2900;9895917811;S
20240320;105628;39.74;10;9895920805;B
20240320;105629;39.74;10;9895920841;B
20240320;105633;39.74;10;9895922088;B
20240320;105633;39.74;3070;9895922089;B
20240320;105633;39.74;900;9895922090;B
20240320;105633;39.74;10;9895922091;B
20240320;105633;39.74;2430;9895922092;B
20240320;105633;39.74;10060;9895922093;B
20240320;105633;39.75;500;9895922094;B
20240320;105633;39.75;40;9895922095;B
20240320;105633;39.75;100;9895922096;B
20240320;105633;39.75;1000;9895922097;B
20240320;105633;39.75;2520;9895922098;B
20240320;105633;39.76;2610;9895922099;B
20240320;105633;39.76;900;9895922100;B
20240320;105633;39.76;350;9895922101;B
20240320;105633;39.76;580;9895922102;B
20240320;105633;39.76;70;9895922103;B
20240320;105633;39.77;460;9895922104;B
20240320;105633;39.77;10;9895922105;B
20240320;105633;39.77;200;9895922106;B
20240320;105633;39.77;21200;9895922107;B
20240320;105636;39.76;30;9895922651;B
20240320;105640;39.73;10;9895923545;S
20240320;105640;39.73;580;9895923546;S
20240320;105640;39.73;1410;9895923547;S
20240320;105644;39.73;2520;9895924008;B
20240320;105644;39.73;3040;9895924009;B
20240320;105644;39.74;500;9895924010;B
20240320;105644;39.74;500;9895924011;B
20240320;105644;39.74;1000;9895924012;B
20240320;105644;39.74;1000;9895924013;B
20240320;105644;39.74;900;9895924014;B
20240320;105644;39.74;540;9895924015;B
20240320;105704;39.73;40;9895928145;B
20240320;105714;39.73;10;9895930009;B
20240320;105714;39.73;10;9895930019;B
20240320;105714;39.73;10;9895930047;B
20240320;105715;39.73;10;9895930056;B
20240320;105715;39.73;10;9895930066;B
20240320;105715;39.73;10;9895930068;B
20240320;105715;39.72;10;9895930072;S
20240320;105715;39.72;40;9895930073;S
20240320;105715;39.72;10;9895930074;S
20240320;105715;39.72;10;9895930075;S
20240320;105715;39.72;10;9895930076;S
20240320;105715;39.72;10;9895930077;S
20240320;105715;39.72;10;9895930078;S
20240320;105715;39.72;10;9895930079;S
20240320;105715;39.72;70;9895930080;S
20240320;105715;39.72;10;9895930094;B
20240320;105715;39.72;40;9895930095;B
20240320;105715;39.72;10;9895930097;B
20240320;105715;39.72;10;9895930098;B
20240320;105715;39.72;10;9895930099;B
20240320;105715;39.72;10;9895930101;B
20240320;105715;39.72;10;9895930111;B
20240320;105715;39.72;10;9895930112;B
20240320;105715;39.72;30;9895930113;B
20240320;105721;39.73;10;9895931143;B
20240320;105724;39.72;10;9895931590;S
20240320;105724;39.72;10;9895931591;S
20240320;105724;39.72;10;9895931592;S
20240320;105724;39.72;40;9895931593;S
20240320;105724;39.71;1000;9895931594;S
20240320;105724;39.71;400;9895931595;S
20240320;105724;39.71;50;9895931596;S
20240320;105724;39.71;80;9895931597;S
20240320;105724;39.71;10;9895931598;B
20240320;105724;39.71;10;9895931603;B
20240320;105724;39.71;10;9895931607;B
20240320;105724;39.71;10;9895931608;B
20240320;105724;39.71;40;9895931609;B
20240320;105724;39.71;10;9895931610;B
20240320;105724;39.71;40;9895931615;B
20240320;105724;39.71;10;9895931616;B
20240320;105724;39.71;40;9895931623;B
20240320;105724;39.71;10;9895931624;B
20240320;105724;39.71;40;9895931629;B
20240320;105724;39.71;10;9895931633;B
20240320;105724;39.71;30;9895931636;B
20240320;105724;39.71;10;9895931641;B
20240320;105724;39.71;10;9895931659;B
20240320;105724;39.71;10;9895931665;B
20240320;105725;39.71;10;9895931671;B
20240320;105725;39.71;10;9895931676;B
20240320;105725;39.71;10;9895931682;B
20240320;105725;39.71;10;9895931687;B
20240320;105727;39.71;20;9895931954;B
20240320;105729;39.7;50;9895932420;S
20240320;105735;39.7;100;9895933882;S
20240320;105738;39.71;690;9895934245;B
20240320;105738;39.71;10;9895934246;B
20240320;105738;39.71;10;9895934247;B
20240320;105738;39.71;10;9895934248;B
20240320;105738;39.71;10;9895934249;B
20240320;105738;39.71;520;9895934250;B
20240320;105748;39.71;30;9895935816;B
20240320;105750;39.7;100;9895936789;S
20240320;105752;39.7;10;9895937184;S
20240320;105757;39.7;740;9895937918;S
20240320;105757;39.7;150;9895937919;S
20240320;105803;39.71;10;9895939161;B
20240320;105803;39.71;10;9895939162;B
20240320;105803;39.71;10;9895939163;B
20240320;105803;39.71;10;9895939164;B
20240320;105803;39.71;500;9895939196;B
20240320;105814;39.71;20;9895940982;B
20240320;105816;39.7;100;9895941360;S
20240320;105818;39.71;200;9895941612;B
20240320;105822;39.7;750;9895942088;S
20240320;105822;39.7;1900;9895942089;S
20240320;105822;39.7;800;9895942090;S
20240320;105822;39.7;100;9895942091;S
20240320;105822;39.7;10;9895942092;S
20240320;105822;39.7;10;9895942093;S
20240320;105822;39.7;10;9895942094;S
20240320;105822;39.7;100;9895942095;S
20240320;105822;39.69;1000;9895942096;S
20240320;105822;39.69;400;9895942097;S
20240320;105822;39.69;300;9895942098;S
20240320;105822;39.69;560;9895942099;S
20240320;105822;39.68;20;9895942100;S
20240320;105822;39.68;50;9895942101;S
20240320;105822;39.68;10;9895942102;S
20240320;105822;39.68;10;9895942103;S
20240320;105822;39.68;220;9895942104;S
20240320;105822;39.67;10;9895942105;S
20240320;105822;39.67;100;9895942106;S
20240320;105822;39.67;3450;9895942107;S
20240320;105822;39.67;190;9895942108;S
20240320;105825;39.68;10;9895942679;B
20240320;105844;39.67;300;9895945247;B
20240320;105844;39.67;200;9895945248;B
20240320;105845;39.67;1520;9895945249;B
20240320;105845;39.66;90;9895945280;S
20240320;105845;39.66;100;9895945313;S
20240320;105847;39.67;30;9895945700;B
20240320;105853;39.67;13730;9895946418;B
20240320;105853;39.67;2910;9895946419;B
20240320;105853;39.67;870;9895946420;B
20240320;105853;39.69;1500;9895946421;B
20240320;105853;39.69;1000;9895946422;B
20240320;105853;39.69;500;9895946423;B
20240320;105853;39.7;580;9895946424;B
20240320;105853;39.7;2010;9895946425;B
20240320;105853;39.7;2250;9895946426;B
20240320;105904;39.7;30;9895947859;S
20240320;105904;39.7;150;9895947860;S
20240320;105904;39.71;10;9895947909;B
