<DATE>;<TIME>;<LAST>;<VOL>;<ID>;<OPER>
20240322;095939;41.15;10;9932119895;S
20240322;095939;41.15;10;9932119896;B
20240322;095939;41.15;30;9932119897;B
20240322;095939;41.15;10;9932119898;B
20240322;095939;41.15;30;9932119899;B
20240322;095939;41.15;10;9932119900;B
20240322;095939;41.15;20;9932119901;B
20240322;095939;41.15;240;9932119902;B
20240322;095939;41.15;30;9932119903;B
20240322;095939;41.15;170;9932119904;B
20240322;095939;41.15;320;9932119905;B
20240322;095939;41.15;20;9932119906;S
20240322;095939;41.15;10;9932119907;S
20240322;095939;41.15;100;9932119908;S
20240322;095939;41.15;10;9932119909;S
20240322;095939;41.15;220;9932119910;S
20240322;095939;41.15;10;9932119911;S
20240322;095939;41.15;10;9932119912;S
20240322;095939;41.15;40;9932119913;B
20240322;095939;41.15;120;9932119914;S
20240322;095939;41.15;880;9932119915;S
20240322;095939;41.15;510;9932119916;S
20240322;095939;41.15;40;9932119917;S
20240322;095939;41.15;140;9932119918;S
20240322;095939;41.15;10;9932119919;S
20240322;095939;41.15;140;9932119920;S
20240322;095939;41.15;30;9932119921;B
20240322;095939;41.15;10;9932119922;B
20240322;095939;41.15;120;9932119923;S
20240322;095939;41.15;500;9932119924;S
20240322;095939;41.15;500;9932119925;S
20240322;095939;41.15;500;9932119926;S
20240322;095939;41.15;500;9932119927;S
20240322;095939;41.15;30;9932119928;B
20240322;095939;41.15;10;9932119929;B
20240322;095939;41.15;10;9932119930;B
20240322;095939;41.15;10;9932119931;B
20240322;095939;41.15;10;9932119932;B
20240322;095939;41.15;10;9932119933;S
20240322;095939;41.15;10;9932119934;S
20240322;095939;41.15;10;9932119935;S
20240322;095939;41.15;10;9932119936;S
20240322;095939;41.15;230;9932119937;S
20240322;095939;41.15;100;9932119938;B
20240322;095939;41.15;40;9932119939;S
20240322;095939;41.15;80;9932119940;B
20240322;095939;41.15;1000;9932119941;B
20240322;095939;41.15;180;9932119942;B
20240322;095939;41.15;10;9932119943;B
20240322;095939;41.15;2500;9932119944;S
20240322;095939;41.15;100;9932119945;S
20240322;095939;41.15;20;9932119946;S
20240322;095939;41.15;40;9932119947;S
20240322;095939;41.15;10;9932119948;S
20240322;095939;41.15;50;9932119949;B
20240322;095939;41.15;100;9932119950;B
20240322;095939;41.15;600;9932119951;B
20240322;095939;41.15;10;9932119952;S
20240322;095939;41.15;10;9932119953;S
20240322;095939;41.15;10;9932119954;S
20240322;095939;41.15;10;9932119955;S
20240322;095939;41.15;570;9932119956;S
20240322;095939;41.15;100;9932119957;B
20240322;095939;41.15;100;9932119958;S
20240322;095939;41.15;300;9932119959;S
20240322;095939;41.15;30;9932119960;B
20240322;095939;41.15;50;9932119961;B
20240322;095939;41.15;200;9932119962;S
20240322;095939;41.15;2000;9932119963;S
20240322;095939;41.15;20;9932119964;S
20240322;095939;41.15;10;9932119965;S
20240322;095939;41.15;30;9932119966;S
20240322;095939;41.15;30;9932119967;S
20240322;095939;41.15;10;9932119968;B
20240322;095939;41.15;30;9932119969;S
20240322;095939;41.15;30;9932119970;S
20240322;095939;41.15;30;9932119971;S
20240322;095939;41.15;30;9932119972;S
20240322;095939;41.15;30;9932119973;S
20240322;095939;41.15;30;9932119974;S
20240322;095939;41.15;30;9932119975;S
20240322;095939;41.15;30;9932119976;S
20240322;095939;41.15;30;9932119977;S
20240322;095939;41.15;30;9932119978;S
20240322;095939;41.15;30;9932119979;S
20240322;095939;41.15;2200;9932119980;S
20240322;095939;41.15;30;9932119981;B
20240322;095939;41.15;10;9932119982;B
20240322;095939;41.15;20;9932119983;B
20240322;095939;41.15;50;9932119984;S
20240322;095939;41.15;1000;9932119985;S
20240322;095939;41.15;50;9932119986;B
20240322;095939;41.15;30;9932119987;S
20240322;095939;41.15;300;9932119988;S
20240322;095939;41.15;200;9932119989;S
20240322;095939;41.15;6000;9932119990;S
20240322;095939;41.15;50;9932119991;S
20240322;095939;41.15;10;9932119992;S
20240322;095939;41.15;50;9932119993;S
20240322;095939;41.15;3640;9932119994;S
20240322;100001;41.11;2000;9932125571;B
20240322;100001;41.11;2000;9932125574;B
20240322;100001;41.11;1200;9932125575;B
20240322;100002;41.1;1000;9932126356;B
20240322;100002;41.11;800;9932126357;B
20240322;100002;41.11;2450;9932126358;B
20240322;100002;41.11;470;9932126359;B
20240322;100002;41.12;130;9932126360;B
20240322;100002;41.04;500;9932126508;S
20240322;100002;41.04;400;9932126772;S
20240322;100002;41.11;2450;9932126799;B
20240322;100002;41.11;3670;9932126800;B
20240322;100002;41.11;50;9932126801;B
20240322;100002;41.12;10000;9932126802;B
20240322;100002;41.14;7860;9932126803;B
20240322;100003;41.06;300;9932126889;S
20240322;100003;41.1;190;9932126892;B
20240322;100003;41.13;1000;9932126894;B
20240322;100003;41.13;610;9932126921;S
20240322;100003;41.1;290;9932126922;S
20240322;100003;41.09;300;9932126989;S
20240322;100003;41.1;500;9932127190;B
20240322;100003;41.12;620;9932127191;B
20240322;100003;41.13;2450;9932127192;B
20240322;100003;41.14;610;9932127193;B
20240322;100003;41.06;60;9932127494;S
20240322;100003;41.06;10;9932127589;S
20240322;100004;41.13;10;9932127811;B
20240322;100004;41.13;100;9932127856;B
20240322;100005;41.05;10;9932128599;S
20240322;100005;41.05;90;9932128602;S
20240322;100005;41.05;20;9932128616;S
20240322;100005;41.12;20;9932129133;B
20240322;100005;41.12;10;9932129494;B
20240322;100005;41.12;100;9932129513;B
20240322;100005;41.06;1010;9932129774;S
20240322;100005;41.06;10;9932130340;S
20240322;100005;41.06;10;9932130380;S
20240322;100005;41.12;30;9932130390;B
20240322;100005;41.12;20;9932130391;B
20240322;100005;41.06;50;9932130392;S
20240322;100005;41.06;10;9932130395;S
20240322;100006;41.12;10;9932130858;B
20240322;100006;41.06;60;9932130865;S
20240322;100006;41.06;10;9932131156;S
20240322;100006;41.06;40;9932131157;S
20240322;100006;41.06;10;9932131616;S
20240322;100006;41.05;10;9932131664;S
20240322;100006;41.09;10;9932131665;B
20240322;100007;41.06;10;9932132322;S
20240322;100007;41.09;10;9932132324;B
20240322;100007;41.06;20;9932132698;S
20240322;100007;41.09;20;9932132699;B
20240322;100007;41.09;10;9932132703;B
20240322;100007;41.09;10;9932132708;B
20240322;100007;41.06;20;9932132988;S
20240322;100007;41.09;30;9932133055;B
20240322;100007;41.09;10;9932133056;B
20240322;100007;41.1;10;9932133057;B
20240322;100007;41.12;360;9932133058;B
20240322;100007;41.12;20;9932133059;B
20240322;100007;41.13;400;9932133060;B
20240322;100007;41.13;70;9932133061;B
20240322;100007;41.13;1500;9932133062;B
20240322;100008;41.08;350;9932133138;S
20240322;100008;41.13;200;9932133148;B
20240322;100008;41.13;10;9932133149;B
20240322;100008;41.13;20;9932133150;B
20240322;100008;41.14;10;9932133151;B
20240322;100008;41.15;150;9932133152;B
20240322;100008;41.15;100;9932133154;B
20240322;100008;41.15;200;9932133155;B
20240322;100008;41.15;50;9932133156;B
20240322;100008;41.07;50;9932133267;S
20240322;100008;41.14;10;9932133326;B
20240322;100008;41.14;30;9932133327;B
20240322;100008;41.07;30;9932133618;S
20240322;100008;41.07;20;9932133633;S
20240322;100008;41.07;30;9932133763;S
20240322;100008;41.13;40;9932133963;B
20240322;100009;41.13;50;9932134239;B
20240322;100009;41.13;30;9932134264;B
20240322;100009;41.13;30;9932134266;B
20240322;100009;41.13;350;9932134539;B
20240322;100009;41.13;10;9932134540;B
20240322;100009;41.14;310;9932134541;B
20240322;100009;41.15;50;9932134542;B
20240322;100009;41.15;10;9932134543;B
20240322;100009;41.15;10;9932134544;B
20240322;100009;41.15;2450;9932134545;B
20240322;100009;41.15;10;9932134546;B
20240322;100009;41.15;100;9932134548;S
20240322;100009;41.15;100;9932134550;S
20240322;100009;41.15;100;9932134563;S
20240322;100009;41.16;60;9932134568;B
20240322;100009;41.15;1000;9932134986;S
20240322;100009;41.16;20;9932134991;B
20240322;100010;41.16;220;9932135230;B
20240322;100010;41.15;20;9932135231;S
20240322;100010;41.16;10;9932135242;B
20240322;100010;41.16;30;9932135244;B
20240322;100010;41.15;1500;9932135384;S
20240322;100010;41.16;120;9932135498;B
20240322;100010;41.15;1500;9932135674;S
20240322;100010;41.16;20;9932135699;B
20240322;100010;41.16;100;9932135725;B
20240322;100010;41.16;40;9932135773;B
20240322;100010;41.16;930;9932135847;B
20240322;100010;41.16;30;9932136006;B
20240322;100010;41.16;1100;9932136219;B
20240322;100011;41.16;10;9932136350;B
20240322;100011;41.16;10;9932136351;B
20240322;100011;41.16;10;9932136354;B
20240322;100011;41.15;10;9932136359;S
20240322;100011;41.16;370;9932136361;B
20240322;100011;41.16;20;9932136485;B
20240322;100011;41.15;50;9932136716;S
20240322;100011;41.16;10;9932136725;B
20240322;100012;41.15;10;9932137159;S
20240322;100012;41.15;1000;9932137210;S
20240322;100012;41.16;6890;9932137259;B
20240322;100012;41.16;10;9932137260;B
20240322;100012;41.16;10;9932137261;B
20240322;100012;41.16;10;9932137262;B
20240322;100012;41.16;10;9932137263;B
20240322;100012;41.16;2450;9932137264;B
20240322;100012;41.17;100;9932137265;B
20240322;100012;41.17;100;9932137266;B
20240322;100012;41.17;10;9932137267;B
20240322;100012;41.18;80;9932137268;B
20240322;100012;41.18;1500;9932137269;B
20240322;100012;41.18;130;9932137270;B
20240322;100012;41.18;1920;9932137271;B
20240322;100012;41.19;30;9932137272;B
20240322;100012;41.19;90;9932137273;B
20240322;100012;41.19;200;9932137274;B
20240322;100012;41.19;5290;9932137275;B
20240322;100012;41.19;40;9932137276;B
20240322;100012;41.2;1000;9932137277;B
20240322;100012;41.2;60;9932137278;B
20240322;100012;41.2;1000;9932137279;B
20240322;100012;41.2;10;9932137280;B
20240322;100012;41.2;200;9932137281;B
20240322;100012;41.2;3380;9932137282;B
20240322;100012;41.19;720;9932137290;B
20240322;100012;41.19;20;9932137306;B
20240322;100012;41.16;560;9932137449;S
20240322;100012;41.15;940;9932137450;S
20240322;100012;41.17;20;9932137495;B
20240322;100012;41.15;1500;9932137516;S
20240322;100012;41.17;2430;9932137555;B
20240322;100012;41.18;70;9932137556;B
20240322;100012;41.17;20;9932137626;B
20240322;100013;41.15;1000;9932137797;S
20240322;100013;41.15;10;9932137799;S
20240322;100013;41.17;2430;9932137826;B
20240322;100013;41.18;70;9932137827;B
20240322;100013;41.17;20;9932137872;B
20240322;100013;41.15;1500;9932137914;S
20240322;100013;41.15;1500;9932137953;S
20240322;100013;41.17;20;9932138052;B
20240322;100014;41.15;1000;9932138411;S
20240322;100014;41.17;20;9932138501;B
20240322;100014;41.17;20;9932138878;B
20240322;100014;41.17;20;9932138892;B
20240322;100014;41.17;20;9932138907;B
20240322;100015;41.17;20;9932138915;B
20240322;100015;41.17;20;9932138918;B
20240322;100015;41.17;20;9932138930;B
20240322;100015;41.17;20;9932138931;B
20240322;100015;41.16;20;9932138998;S
20240322;100015;41.15;1480;9932138999;S
20240322;100015;41.15;1500;9932139159;S
20240322;100015;41.17;60;9932139288;B
20240322;100015;41.15;12280;9932139372;S
20240322;100016;41.14;20;9932139519;S
20240322;100016;41.12;560;9932139520;S
20240322;100016;41.12;20;9932139521;S
20240322;100016;41.1;80;9932139522;S
20240322;100016;41.1;20;9932139523;S
20240322;100016;41.09;800;9932139524;S
20240322;100016;41.14;10;9932139525;B
20240322;100016;41.09;200;9932139555;S
20240322;100016;41.08;20;9932139556;S
20240322;100016;41.08;560;9932139557;S
20240322;100016;41.06;20;9932139558;S
20240322;100016;41.05;700;9932139559;S
20240322;100016;41.07;10;9932139685;S
20240322;100016;41.07;200;9932139688;S
20240322;100017;41.07;30;9932139860;S
20240322;100017;41.07;1000;9932139875;S
20240322;100017;41.07;1500;9932139890;S
20240322;100017;41.07;30;9932139952;S
20240322;100017;41.07;1500;9932139965;S
20240322;100017;41.07;30;9932140089;S
20240322;100018;41.07;10;9932140152;S
20240322;100018;41.07;1500;9932140207;S
20240322;100018;41.07;830;9932140264;S
20240322;100018;41.06;560;9932140265;S
20240322;100018;41.06;110;9932140266;S
20240322;100019;41.04;20;9932140460;S
20240322;100019;41.04;10;9932140461;S
20240322;100019;41.04;30;9932140593;S
20240322;100020;41.04;490;9932140827;S
20240322;100020;41.04;1010;9932140828;S
20240322;100020;41.02;20;9932140908;S
20240322;100020;41.02;10;9932140909;S
20240322;100020;41.02;720;9932140910;S
20240322;100020;41.08;10;9932141122;B
20240322;100021;41.08;10;9932141224;B
20240322;100021;41.01;60;9932141424;S
20240322;100022;41.08;10;9932141558;B
20240322;100023;41.08;70;9932141944;B
20240322;100023;41.09;290;9932141945;B
20240322;100023;41.09;10;9932141958;B
20240322;100029;41.04;10;9932143013;S
20240322;100029;41.03;110;9932143014;S
20240322;100029;41.06;10;9932143060;B
20240322;100029;41.06;20;9932143225;B
20240322;100029;41.07;570;9932143226;B
20240322;100029;41.08;410;9932143227;B
20240322;100031;41.05;500;9932143549;B
20240322;100033;41.03;1000;9932144220;S
20240322;100034;41.05;740;9932144374;B
20240322;100034;41.05;500;9932144376;B
20240322;100035;41.03;2240;9932144540;S
20240322;100035;41.03;10;9932144739;S
20240322;100035;41.03;40;9932144762;S
20240322;100040;41.03;10;9932145903;S
20240322;100040;41.03;10;9932145923;S
20240322;100040;41.05;10;9932145935;B
20240322;100040;41.03;30;9932146009;S
20240322;100040;41.05;1940;9932146032;B
20240322;100040;41.06;3560;9932146033;B
20240322;100040;41.05;500;9932146034;B
20240322;100044;41.03;500;9932146858;S
20240322;100044;41.03;10;9932147079;S
20240322;100045;41.05;10;9932147371;B
20240322;100046;41.03;100;9932147567;S
20240322;100046;41.05;1000;9932147621;B
20240322;100046;41.05;500;9932147624;B
20240322;100048;41.06;500;9932148323;B
20240322;100048;41.06;500;9932148326;B
20240322;100048;41.06;500;9932148328;B
20240322;100048;41.06;400;9932148330;B
20240322;100049;41.06;10;9932148455;B
20240322;100049;41.03;640;9932148469;S
20240322;100051;41.06;10;9932148897;B
20240322;100053;41.06;50;9932149641;B
20240322;100056;41.03;300;9932150326;S
20240322;100056;41.03;500;9932150327;S
20240322;100056;41.03;450;9932150328;S
20240322;100100;41.05;20;9932151279;B
20240322;100104;41.05;10;9932152402;B
20240322;100105;41.03;10;9932152848;S
20240322;100107;41.04;10;9932153200;B
20240322;100107;41.03;10;9932153259;S
20240322;100107;41.03;30;9932153381;S
20240322;100107;41.03;500;9932153382;S
20240322;100107;41.03;290;9932153383;S
20240322;100107;41.02;620;9932153384;S
20240322;100107;41.01;8940;9932153385;S
20240322;100107;41.01;730;9932153386;S
20240322;100110;41.03;500;9932154132;B
20240322;100110;41.03;500;9932154134;B
20240322;100110;41.03;500;9932154137;B
20240322;100110;41.03;500;9932154147;B
20240322;100111;41.02;10;9932154349;S
20240322;100112;41.03;100;9932154542;B
20240322;100114;41.03;70;9932155158;B
20240322;100114;41.02;990;9932155296;S
20240322;100114;41.01;60;9932155297;S
20240322;100114;41.01;610;9932155298;S
20240322;100114;41;400;9932155299;S
20240322;100114;41;10;9932155300;S
20240322;100114;41;2000;9932155301;S
20240322;100114;41;2430;9932155302;S
20240322;100114;41;5500;9932155303;S
20240322;100115;41.03;20;9932155459;B
20240322;100115;41;200;9932155534;S
20240322;100116;41;40;9932155922;S
20240322;100120;41;3440;9932156813;S
20240322;100120;41;30;9932156814;S
20240322;100120;41;20;9932156815;S
20240322;100120;40.99;700;9932156816;S
20240322;100120;40.99;610;9932156817;S
20240322;100120;40.99;410;9932156818;S
20240322;100120;40.98;10;9932156819;S
20240322;100120;40.98;150;9932156820;S
20240322;100120;40.98;10;9932156821;S
20240322;100120;40.98;10;9932156822;S
20240322;100120;40.98;1390;9932156823;S
20240322;100120;40.98;1200;9932156824;S
20240322;100120;40.98;1000;9932156825;S
20240322;100120;40.98;1000;9932156826;S
20240322;100120;40.98;10;9932156827;S
20240322;100120;40.98;1220;9932156828;S
20240322;100120;40.98;10;9932156829;S
20240322;100120;40.98;1000;9932156830;S
20240322;100120;40.98;20;9932156831;S
20240322;100120;40.98;2430;9932156832;S
20240322;100120;40.98;50;9932156833;S
20240322;100120;40.98;20;9932156834;S
20240322;100120;40.98;40;9932156835;S
20240322;100120;40.97;10;9932156836;S
20240322;100120;40.97;560;9932156837;S
20240322;100120;40.96;2690;9932156838;S
20240322;100120;40.96;400;9932156839;S
20240322;100120;40.96;10;9932156840;S
20240322;100120;40.96;500;9932156841;S
20240322;100120;40.96;20;9932156842;S
20240322;100120;40.95;30;9932156843;S
20240322;100120;40.94;20;9932156844;S
20240322;100120;40.94;1280;9932156845;S
20240322;100120;40.94;6000;9932156846;S
20240322;100120;40.94;4160;9932156847;S
20240322;100120;40.93;1000;9932156848;S
20240322;100120;40.93;5000;9932156849;S
20240322;100120;40.92;40;9932156850;S
20240322;100120;40.92;20;9932156851;S
20240322;100120;40.92;130;9932156852;S
20240322;100120;40.91;1000;9932156853;S
20240322;100120;40.91;440;9932156854;S
20240322;100120;40.91;50;9932156855;S
20240322;100120;40.91;8000;9932156856;S
20240322;100120;40.91;10000;9932156857;S
20240322;100120;40.9;10000;9932156858;S
20240322;100120;40.9;10;9932156859;S
20240322;100120;40.9;10;9932156860;S
20240322;100120;40.9;10;9932156861;S
20240322;100120;40.9;50;9932156862;S
20240322;100120;40.9;20;9932156863;S
20240322;100120;40.89;500;9932156864;S
20240322;100120;40.89;2500;9932156865;S
20240322;100120;40.88;10000;9932156866;S
20240322;100120;40.88;9490;9932156867;S
20240322;100120;40.88;20;9932156868;S
20240322;100120;40.87;90;9932156869;S
20240322;100120;40.86;1000;9932156870;S
20240322;100120;40.86;100;9932156871;S
20240322;100120;40.86;20;9932156872;S
20240322;100120;40.84;20;9932156873;S
20240322;100120;40.84;100;9932156874;S
20240322;100120;40.83;8770;9932156875;S
20240322;100120;40.82;20;9932156876;S
20240322;100120;40.82;2450;9932156877;S
20240322;100120;40.81;1000;9932156878;S
20240322;100120;40.81;500;9932156879;S
20240322;100120;40.81;70;9932156880;S
20240322;100120;40.81;1570;9932156881;S
20240322;100120;40.81;1570;9932156882;S
20240322;100120;40.8;270;9932156883;S
20240322;100120;40.8;100;9932156884;S
20240322;100120;40.8;30;9932156885;S
20240322;100120;40.8;250;9932156886;S
20240322;100120;40.8;20;9932156887;S
20240322;100120;40.8;1000;9932156888;S
20240322;100120;40.8;20;9932156889;S
20240322;100120;40.8;1000;9932156890;S
20240322;100120;40.79;980;9932156891;S
20240322;100120;40.78;20;9932156892;S
20240322;100120;40.78;100;9932156893;S
20240322;100120;40.76;20;9932156894;S
20240322;100120;40.75;1000;9932156895;S
20240322;100120;40.75;10;9932156896;S
20240322;100120;40.75;6440;9932156897;S
20240322;100120;40.74;20;9932156898;S
20240322;100120;40.74;5900;9932156899;S
20240322;100120;40.74;7360;9932156900;S
20240322;100120;40.72;1000;9932156901;S
20240322;100120;40.72;2000;9932156902;S
20240322;100120;40.72;20;9932156903;S
20240322;100120;40.71;1110;9932156904;S
20240322;100120;40.71;80;9932156905;S
20240322;100120;40.71;1000;9932156906;S
20240322;100120;40.71;1000;9932156907;S
20240322;100120;40.71;200;9932156908;S
20240322;100120;40.71;30000;9932156909;S
20240322;100120;40.71;7360;9932156910;S
20240322;100120;40.7;10;9932156911;S
20240322;100120;40.7;30;9932156912;S
20240322;100120;40.7;20;9932156913;S
20240322;100120;40.7;10;9932156914;S
20240322;100120;40.7;10;9932156915;S
20240322;100120;40.7;20;9932156916;S
20240322;100120;40.7;30;9932156917;S
20240322;100120;40.7;100;9932156918;S
20240322;100120;40.7;1000;9932156919;S
20240322;100120;40.7;20;9932156920;S
20240322;100120;40.68;20;9932156921;S
20240322;100120;40.66;100;9932156922;S
20240322;100120;40.66;20;9932156923;S
20240322;100120;40.65;7380;9932156924;S
20240322;100120;40.64;980;9932156925;S
20240322;100120;40.64;90;9932156926;S
20240322;100120;40.64;20;9932156927;S
20240322;100120;40.64;100;9932156928;S
20240322;100120;40.63;2000;9932156929;S
20240322;100120;40.62;10;9932156930;S
20240322;100120;40.62;1000;9932156931;S
20240322;100120;40.62;20;9932156932;S
20240322;100120;40.61;1110;9932156933;S
20240322;100120;40.61;80;9932156934;S
20240322;100120;40.61;3000;9932156935;S
20240322;100120;40.6;20;9932156936;S
20240322;100120;40.6;40;9932156937;S
20240322;100120;40.6;500;9932156938;S
20240322;100120;40.6;2800;9932156939;S
20240322;100120;40.6;1000;9932156940;S
20240322;100120;40.6;20;9932156941;S
20240322;100120;40.6;10;9932156942;S
20240322;100120;40.59;50;9932156943;S
20240322;100120;40.68;10;9932156955;S
20240322;100120;40.68;10;9932156956;S
20240322;100120;40.84;500;9932156957;B
20240322;100120;40.82;1000;9932156958;B
20240322;100120;40.82;1000;9932156959;B
20240322;100120;40.81;200;9932156960;B
20240322;100120;40.85;100;9932156963;B
20240322;100120;40.68;600;9932156989;S
20240322;100121;40.7;100;9932157034;S
20240322;100121;40.8;350;9932157039;B
20240322;100121;40.73;900;9932157040;S
20240322;100121;40.72;100;9932157041;S
20240322;100121;40.72;130;9932157056;S
20240322;100121;40.72;800;9932157060;S
20240322;100121;40.72;1000;9932157061;S
20240322;100121;40.72;1500;9932157064;S
20240322;100121;40.72;950;9932157065;S
20240322;100121;40.71;50;9932157066;S
20240322;100121;40.8;220;9932157078;B
20240322;100121;40.8;10;9932157079;B
20240322;100121;40.82;80;9932157080;B
20240322;100121;40.87;650;9932157081;B
20240322;100121;40.88;2920;9932157082;B
20240322;100121;40.91;10;9932157145;B
20240322;100121;40.82;270;9932157153;S
20240322;100121;40.82;30;9932157158;S
20240322;100121;40.8;100;9932157239;S
20240322;100121;40.79;570;9932157240;S
20240322;100121;40.79;10;9932157241;S
20240322;100121;40.79;2450;9932157242;S
20240322;100121;40.78;50;9932157243;S
20240322;100121;40.78;20;9932157244;S
20240322;100121;40.78;2040;9932157245;S
20240322;100122;40.86;10;9932157297;S
20240322;100122;40.85;20;9932157298;S
20240322;100122;40.85;20;9932157299;S
20240322;100122;40.85;20;9932157303;S
20240322;100122;40.85;20;9932157319;S
20240322;100122;40.86;20;9932157330;B
20240322;100122;40.86;20;9932157352;S
20240322;100122;40.86;20;9932157367;S
20240322;100122;40.83;20;9932157375;S
20240322;100122;40.83;20;9932157377;S
20240322;100122;40.83;220;9932157416;S
20240322;100123;40.88;20;9932157562;B
20240322;100123;40.89;20;9932157577;B
20240322;100123;40.89;240;9932157578;B
20240322;100124;40.9;20;9932157619;B
20240322;100124;40.9;90;9932157620;B
20240322;100124;40.9;490;9932157631;B
20240322;100124;40.91;100;9932157632;S
20240322;100124;40.91;100;9932157633;S
20240322;100124;40.91;100;9932157634;S
20240322;100124;40.91;100;9932157635;S
20240322;100124;40.9;100;9932157636;S
20240322;100124;40.92;20;9932157698;B
20240322;100124;40.93;280;9932157699;B
20240322;100125;40.92;90;9932157922;S
20240322;100125;40.92;1480;9932157923;S
20240322;100125;40.94;20;9932158017;B
20240322;100125;40.94;90;9932158018;B
20240322;100129;40.95;30;9932159036;S
20240322;100130;40.95;60;9932159096;S
20240322;100134;40.94;700;9932160126;S
20240322;100137;40.96;20;9932160826;B
20240322;100137;40.96;180;9932160827;B
20240322;100146;40.96;1000;9932163059;B
20240322;100149;40.96;20;9932163587;B
20240322;100153;40.96;30;9932164290;B
20240322;100207;40.94;30;9932166957;S
20240322;100207;40.96;600;9932167042;B
20240322;100210;40.96;10;9932167466;B
20240322;100210;40.96;50;9932167537;B
20240322;100214;40.94;160;9932168606;S
20240322;100214;40.93;550;9932168607;S
20240322;100214;40.93;2290;9932168608;S
20240322;100221;40.92;10;9932169781;S
20240322;100223;40.96;40;9932170241;B
20240322;100226;40.92;1000;9932170721;S
20240322;100226;40.92;1800;9932170722;S
20240322;100226;40.91;220;9932170934;B
20240322;100227;40.91;150;9932171070;B
20240322;100230;40.88;10;9932171786;S
20240322;100236;40.89;20;9932172902;S
20240322;100237;40.91;30;9932173233;B
20240322;100237;40.89;40;9932173345;S
20240322;100239;40.91;20;9932173824;B
20240322;100239;40.92;590;9932173825;B
20240322;100239;40.92;540;9932173826;B
20240322;100239;40.92;1850;9932173832;S
20240322;100239;40.91;540;9932173833;S
20240322;100239;40.89;190;9932173834;S
20240322;100239;40.88;560;9932173835;S
20240322;100239;40.87;10;9932173836;S
20240322;100239;40.87;80;9932173837;S
20240322;100239;40.87;10000;9932173838;S
20240322;100239;40.87;10;9932173839;S
20240322;100239;40.86;20;9932173840;S
20240322;100239;40.86;1000;9932173841;S
20240322;100239;40.85;700;9932173842;S
20240322;100239;40.84;20;9932173843;S
20240322;100239;40.84;20;9932173844;S
20240322;100239;40.84;500;9932173845;S
20240322;100239;40.83;10;9932173846;S
20240322;100239;40.83;10;9932173847;S
20240322;100239;40.82;10;9932173848;S
20240322;100239;40.82;20;9932173849;S
20240322;100239;40.82;10;9932173850;S
20240322;100239;40.81;10;9932173851;S
20240322;100239;40.8;20;9932173852;S
20240322;100239;40.8;480;9932173853;S
20240322;100239;40.79;10;9932173854;S
20240322;100239;40.79;2450;9932173855;S
20240322;100239;40.78;20;9932173856;S
20240322;100239;40.78;100;9932173857;S
20240322;100239;40.78;300;9932173858;S
20240322;100239;40.78;3550;9932173859;S
20240322;100239;40.86;4010;9932173860;B
20240322;100245;40.87;570;9932174966;B
20240322;100245;40.88;20;9932174967;B
20240322;100245;40.88;1780;9932174968;B
20240322;100245;40.89;20;9932175092;S
20240322;100252;40.89;610;9932176327;S
20240322;100252;40.89;3000;9932176328;S
20240322;100252;40.88;1280;9932176329;S
20240322;100253;40.9;20;9932176502;B
20240322;100253;40.9;30;9932176503;B
20240322;100255;40.89;40;9932176930;S
20240322;100255;40.88;30;9932176931;S
20240322;100258;40.88;1020;9932177600;S
20240322;100258;40.86;150;9932177601;S
20240322;100258;40.86;180;9932177602;S
20240322;100300;40.9;40;9932177867;B
20240322;100302;40.86;20;9932178312;S
20240322;100311;40.9;20;9932179828;B
20240322;100314;40.86;40;9932180428;S
20240322;100315;40.86;120;9932180702;S
20240322;100315;40.85;2450;9932180703;S
20240322;100315;40.85;480;9932180704;S
20240322;100315;40.84;450;9932180705;S
20240322;100317;40.9;10;9932180960;B
20240322;100317;40.9;10;9932180961;B
20240322;100326;40.9;50;9932182681;B
20240322;100331;40.9;20;9932184291;B
20240322;100331;40.9;30;9932184292;B
20240322;100333;40.9;50;9932184520;B
20240322;100340;40.9;40;9932185939;B
20240322;100349;40.86;500;9932188133;S
20240322;100349;40.85;470;9932188134;S
20240322;100349;40.85;60;9932188135;S
20240322;100349;40.84;1970;9932188136;S
20240322;100353;40.89;10;9932188749;B
20240322;100354;40.85;30;9932189015;S
20240322;100354;40.84;490;9932189016;S
20240322;100354;40.84;610;9932189017;S
20240322;100354;40.84;470;9932189018;S
20240322;100354;40.83;3000;9932189019;S
20240322;100354;40.82;10;9932189020;S
20240322;100354;40.82;30;9932189021;S
20240322;100354;40.81;10;9932189022;S
20240322;100354;40.81;120;9932189023;S
20240322;100354;40.8;20;9932189024;S
20240322;100354;40.8;10;9932189025;S
20240322;100354;40.8;200;9932189026;S
20240322;100401;40.88;10;9932190237;B
20240322;100401;40.88;70;9932190238;B
20240322;100406;40.88;40;9932191562;B
20240322;100407;40.88;10;9932191710;B
20240322;100410;40.88;30;9932192321;B
20240322;100411;40.88;30;9932192635;B
20240322;100414;40.87;20;9932193009;S
20240322;100415;40.87;1230;9932193277;S
20240322;100415;40.86;410;9932193278;S
20240322;100415;40.85;360;9932193279;S
20240322;100415;40.88;30;9932193338;B
20240322;100419;40.88;10;9932193970;B
20240322;100421;40.88;200;9932194289;B
20240322;100427;40.88;120;9932195981;B
20240322;100428;40.88;30;9932195997;B
20240322;100428;40.89;420;9932195998;B
20240322;100428;40.89;410;9932195999;B
20240322;100428;40.9;20;9932196000;B
20240322;100428;40.9;700;9932196001;B
20240322;100428;40.91;1920;9932196002;B
20240322;100429;40.86;20;9932196311;S
20240322;100429;40.85;50;9932196312;S
20240322;100436;40.88;90;9932197664;S
20240322;100436;40.88;30;9932197703;S
20240322;100437;40.89;100;9932197914;B
20240322;100438;40.88;130;9932197979;S
20240322;100438;40.85;590;9932197980;S
20240322;100438;40.83;30;9932197981;S
20240322;100438;40.83;80;9932197982;S
20240322;100438;40.82;500;9932197983;S
20240322;100438;40.82;1670;9932197984;S
20240322;100444;40.87;40;9932199064;B
20240322;100444;40.88;20;9932199065;B
20240322;100444;40.89;1470;9932199066;B
20240322;100444;40.89;470;9932199067;B
20240322;100444;40.82;500;9932199157;S
20240322;100445;40.92;20;9932199255;B
20240322;100445;40.93;80;9932199256;B
20240322;100445;40.94;20;9932199257;B
20240322;100445;40.94;80;9932199258;B
20240322;100445;40.94;100;9932199259;B
20240322;100504;40.85;10;9932202555;B
20240322;100504;40.88;380;9932202556;B
20240322;100504;40.89;590;9932202557;B
20240322;100512;40.84;20;9932204255;S
20240322;100512;40.84;10;9932204256;S
20240322;100512;40.84;20;9932204257;S
20240322;100512;40.83;10;9932204258;S
20240322;100512;40.83;30;9932204259;S
20240322;100518;40.83;20;9932205709;S
20240322;100519;40.83;30;9932205719;S
20240322;100519;40.83;40;9932205720;S
20240322;100521;40.88;10;9932206134;B
20240322;100521;40.88;20;9932206169;B
20240322;100527;40.88;10;9932207216;B
20240322;100529;40.88;90;9932207500;B
20240322;100539;40.88;30;9932209703;B
20240322;100554;40.86;80;9932212301;S
20240322;100557;40.86;50;9932212588;S
20240322;100557;40.88;10;9932212621;B
20240322;100559;40.86;40;9932212957;S
20240322;100609;40.88;10;9932214658;B
20240322;100625;40.88;20;9932217138;B
20240322;100625;40.86;10;9932217250;S
20240322;100625;40.86;20;9932217251;S
20240322;100630;40.88;300;9932217778;B
20240322;100630;40.87;370;9932217905;S
20240322;100630;40.87;230;9932217906;S
20240322;100633;40.89;1500;9932218252;B
20240322;100634;40.88;50;9932218442;S
20240322;100634;40.88;10;9932218470;S
20240322;100636;40.89;70;9932218698;B
20240322;100637;40.9;460;9932218849;B
20240322;100639;40.9;540;9932219079;B
20240322;100639;40.9;360;9932219080;B
20240322;100640;40.9;10;9932219243;S
20240322;100642;40.91;30;9932219410;B
20240322;100645;40.92;1500;9932219905;B
20240322;100647;40.91;410;9932220245;S
20240322;100647;40.91;460;9932220246;S
20240322;100647;40.9;130;9932220247;S
20240322;100647;40.92;10;9932220256;B
20240322;100648;40.92;1500;9932220316;B
20240322;100653;40.92;1500;9932221086;B
20240322;100653;40.92;500;9932221114;B
20240322;100654;40.92;10;9932221206;B
20240322;100656;40.92;10;9932221446;B
20240322;100656;40.91;20;9932221448;S
20240322;100656;40.92;1500;9932221512;B
20240322;100657;40.92;20;9932221535;B
20240322;100657;40.92;10;9932221697;B
20240322;100657;40.91;120;9932221773;S
20240322;100658;40.92;50;9932221808;B
20240322;100659;40.92;1480;9932221973;B
20240322;100659;40.91;10;9932222013;S
20240322;100659;40.92;710;9932222078;B
20240322;100659;40.92;790;9932222079;B
20240322;100701;40.91;100;9932222395;S
20240322;100702;40.92;110;9932222626;B
20240322;100702;40.92;1390;9932222627;B
20240322;100705;40.92;1500;9932223040;B
20240322;100708;40.92;1500;9932223378;B
20240322;100712;40.91;10;9932223926;S
20240322;100713;40.92;70;9932224088;B
20240322;100716;40.92;40;9932224479;B
20240322;100718;40.92;1500;9932224912;B
20240322;100721;40.92;30;9932225307;S
20240322;100725;40.93;10;9932226023;B
20240322;100727;40.93;490;9932226159;B
20240322;100729;40.93;10;9932226491;S
20240322;100740;40.94;20;9932228374;B
20240322;100740;40.94;10;9932228375;B
20240322;100753;40.93;20;9932230583;S
20240322;100755;40.93;100;9932231046;S
20240322;100757;40.93;100;9932231224;S
20240322;100802;40.94;40;9932232136;B
20240322;100811;40.94;50;9932233462;B
20240322;100811;40.94;130;9932233463;B
20240322;100812;40.94;30;9932233532;B
20240322;100812;40.94;10;9932233635;B
20240322;100813;40.93;1490;9932233719;S
20240322;100818;40.93;20;9932234734;S
20240322;100821;40.93;10;9932235188;S
20240322;100826;40.94;50;9932235901;B
20240322;100832;40.93;2400;9932236663;S
20240322;100852;40.93;860;9932239323;S
20240322;100852;40.93;10;9932239324;S
20240322;100852;40.93;240;9932239325;B
20240322;100852;40.93;130;9932239326;B
20240322;100854;40.92;100;9932239571;S
20240322;100854;40.91;100;9932239572;S
20240322;100855;40.94;550;9932239735;B
20240322;100855;40.94;10;9932239736;B
20240322;100855;40.94;390;9932239737;B
20240322;100855;40.94;2450;9932239738;B
20240322;100855;40.95;500;9932239739;B
20240322;100855;40.95;330;9932239740;B
20240322;100856;40.96;10;9932239921;B
20240322;100857;40.96;20;9932240022;B
20240322;100907;40.95;20;9932241758;B
20240322;100908;40.95;10;9932241871;B
20240322;100913;40.95;130;9932242494;B
20240322;100913;40.95;400;9932242495;B
20240322;100913;40.96;20;9932242496;B
20240322;100913;40.96;10;9932242497;B
20240322;100913;40.96;500;9932242498;B
20240322;100913;40.96;400;9932242499;B
20240322;100913;40.96;50;9932242500;B
20240322;100913;40.96;100;9932242501;S
20240322;100913;40.96;100;9932242502;S
20240322;100913;40.96;100;9932242503;S
20240322;100913;40.96;100;9932242504;S
20240322;100913;40.96;90;9932242505;S
20240322;100914;40.94;10;9932242511;S
20240322;100914;40.94;100;9932242518;S
20240322;100914;40.94;100;9932242519;S
20240322;100914;40.94;100;9932242520;S
20240322;100914;40.94;100;9932242521;S
20240322;100914;40.94;100;9932242522;S
20240322;100914;40.94;50;9932242523;S
20240322;100915;40.93;50;9932242667;S
20240322;100925;40.97;10;9932244389;B
20240322;100925;40.97;190;9932244390;B
20240322;100935;40.94;30;9932245856;S
20240322;100936;40.93;50;9932245993;S
20240322;100936;40.93;20;9932245994;S
20240322;100937;40.94;10;9932246289;B
20240322;100939;40.94;470;9932246512;B
20240322;100939;40.95;400;9932246514;B
20240322;100939;40.96;100;9932246515;B
20240322;100944;40.95;100;9932247295;S
20240322;100944;40.93;100;9932247296;S
20240322;100944;40.93;300;9932247297;S
20240322;100951;40.96;10;9932248731;B
20240322;100952;40.93;10;9932248776;B
20240322;100952;40.96;390;9932248777;B
20240322;100952;40.96;70;9932248778;B
20240322;100952;40.96;30;9932248779;B
20240322;100956;40.97;100;9932249314;B
20240322;101000;40.96;10;9932249778;S
20240322;101003;40.97;2500;9932250234;B
20240322;101003;40.97;500;9932250235;B
20240322;101007;40.97;30;9932250618;B
20240322;101008;40.96;20;9932250799;S
20240322;101008;40.97;1370;9932250800;B
20240322;101008;40.97;400;9932250801;B
20240322;101008;40.98;20;9932250802;B
20240322;101008;40.98;2050;9932250803;B
20240322;101008;40.98;10;9932250804;B
20240322;101008;40.98;10;9932250805;B
20240322;101008;40.98;10;9932250806;B
20240322;101008;40.98;10;9932250807;B
20240322;101008;40.98;10;9932250808;B
20240322;101008;40.98;10;9932250809;B
20240322;101008;40.98;10;9932250810;B
20240322;101008;40.99;10;9932250811;B
20240322;101008;40.99;1000;9932250812;B
20240322;101008;40.99;7360;9932250813;B
20240322;101008;40.99;500;9932250814;B
20240322;101008;40.99;240;9932250815;B
20240322;101008;40.99;300;9932250816;B
20240322;101008;41;20;9932250817;B
20240322;101008;41;10;9932250818;B
20240322;101008;41;50;9932250819;B
20240322;101008;41;10;9932250820;B
20240322;101008;41;10;9932250821;B
20240322;101008;41;10;9932250822;B
20240322;101008;41;7360;9932250823;B
20240322;101008;41;7380;9932250824;B
20240322;101008;41;10;9932250825;B
20240322;101013;41.01;100;9932251522;B
20240322;101013;41.01;200;9932251523;B
20240322;101013;41.01;390;9932251524;B
20240322;101013;41.02;20;9932251534;B
20240322;101013;41.02;400;9932251535;B
20240322;101013;41.02;10;9932251536;B
20240322;101013;41.03;20;9932251537;B
20240322;101019;41.02;10;9932252493;S
20240322;101019;41.01;50;9932252494;S
20240322;101021;41.01;130;9932252664;S
20240322;101022;41.03;80;9932252814;B
20240322;101022;41.03;50;9932252815;B
20240322;101031;41.03;1230;9932253992;B
20240322;101031;41.04;20;9932253993;B
20240322;101031;41.04;80;9932253994;B
20240322;101031;41.04;1000;9932253995;B
20240322;101031;41.04;410;9932253996;B
20240322;101031;41.04;320;9932254000;S
20240322;101032;41.04;10;9932254112;S
20240322;101035;41.05;10;9932254509;B
20240322;101035;41.05;10;9932254510;B
20240322;101035;41.05;230;9932254511;B
20240322;101036;41.06;3570;9932254628;B
20240322;101036;41.06;20;9932254629;B
20240322;101036;41.06;10;9932254630;B
20240322;101036;41.06;1550;9932254631;B
20240322;101036;41.04;100;9932254654;S
20240322;101036;41.04;30;9932254660;S
20240322;101038;41.05;10;9932254874;B
20240322;101038;41.06;1450;9932254875;B
20240322;101038;41.06;420;9932254876;B
20240322;101038;41.07;300;9932254877;B
20240322;101038;41.07;100;9932254878;B
20240322;101038;41.07;930;9932254879;B
20240322;101038;41.07;20;9932254894;B
20240322;101038;41.04;10;9932254897;S
20240322;101039;41.08;20;9932255073;B
20240322;101039;41.08;10;9932255074;B
20240322;101039;41.08;10;9932255075;B
20240322;101044;41.06;10;9932255585;S
20240322;101046;41.07;100;9932255820;B
20240322;101046;41.07;420;9932255821;B
20240322;101046;41.07;10;9932255822;B
20240322;101047;41.08;40;9932255929;B
20240322;101047;41.08;3630;9932255930;B
20240322;101050;41.08;300;9932256255;B
20240322;101050;41.08;10;9932256256;B
20240322;101050;41.08;420;9932256257;B
20240322;101050;41.08;140;9932256265;S
20240322;101050;41.08;100;9932256276;S
20240322;101050;41.08;30;9932256280;S
20240322;101050;41.07;30;9932256334;S
20240322;101050;41.08;70;9932256356;B
20240322;101050;41.08;940;9932256357;B
20240322;101050;41.08;100;9932256361;S
20240322;101050;41.08;100;9932256362;S
20240322;101050;41.08;100;9932256364;S
20240322;101050;41.08;100;9932256377;S
20240322;101050;41.08;100;9932256381;S
20240322;101051;41.09;10;9932256382;B
20240322;101051;41.09;280;9932256383;B
20240322;101051;41.09;500;9932256390;B
20240322;101051;41.09;2500;9932256391;B
20240322;101051;41.09;5000;9932256392;B
20240322;101051;41.09;500;9932256393;B
20240322;101051;41.09;500;9932256394;B
20240322;101051;41.09;2500;9932256395;B
20240322;101051;41.09;1000;9932256396;B
20240322;101051;41.09;1000;9932256397;B
20240322;101052;41.07;100;9932256470;S
20240322;101057;41.09;150;9932257201;B
20240322;101057;41.07;20;9932257214;S
20240322;101059;41.07;40;9932257438;S
20240322;101059;41.07;10;9932257462;S
20240322;101108;41.08;70;9932258752;B
20240322;101108;41.07;250;9932258762;S
20240322;101112;41.08;1200;9932259183;B
20240322;101112;41.08;10;9932259199;B
20240322;101121;41.07;20;9932260636;S
20240322;101123;41.07;30;9932260944;S
20240322;101124;41.07;30;9932261087;S
20240322;101130;41.07;10;9932261959;S
20240322;101133;41.08;440;9932262302;B
20240322;101138;41.08;2450;9932262936;S
20240322;101138;41.07;30;9932262941;S
20240322;101138;41.07;30;9932263116;S
20240322;101138;41.07;130;9932263191;S
20240322;101138;41.08;240;9932263224;B
20240322;101139;41.07;90;9932263415;S
20240322;101140;41.08;10;9932263446;B
20240322;101145;41.07;30;9932264032;S
20240322;101147;41.07;40;9932264295;S
20240322;101147;41.08;3900;9932264318;B
20240322;101147;41.08;200;9932264350;B
20240322;101150;41.07;110;9932264685;S
20240322;101150;41.07;1000;9932264686;S
20240322;101150;41.07;1000;9932264687;S
20240322;101150;41.07;1000;9932264688;S
20240322;101150;41.07;15000;9932264689;S
20240322;101150;41.07;1170;9932264690;S
20240322;101150;41.06;720;9932264691;S
20240322;101150;41.06;10;9932264843;S
20240322;101152;41.06;10;9932265055;S
20240322;101152;41.07;10;9932265083;B
20240322;101152;41.06;10;9932265084;S
20240322;101155;41.06;20;9932265401;S
20240322;101155;41.07;120;9932265431;B
20240322;101155;41.06;20;9932265434;S
20240322;101202;41.06;200;9932266477;S
20240322;101202;41.06;1000;9932266478;S
20240322;101202;41.06;10;9932266479;S
20240322;101202;41.06;790;9932266480;S
20240322;101202;41.06;30;9932266665;S
20240322;101203;41.06;30;9932266806;S
20240322;101204;41.06;10;9932266954;S
20240322;101204;41.06;30;9932267038;S
20240322;101205;41.07;10;9932267145;B
20240322;101205;41.06;20;9932267211;S
20240322;101208;41.06;90;9932267846;S
20240322;101208;41.05;80;9932267847;S
20240322;101209;41.04;20;9932268048;S
20240322;101209;41.04;20;9932268049;S
20240322;101209;41.03;80;9932268050;S
20240322;101209;41.03;200;9932268051;S
20240322;101239;41;30;9932272621;S
20240322;101239;41;30;9932272622;S
20240322;101239;41;5000;9932272623;S
20240322;101239;41;500;9932272624;S
20240322;101239;41;350;9932272625;S
20240322;101239;40.99;480;9932272626;S
20240322;101239;40.99;560;9932272627;S
20240322;101239;40.99;470;9932272628;S
20240322;101239;40.98;30;9932272629;S
20240322;101239;40.98;20;9932272630;S
20240322;101239;40.98;730;9932272631;S
20240322;101239;40.98;180;9932272632;S
20240322;101243;41;40;9932273028;B
20240322;101245;40.98;80;9932273547;S
20240322;101249;40.98;10;9932274142;S
20240322;101249;40.97;10;9932274143;S
20240322;101249;40.97;70;9932274144;S
20240322;101252;40.97;60;9932274462;S
20240322;101307;40.98;10;9932276333;S
20240322;101316;41.01;20;9932277550;B
20240322;101323;40.98;30;9932278372;S
20240322;101327;40.98;70;9932278933;S
20240322;101332;41.01;10;9932279511;B
20240322;101335;40.98;10;9932279872;S
20240322;101336;40.98;500;9932279978;S
20240322;101339;41.01;530;9932280338;B
20240322;101339;41.01;10;9932280339;B
20240322;101339;41.01;210;9932280340;B
20240322;101346;41.01;50;9932281330;B
20240322;101350;41.01;20;9932281885;B
20240322;101351;41.01;10;9932281991;B
20240322;101351;41.01;10;9932282059;B
20240322;101352;40.98;50;9932282232;S
20240322;101357;41.01;10;9932282853;B
20240322;101357;41.01;20;9932282920;B
20240322;101358;40.98;80;9932283101;S
20240322;101402;40.98;10;9932283482;S
20240322;101404;40.98;80;9932283878;S
20240322;101406;40.98;100;9932284145;S
20240322;101406;40.98;60;9932284146;S
20240322;101406;40.98;40;9932284147;S
20240322;101406;40.98;100;9932284148;S
20240322;101406;40.98;100;9932284149;S
20240322;101406;40.99;100;9932284150;S
20240322;101406;40.98;60;9932284202;S
20240322;101407;40.98;100;9932284248;S
20240322;101407;40.98;100;9932284251;S
20240322;101407;40.98;100;9932284252;S
20240322;101407;40.98;100;9932284253;S
20240322;101407;40.98;30;9932284254;S
20240322;101407;40.98;10;9932284255;S
20240322;101408;40.97;10;9932284429;S
20240322;101409;40.96;20;9932284573;S
20240322;101409;40.96;30;9932284574;S
20240322;101409;40.96;100;9932284575;S
20240322;101409;40.96;20;9932284576;S
20240322;101409;40.96;80;9932284577;S
20240322;101409;40.96;100;9932284578;S
20240322;101409;40.96;100;9932284579;S
20240322;101409;40.96;100;9932284580;S
20240322;101409;40.96;20;9932284581;S
20240322;101409;40.96;80;9932284632;B
20240322;101409;40.95;100;9932284666;S
20240322;101409;40.96;100;9932284667;S
20240322;101409;40.96;100;9932284668;S
20240322;101409;40.96;100;9932284669;S
20240322;101410;40.96;100;9932284697;S
20240322;101410;40.97;100;9932284700;S
20240322;101410;40.97;100;9932284701;S
20240322;101410;40.97;100;9932284702;S
20240322;101410;40.97;100;9932284703;S
20240322;101411;40.96;100;9932284906;S
20240322;101411;40.96;100;9932284907;S
20240322;101411;40.96;100;9932284908;S
20240322;101411;40.96;100;9932284909;S
20240322;101411;40.96;100;9932284910;S
20240322;101411;40.96;100;9932284911;S
20240322;101411;40.96;100;9932284934;S
20240322;101411;40.96;100;9932284935;S
20240322;101411;40.97;100;9932284936;S
20240322;101411;40.96;100;9932284937;S
20240322;101411;40.97;100;9932284938;S
20240322;101411;40.96;100;9932284939;S
20240322;101411;40.96;100;9932284940;S
20240322;101411;40.97;100;9932284948;S
20240322;101411;40.97;100;9932284952;S
20240322;101411;40.97;100;9932284953;S
20240322;101411;40.97;100;9932284954;S
20240322;101411;40.97;100;9932284955;S
20240322;101411;40.97;100;9932284956;S
20240322;101411;40.97;100;9932284957;S
20240322;101411;40.97;100;9932284958;S
20240322;101411;40.97;100;9932284959;S
20240322;101411;40.97;100;9932284960;S
20240322;101411;40.97;100;9932284961;S
20240322;101411;40.97;100;9932284963;S
20240322;101411;40.97;100;9932284964;S
20240322;101411;40.97;100;9932284965;S
20240322;101411;40.97;10;9932284966;S
20240322;101411;40.97;90;9932284967;B
20240322;101411;40.96;100;9932284970;S
20240322;101411;40.96;100;9932284971;S
20240322;101411;40.96;100;9932284972;S
20240322;101411;40.96;100;9932284973;S
20240322;101411;40.96;100;9932284974;S
20240322;101411;40.96;100;9932284975;S
20240322;101411;40.96;100;9932284976;S
20240322;101411;40.96;100;9932284977;S
20240322;101411;40.96;100;9932284978;S
20240322;101411;40.96;100;9932284979;S
20240322;101411;40.97;100;9932284989;S
20240322;101411;40.96;100;9932285052;S
20240322;101411;40.96;100;9932285053;S
20240322;101411;40.98;80;9932285057;B
20240322;101411;40.98;100;9932285058;S
20240322;101411;40.98;100;9932285059;S
20240322;101411;40.98;100;9932285061;S
20240322;101411;40.98;100;9932285062;S
20240322;101412;40.98;100;9932285103;S
20240322;101412;40.98;100;9932285189;B
20240322;101412;40.98;100;9932285190;S
20240322;101412;40.98;100;9932285191;S
20240322;101412;40.98;100;9932285192;S
20240322;101412;40.98;100;9932285193;S
20240322;101412;40.98;100;9932285202;S
20240322;101412;40.98;100;9932285206;S
20240322;101412;40.98;100;9932285207;S
20240322;101412;40.98;100;9932285208;S
20240322;101412;40.98;100;9932285209;S
20240322;101412;40.98;100;9932285210;S
20240322;101412;40.98;100;9932285211;S
20240322;101412;40.98;100;9932285213;S
20240322;101412;40.98;100;9932285214;S
20240322;101412;40.98;10;9932285215;S
20240322;101412;40.98;90;9932285216;B
20240322;101412;40.98;100;9932285217;S
20240322;101412;40.98;100;9932285218;S
20240322;101412;40.98;100;9932285219;S
20240322;101412;40.98;100;9932285220;S
20240322;101412;40.98;100;9932285221;S
20240322;101413;40.97;100;9932285290;S
20240322;101413;40.97;100;9932285291;S
20240322;101413;40.97;100;9932285292;S
20240322;101413;40.96;100;9932285293;S
20240322;101413;40.96;100;9932285294;S
20240322;101413;40.96;100;9932285295;S
20240322;101413;40.96;100;9932285296;S
20240322;101413;40.97;100;9932285297;S
20240322;101414;40.96;100;9932285459;S
20240322;101414;40.96;100;9932285468;S
20240322;101414;40.96;100;9932285469;S
20240322;101414;40.96;100;9932285470;S
20240322;101414;40.96;100;9932285471;S
20240322;101414;40.96;100;9932285472;S
20240322;101414;40.96;100;9932285473;S
20240322;101414;40.96;100;9932285474;S
20240322;101414;40.96;100;9932285475;S
20240322;101414;40.96;100;9932285476;S
20240322;101414;40.96;100;9932285477;S
20240322;101414;40.96;100;9932285478;S
20240322;101414;40.96;100;9932285479;S
20240322;101414;40.96;100;9932285480;S
20240322;101414;40.96;100;9932285481;S
20240322;101414;40.95;100;9932285482;S
20240322;101414;40.96;100;9932285483;S
20240322;101414;40.95;100;9932285484;S
20240322;101414;40.96;100;9932285485;S
20240322;101414;40.96;100;9932285486;S
20240322;101415;40.95;100;9932285591;S
20240322;101415;40.95;100;9932285592;S
20240322;101415;40.95;100;9932285593;S
20240322;101415;40.95;100;9932285594;S
20240322;101415;40.97;100;9932285595;B
20240322;101416;40.94;20;9932285797;S
20240322;101416;40.94;80;9932285798;S
20240322;101416;40.94;100;9932285799;S
20240322;101416;40.94;100;9932285800;S
20240322;101416;40.95;100;9932285801;S
20240322;101416;40.94;60;9932285802;S
20240322;101416;40.94;40;9932285803;S
20240322;101416;40.95;100;9932285804;S
20240322;101416;40.95;100;9932285848;S
20240322;101416;40.95;10;9932285892;S
20240322;101416;40.95;100;9932285893;S
20240322;101417;40.95;100;9932286037;S
20240322;101417;40.96;100;9932286090;S
20240322;101417;40.96;100;9932286091;S
20240322;101417;40.96;100;9932286092;S
20240322;101417;40.97;100;9932286093;S
20240322;101417;40.97;100;9932286094;S
20240322;101417;40.97;100;9932286095;S
20240322;101417;40.96;100;9932286096;S
20240322;101417;40.96;100;9932286097;S
20240322;101417;40.96;100;9932286098;S
20240322;101417;40.96;100;9932286100;B
20240322;101417;40.96;100;9932286101;S
20240322;101417;40.97;100;9932286102;S
20240322;101417;40.97;100;9932286150;S
20240322;101417;40.97;100;9932286151;S
20240322;101417;40.97;100;9932286152;S
20240322;101417;40.97;100;9932286153;S
20240322;101417;40.97;100;9932286154;S
20240322;101417;40.97;100;9932286155;S
20240322;101418;40.97;100;9932286215;S
20240322;101419;40.97;100;9932286398;S
20240322;101420;40.97;100;9932286531;S
20240322;101420;40.97;100;9932286532;S
20240322;101420;40.97;100;9932286669;S
20240322;101421;40.97;100;9932286670;S
20240322;101421;40.97;100;9932286837;S
20240322;101421;40.97;100;9932286838;S
20240322;101421;40.97;100;9932286881;S
20240322;101422;40.97;100;9932286900;S
20240322;101423;40.97;100;9932287055;S
20240322;101423;40.98;10;9932287140;B
20240322;101423;40.97;100;9932287141;B
20240322;101423;40.97;100;9932287142;B
20240322;101423;40.97;100;9932287143;S
20240322;101423;40.99;100;9932287144;B
20240322;101423;40.96;100;9932287145;S
20240322;101423;40.99;100;9932287147;B
20240322;101423;40.96;100;9932287148;S
20240322;101423;40.96;100;9932287149;S
20240322;101423;40.97;100;9932287150;S
20240322;101423;40.96;100;9932287151;S
20240322;101423;40.97;100;9932287152;S
20240322;101423;40.99;100;9932287153;B
20240322;101423;40.99;100;9932287154;B
20240322;101423;40.97;100;9932287155;S
20240322;101423;40.99;100;9932287156;B
20240322;101423;40.96;100;9932287157;S
20240322;101423;40.96;100;9932287158;S
20240322;101423;40.97;100;9932287160;S
20240322;101423;40.99;100;9932287163;B
20240322;101423;40.97;100;9932287164;S
20240322;101424;40.96;100;9932287224;S
20240322;101424;40.96;100;9932287225;S
20240322;101424;40.97;100;9932287226;S
20240322;101424;40.99;100;9932287227;B
20240322;101424;40.96;100;9932287228;S
20240322;101424;40.99;100;9932287229;B
20240322;101424;40.96;100;9932287230;S
20240322;101424;40.99;100;9932287231;B
20240322;101424;40.96;100;9932287232;S
20240322;101424;40.96;100;9932287234;S
20240322;101424;40.96;100;9932287235;S
20240322;101424;40.96;100;9932287236;S
20240322;101424;40.96;100;9932287237;S
20240322;101424;40.96;100;9932287239;S
20240322;101424;40.96;100;9932287240;S
20240322;101424;40.96;40;9932287241;S
20240322;101424;40.96;60;9932287242;S
20240322;101424;40.96;40;9932287243;S
20240322;101424;40.96;60;9932287244;S
20240322;101424;40.96;40;9932287245;S
20240322;101424;40.96;60;9932287246;S
20240322;101424;40.96;40;9932287247;S
20240322;101424;40.96;60;9932287248;S
20240322;101424;40.96;100;9932287249;S
20240322;101424;40.96;100;9932287250;S
20240322;101424;40.96;100;9932287251;S
20240322;101424;40.96;100;9932287252;S
20240322;101424;40.96;100;9932287253;S
20240322;101424;40.96;100;9932287254;S
20240322;101424;40.95;100;9932287256;S
20240322;101424;40.96;100;9932287257;S
20240322;101424;40.99;60;9932287260;B
20240322;101424;40.95;100;9932287261;S
20240322;101424;40.95;100;9932287262;S
20240322;101424;40.99;100;9932287263;B
20240322;101424;40.99;400;9932287264;B
20240322;101424;40.95;100;9932287265;S
20240322;101424;40.95;100;9932287266;S
20240322;101424;40.95;100;9932287268;S
20240322;101424;40.95;100;9932287270;S
20240322;101424;41;440;9932287271;B
20240322;101424;40.95;100;9932287272;S
20240322;101424;40.95;100;9932287273;S
20240322;101424;40.95;100;9932287274;S
20240322;101424;40.95;100;9932287275;S
20240322;101424;40.99;100;9932287276;B
20240322;101424;41;400;9932287277;B
20240322;101424;40.95;100;9932287278;S
20240322;101425;40.96;100;9932287424;S
20240322;101425;40.96;100;9932287425;S
20240322;101425;40.96;100;9932287426;S
20240322;101425;40.96;100;9932287427;S
20240322;101425;40.95;100;9932287428;S
20240322;101425;40.95;60;9932287429;S
20240322;101426;40.94;40;9932287598;S
20240322;101426;40.97;100;9932287610;B
20240322;101426;40.94;100;9932287611;S
20240322;101426;40.97;100;9932287612;B
20240322;101426;40.94;100;9932287613;S
20240322;101426;40.97;100;9932287614;B
20240322;101426;40.94;100;9932287615;S
20240322;101426;40.97;100;9932287618;B
20240322;101426;40.94;100;9932287620;S
20240322;101426;40.97;60;9932287622;B
20240322;101426;40.97;40;9932287623;S
20240322;101426;40.94;60;9932287624;S
20240322;101426;40.97;100;9932287625;S
20240322;101426;40.97;100;9932287626;S
20240322;101426;40.98;100;9932287627;S
20240322;101426;40.98;100;9932287628;S
20240322;101426;40.98;100;9932287629;S
20240322;101426;40.98;100;9932287633;S
20240322;101426;40.99;100;9932287634;S
20240322;101426;40.98;100;9932287635;S
20240322;101426;40.98;100;9932287636;S
20240322;101426;40.95;100;9932287637;S
20240322;101426;40.99;100;9932287670;B
20240322;101426;41;20;9932287671;B
20240322;101427;40.99;100;9932287809;B
20240322;101427;40.95;100;9932287810;S
20240322;101427;40.95;100;9932287811;S
20240322;101427;40.99;100;9932287812;B
20240322;101427;40.98;100;9932287813;B
20240322;101427;40.95;100;9932287814;S
20240322;101427;40.98;100;9932287815;S
20240322;101427;40.98;100;9932287816;B
20240322;101427;40.95;100;9932287817;S
20240322;101427;40.98;100;9932287818;B
20240322;101427;40.95;60;9932287819;S
20240322;101428;40.94;40;9932288035;S
20240322;101428;40.98;100;9932288036;B
20240322;101428;40.94;100;9932288037;S
20240322;101428;40.97;60;9932288038;B
20240322;101428;40.98;40;9932288039;B
20240322;101428;40.94;100;9932288040;S
20240322;101428;40.94;100;9932288041;S
20240322;101428;40.98;100;9932288042;B
20240322;101428;40.94;100;9932288043;S
20240322;101428;40.98;100;9932288044;B
20240322;101429;40.98;100;9932288273;B
20240322;101429;40.94;100;9932288274;S
20240322;101429;40.94;100;9932288275;S
20240322;101429;40.98;100;9932288276;B
20240322;101429;40.98;100;9932288277;B
20240322;101429;40.94;100;9932288278;S
20240322;101429;40.98;100;9932288280;B
20240322;101429;40.94;100;9932288281;S
20240322;101429;40.98;100;9932288282;B
20240322;101429;40.94;100;9932288283;S
20240322;101429;40.98;100;9932288284;B
20240322;101429;40.94;100;9932288285;S
20240322;101429;40.98;100;9932288286;B
20240322;101429;40.94;100;9932288287;S
20240322;101429;40.94;100;9932288288;S
20240322;101429;40.98;100;9932288289;B
20240322;101429;40.94;100;9932288290;S
20240322;101429;40.98;100;9932288291;B
20240322;101429;40.97;100;9932288292;B
20240322;101429;40.94;100;9932288293;S
20240322;101429;40.94;100;9932288294;S
20240322;101429;40.97;100;9932288295;B
20240322;101429;40.97;100;9932288296;B
20240322;101429;40.98;400;9932288297;B
20240322;101429;40.94;100;9932288298;S
20240322;101429;40.98;100;9932288299;B
20240322;101430;40.94;60;9932288394;S
20240322;101430;40.94;40;9932288395;B
20240322;101430;40.97;60;9932288396;B
20240322;101430;40.94;100;9932288397;S
20240322;101430;40.95;100;9932288399;S
20240322;101430;40.99;100;9932288400;B
20240322;101430;40.99;100;9932288401;B
20240322;101431;40.93;100;9932288561;S
20240322;101431;40.93;100;9932288562;S
20240322;101431;40.97;100;9932288563;B
20240322;101431;40.94;100;9932288564;S
20240322;101431;40.97;100;9932288565;B
20240322;101431;40.93;100;9932288566;S
20240322;101431;40.94;100;9932288567;S
20240322;101431;40.97;100;9932288568;S
20240322;101431;40.98;100;9932288569;B
20240322;101431;40.94;100;9932288570;S
20240322;101431;40.98;100;9932288571;S
20240322;101431;40.95;100;9932288572;S
20240322;101431;40.94;100;9932288573;S
20240322;101431;40.94;100;9932288574;S
20240322;101431;40.94;100;9932288575;S
20240322;101431;40.94;60;9932288576;S
20240322;101431;40.94;40;9932288577;S
20240322;101431;40.95;100;9932288586;S
20240322;101431;40.95;100;9932288588;S
20240322;101431;40.95;100;9932288589;S
20240322;101431;40.95;100;9932288590;S
20240322;101431;40.95;100;9932288591;S
20240322;101431;40.96;100;9932288660;S
20240322;101431;40.96;100;9932288661;S
20240322;101431;40.96;100;9932288662;S
20240322;101431;40.96;100;9932288663;S
20240322;101431;40.96;100;9932288664;S
20240322;101431;40.99;100;9932288665;B
20240322;101431;40.96;100;9932288666;S
20240322;101431;40.96;100;9932288667;S
20240322;101431;40.96;100;9932288668;S
20240322;101431;40.96;100;9932288669;S
20240322;101431;40.99;500;9932288670;B
20240322;101431;40.96;100;9932288671;S
20240322;101431;40.96;100;9932288672;S
20240322;101431;40.96;100;9932288673;S
20240322;101431;40.96;100;9932288674;S
20240322;101431;40.96;100;9932288675;S
20240322;101431;40.96;10;9932288676;S
20240322;101431;40.96;90;9932288677;B
20240322;101431;40.96;100;9932288678;S
20240322;101431;40.96;100;9932288679;S
20240322;101431;40.96;100;9932288680;S
20240322;101431;40.96;100;9932288681;S
20240322;101431;40.96;100;9932288682;S
20240322;101431;40.96;100;9932288683;S
20240322;101431;40.96;100;9932288684;S
20240322;101431;40.96;100;9932288685;S
20240322;101431;40.96;100;9932288686;S
20240322;101431;40.96;100;9932288687;S
20240322;101431;40.99;60;9932288688;B
20240322;101431;40.99;40;9932288689;S
20240322;101431;40.96;60;9932288690;S
20240322;101431;40.99;100;9932288691;S
20240322;101431;40.99;100;9932288692;S
20240322;101431;40.99;100;9932288693;B
20240322;101431;40.96;100;9932288694;S
20240322;101431;40.99;100;9932288695;B
20240322;101431;40.96;100;9932288696;S
20240322;101431;40.99;100;9932288697;B
20240322;101431;40.96;60;9932288698;S
20240322;101431;40.96;40;9932288699;B
20240322;101431;40.97;100;9932288700;S
20240322;101431;40.97;100;9932288701;S
20240322;101432;40.97;100;9932288769;S
20240322;101432;40.97;100;9932288770;S
20240322;101432;40.97;100;9932288771;S
20240322;101432;40.97;60;9932288772;S
20240322;101433;40.96;40;9932288878;S
20240322;101433;40.96;20;9932288879;S
20240322;101433;40.96;80;9932288896;B
20240322;101433;40.96;100;9932288897;S
20240322;101433;40.98;100;9932288898;B
20240322;101433;40.96;100;9932288899;S
20240322;101433;40.98;100;9932288901;B
20240322;101433;40.96;100;9932288902;S
20240322;101433;40.98;100;9932288903;B
20240322;101433;40.96;100;9932288904;S
20240322;101433;40.98;100;9932288905;B
20240322;101433;40.96;100;9932288906;S
20240322;101433;40.98;100;9932288907;B
20240322;101433;40.96;100;9932288908;S
20240322;101433;40.98;100;9932288909;B
20240322;101433;40.96;100;9932288910;S
20240322;101433;40.98;100;9932288911;B
20240322;101433;40.96;100;9932288912;S
20240322;101433;40.98;100;9932288913;B
20240322;101433;40.96;100;9932288914;S
20240322;101433;40.98;100;9932288918;B
20240322;101433;40.96;100;9932288919;S
20240322;101433;40.98;100;9932288920;B
20240322;101433;40.96;100;9932288921;S
20240322;101433;40.98;100;9932288922;B
20240322;101433;40.96;100;9932288923;S
20240322;101433;40.98;100;9932288924;B
20240322;101433;40.96;100;9932288925;S
20240322;101433;40.98;100;9932288926;B
20240322;101433;40.96;30;9932288927;S
20240322;101433;40.96;70;9932288928;S
20240322;101433;40.98;100;9932288929;B
20240322;101433;40.96;30;9932288930;S
20240322;101433;40.96;70;9932288931;B
20240322;101433;40.96;100;9932288932;S
20240322;101433;40.96;100;9932288933;S
20240322;101433;40.96;100;9932288949;S
20240322;101433;40.96;100;9932289033;S
20240322;101433;40.97;100;9932289034;S
20240322;101434;40.96;100;9932289055;S
20240322;101434;40.96;100;9932289058;S
20240322;101434;40.96;100;9932289118;S
20240322;101435;40.96;100;9932289164;S
20240322;101435;40.96;100;9932289313;S
20240322;101436;40.96;100;9932289314;S
20240322;101436;40.97;100;9932289315;S
20240322;101436;40.98;100;9932289316;S
20240322;101436;40.96;100;9932289318;S
20240322;101436;40.97;100;9932289319;S
20240322;101436;40.96;100;9932289320;S
20240322;101436;40.98;100;9932289321;S
20240322;101437;40.97;100;9932289436;S
20240322;101437;40.97;100;9932289440;S
20240322;101437;40.97;100;9932289441;S
20240322;101437;40.96;100;9932289444;S
20240322;101437;40.96;100;9932289445;B
20240322;101437;40.96;100;9932289446;S
20240322;101437;40.96;100;9932289447;S
20240322;101437;40.96;100;9932289448;S
20240322;101437;40.98;100;9932289449;S
20240322;101437;40.98;100;9932289451;S
20240322;101438;40.96;100;9932289549;S
20240322;101438;40.96;100;9932289552;S
20240322;101438;40.96;100;9932289553;S
20240322;101438;40.97;100;9932289554;S
20240322;101438;40.97;100;9932289556;S
20240322;101438;40.96;100;9932289557;S
20240322;101438;40.96;100;9932289558;S
20240322;101438;40.96;100;9932289559;S
20240322;101438;40.97;100;9932289560;S
20240322;101438;40.96;410;9932289572;S
20240322;101438;40.94;860;9932289573;S
20240322;101438;40.93;2900;9932289574;S
20240322;101438;40.92;20;9932289575;S
20240322;101438;40.92;10;9932289576;S
20240322;101438;40.92;790;9932289577;S
20240322;101439;40.93;100;9932289693;S
20240322;101439;40.93;100;9932289694;S
20240322;101439;40.96;20;9932289695;B
20240322;101439;40.96;80;9932289696;B
20240322;101439;40.96;100;9932289703;B
20240322;101439;40.93;100;9932289704;S
20240322;101439;40.96;100;9932289705;S
20240322;101439;40.96;100;9932289706;S
20240322;101439;40.96;100;9932289707;B
20240322;101439;40.93;390;9932289813;S
20240322;101440;40.93;100;9932289814;S
20240322;101440;40.97;80;9932289816;B
20240322;101440;40.97;420;9932289817;B
20240322;101440;40.93;100;9932289818;S
20240322;101440;40.97;40;9932289820;B
20240322;101440;40.97;60;9932289821;S
20240322;101440;40.93;40;9932289822;S
20240322;101440;40.93;100;9932289921;S
20240322;101440;40.97;100;9932289922;B
20240322;101440;40.97;100;9932289923;B
20240322;101440;40.93;100;9932289924;S
20240322;101440;40.97;100;9932289926;B
20240322;101440;40.93;100;9932289927;S
20240322;101440;40.97;100;9932289928;S
20240322;101440;40.97;100;9932289929;B
20240322;101440;40.93;100;9932289930;S
20240322;101440;40.97;100;9932289931;B
20240322;101440;40.93;80;9932289932;S
20240322;101440;40.93;20;9932289933;S
20240322;101440;40.95;100;9932289934;S
20240322;101440;40.95;100;9932289936;S
20240322;101440;40.95;100;9932289953;S
20240322;101440;40.95;100;9932289954;S
20240322;101440;40.95;100;9932289991;S
20240322;101441;40.98;100;9932290085;B
20240322;101441;40.98;1900;9932290086;B
20240322;101441;40.95;100;9932290087;S
20240322;101441;40.95;100;9932290088;S
20240322;101441;40.96;100;9932290089;S
20240322;101441;40.98;100;9932290090;B
20240322;101441;40.96;100;9932290091;S
20240322;101441;40.95;100;9932290092;S
20240322;101441;40.98;100;9932290093;B
20240322;101441;40.95;100;9932290094;S
20240322;101441;40.98;100;9932290095;B
20240322;101441;40.95;100;9932290096;S
20240322;101441;40.96;100;9932290097;S
20240322;101441;40.95;100;9932290098;S
20240322;101441;40.98;100;9932290099;B
20240322;101441;40.95;100;9932290100;S
20240322;101441;40.97;100;9932290101;B
20240322;101441;40.95;100;9932290102;S
20240322;101441;40.95;60;9932290103;S
20240322;101441;40.95;40;9932290104;S
20240322;101441;40.95;60;9932290105;S
20240322;101441;40.95;40;9932290106;S
20240322;101441;40.95;60;9932290109;S
20240322;101441;40.95;40;9932290110;S
20240322;101442;40.95;60;9932290131;S
20240322;101442;40.95;40;9932290132;S
20240322;101442;40.95;60;9932290134;S
20240322;101442;40.95;40;9932290135;S
20240322;101442;40.96;100;9932290136;S
20240322;101442;40.97;100;9932290137;S
20240322;101442;40.95;60;9932290138;S
20240322;101442;40.95;40;9932290139;S
20240322;101442;40.96;100;9932290140;S
20240322;101442;40.97;100;9932290141;S
20240322;101442;40.97;100;9932290142;S
20240322;101442;40.97;100;9932290143;S
20240322;101442;40.96;100;9932290144;S
20240322;101442;40.98;100;9932290145;B
20240322;101442;40.96;100;9932290146;S
20240322;101442;40.95;60;9932290147;S
20240322;101442;40.95;40;9932290148;S
20240322;101442;40.98;100;9932290149;B
20240322;101442;40.98;100;9932290151;B
20240322;101442;40.95;60;9932290152;S
20240322;101442;40.95;40;9932290153;S
20240322;101442;40.95;100;9932290154;S
20240322;101442;40.95;100;9932290155;S
20240322;101442;40.95;100;9932290156;S
20240322;101442;40.98;100;9932290157;B
20240322;101442;40.96;100;9932290158;S
20240322;101442;40.95;100;9932290161;S
20240322;101442;40.96;100;9932290162;S
20240322;101442;40.98;50;9932290242;B
20240322;101444;40.96;100;9932290452;S
20240322;101444;40.96;100;9932290453;S
20240322;101444;40.97;100;9932290454;S
20240322;101444;40.98;10;9932290455;B
20240322;101444;40.99;100;9932290456;B
20240322;101444;40.95;100;9932290457;S
20240322;101444;40.95;20;9932290458;S
20240322;101444;40.95;80;9932290459;S
20240322;101444;40.98;100;9932290460;B
20240322;101444;40.98;100;9932290462;B
20240322;101444;40.95;100;9932290463;S
20240322;101444;40.98;100;9932290464;B
20240322;101445;40.94;100;9932290476;S
20240322;101445;40.94;100;9932290477;S
20240322;101445;40.98;140;9932290478;B
20240322;101445;40.94;100;9932290479;S
20240322;101445;40.98;120;9932290480;B
20240322;101445;40.94;100;9932290482;S
20240322;101445;40.94;100;9932290483;S
20240322;101445;40.98;100;9932290484;B
20240322;101445;40.94;100;9932290485;S
20240322;101445;40.98;200;9932290486;B
20240322;101445;40.94;100;9932290487;S
20240322;101445;40.94;60;9932290488;S
20240322;101445;40.94;40;9932290489;S
20240322;101445;40.98;100;9932290490;B
20240322;101445;40.94;60;9932290491;S
20240322;101445;40.94;40;9932290492;S
20240322;101445;40.98;160;9932290497;B
20240322;101445;40.94;100;9932290498;S
20240322;101445;40.94;100;9932290499;S
20240322;101445;40.96;100;9932290517;S
20240322;101445;40.96;100;9932290518;S
20240322;101445;40.96;100;9932290519;S
20240322;101445;40.96;100;9932290520;S
20240322;101446;40.96;100;9932290640;S
20240322;101446;40.96;60;9932290644;S
20240322;101446;40.96;40;9932290645;S
20240322;101446;40.96;60;9932290646;S
20240322;101446;40.96;40;9932290647;S
20240322;101446;40.96;60;9932290648;S
20240322;101446;40.96;40;9932290649;S
20240322;101446;40.96;60;9932290651;S
20240322;101446;40.96;40;9932290652;S
20240322;101446;40.96;100;9932290653;S
20240322;101446;40.96;100;9932290654;S
20240322;101446;40.96;100;9932290655;S
20240322;101446;40.96;100;9932290656;S
20240322;101446;40.96;100;9932290657;S
20240322;101447;40.96;100;9932290762;S
20240322;101447;40.97;100;9932290764;S
20240322;101447;40.96;100;9932290765;S
20240322;101447;40.98;100;9932290766;S
20240322;101447;40.96;100;9932290768;S
20240322;101447;40.95;100;9932290769;S
20240322;101447;40.96;100;9932290770;S
20240322;101447;40.95;100;9932290774;S
20240322;101447;40.99;100;9932290775;B
20240322;101447;40.99;100;9932290776;B
20240322;101447;40.96;100;9932290777;S
20240322;101447;40.99;100;9932290778;B
20240322;101447;40.95;100;9932290779;B
20240322;101447;40.95;100;9932290795;S
20240322;101447;40.95;100;9932290796;S
20240322;101447;40.98;100;9932290797;B
20240322;101447;40.95;100;9932290798;S
20240322;101447;40.98;100;9932290799;B
20240322;101447;40.95;100;9932290800;S
20240322;101447;40.98;100;9932290801;B
20240322;101447;40.95;100;9932290802;S
20240322;101447;40.98;100;9932290803;B
20240322;101447;40.95;100;9932290804;S
20240322;101447;40.96;100;9932290805;S
20240322;101447;40.95;100;9932290826;S
20240322;101447;40.96;100;9932290827;S
20240322;101448;40.96;100;9932291003;S
20240322;101448;40.96;100;9932291004;S
20240322;101448;40.96;100;9932291005;S
20240322;101448;40.96;100;9932291116;S
20240322;101448;40.96;100;9932291117;S
20240322;101448;40.96;100;9932291118;S
20240322;101449;40.96;100;9932291147;S
20240322;101449;40.96;100;9932291150;S
20240322;101449;40.98;100;9932291151;B
20240322;101449;40.97;100;9932291152;S
20240322;101457;40.97;30;9932292060;S
20240322;101458;40.98;10;9932292182;B
20240322;101500;40.97;10;9932292429;S
20240322;101501;40.97;10;9932292700;S
20240322;101503;40.97;20;9932292950;S
20240322;101503;40.98;50;9932293055;B
20240322;101503;40.98;50;9932293056;B
20240322;101505;40.97;10;9932293258;S
20240322;101508;40.97;20;9932293751;S
20240322;101515;40.96;100;9932295529;S
20240322;101515;40.96;100;9932295530;S
20240322;101515;40.96;100;9932295531;S
20240322;101515;40.95;320;9932295532;S
20240322;101515;40.95;50;9932295533;S
20240322;101515;40.94;560;9932295534;S
20240322;101515;40.94;300;9932295535;S
20240322;101515;40.93;5910;9932295536;S
20240322;101518;40.93;120;9932295994;S
20240322;101531;40.97;10;9932298972;B
20240322;101536;40.93;10;9932299809;S
20240322;101536;40.97;40;9932299835;B
20240322;101540;40.93;330;9932300207;S
20240322;101542;40.97;10;9932300492;B
20240322;101619;40.96;200;9932306317;B
20240322;101620;40.96;300;9932306421;B
20240322;101620;40.96;230;9932306422;B
20240322;101620;40.97;310;9932306482;B
20240322;101625;40.97;10;9932307247;B
20240322;101626;40.93;20;9932307425;S
20240322;101631;40.93;80;9932308239;S
20240322;101631;40.93;150;9932308275;S
20240322;101639;40.93;10;9932309587;S
20240322;101651;40.91;10;9932310923;S
20240322;101651;40.91;20;9932310924;S
20240322;101651;40.9;10;9932310983;S
20240322;101651;40.9;20;9932310984;S
20240322;101651;40.9;20;9932310985;S
20240322;101651;40.9;10;9932310986;S
20240322;101651;40.9;140;9932310987;S
20240322;101652;40.9;260;9932311010;S
20240322;101652;40.9;190;9932311011;S
20240322;101704;40.93;370;9932312560;B
20240322;101704;40.94;120;9932312561;B
20240322;101708;40.94;450;9932313300;B
20240322;101708;40.94;10;9932313301;B
20240322;101708;40.94;1540;9932313302;B
20240322;101713;40.93;10;9932314317;B
20240322;101713;40.93;370;9932314318;B
20240322;101713;40.94;2620;9932314319;B
20240322;101715;40.94;30;9932314523;B
20240322;101727;40.9;10;9932316224;S
20240322;101729;40.9;200;9932316468;S
20240322;101729;40.9;50;9932316469;S
20240322;101729;40.9;10;9932316470;S
20240322;101729;40.9;560;9932316471;S
20240322;101729;40.9;10;9932316472;S
20240322;101729;40.9;10;9932316473;S
20240322;101729;40.9;10;9932316474;S
20240322;101729;40.9;80;9932316475;S
20240322;101732;40.88;10;9932316781;S
20240322;101734;40.9;10;9932316987;B
20240322;101735;40.88;40;9932317047;S
20240322;101735;40.88;20;9932317048;S
20240322;101735;40.88;10;9932317049;S
20240322;101735;40.88;330;9932317050;S
20240322;101735;40.88;1920;9932317155;S
20240322;101735;40.88;50;9932317156;S
20240322;101735;40.87;1000;9932317157;S
20240322;101735;40.87;10;9932317158;S
20240322;101735;40.87;8790;9932317159;S
20240322;101735;40.87;10;9932317160;S
20240322;101735;40.87;380;9932317161;S
20240322;101735;40.86;20;9932317162;S
20240322;101735;40.86;150;9932317163;S
20240322;101735;40.85;10;9932317164;S
20240322;101735;40.85;10;9932317165;S
20240322;101735;40.85;10;9932317166;S
20240322;101735;40.85;50;9932317167;S
20240322;101735;40.85;2700;9932317168;S
20240322;101735;40.85;570;9932317169;S
20240322;101735;40.85;2450;9932317170;S
20240322;101735;40.85;700;9932317171;S
20240322;101735;40.84;1500;9932317172;S
20240322;101735;40.84;30;9932317173;S
20240322;101735;40.84;20;9932317174;S
20240322;101735;40.84;100;9932317175;S
20240322;101735;40.84;10000;9932317176;S
20240322;101735;40.82;20;9932317177;S
20240322;101735;40.82;1000;9932317178;S
20240322;101735;40.82;1000;9932317179;S
20240322;101735;40.82;10;9932317180;S
20240322;101735;40.82;10;9932317181;S
20240322;101735;40.82;810;9932317182;S
20240322;101736;40.87;10;9932317241;B
20240322;101737;40.86;70;9932317472;B
20240322;101739;40.86;50;9932317689;B
20240322;101739;40.86;390;9932317690;S
20240322;101739;40.86;10;9932317752;B
20240322;101741;40.87;300;9932317913;B
20240322;101742;40.86;10;9932318087;S
20240322;101743;40.86;100;9932318223;S
20240322;101743;40.86;500;9932318254;S
20240322;101746;40.86;190;9932318690;S
20240322;101746;40.86;300;9932318691;S
20240322;101747;40.87;500;9932318720;B
20240322;101747;40.87;60;9932318730;B
20240322;101747;40.87;8620;9932318763;B
20240322;101747;40.88;580;9932318764;B
20240322;101747;40.88;10;9932318765;B
20240322;101747;40.88;390;9932318766;B
20240322;101747;40.89;80;9932318767;B
20240322;101747;40.9;320;9932318768;B
20240322;101750;40.87;190;9932319197;S
20240322;101750;40.89;10;9932319223;B
20240322;101756;40.87;2450;9932320134;S
20240322;101756;40.87;1650;9932320135;S
20240322;101757;40.87;20;9932320248;S
20240322;101758;40.89;120;9932320395;B
20240322;101758;40.87;10;9932320438;S
20240322;101758;40.89;10;9932320443;B
20240322;101804;40.89;10;9932321352;B
20240322;101814;40.87;10;9932322904;S
20240322;101814;40.87;120;9932322927;S
20240322;101829;40.87;250;9932324849;S
20240322;101829;40.89;20;9932324891;B
20240322;101837;40.89;120;9932326088;B
20240322;101845;40.88;10;9932326990;B
20240322;101850;40.88;10;9932327763;B
20240322;101851;40.87;120;9932327884;S
20240322;101853;40.87;400;9932328183;S
20240322;101855;40.87;10;9932328389;S
20240322;101856;40.88;30;9932328514;B
20240322;101857;40.88;10;9932328557;B
20240322;101909;40.88;20;9932330265;B
20240322;101911;40.88;10;9932330486;B
20240322;101911;40.87;900;9932330552;S
20240322;101914;40.88;30;9932330915;B
20240322;101914;40.89;20;9932330916;B
20240322;101914;40.87;10;9932330923;S
20240322;101917;40.89;30;9932331155;B
20240322;101925;40.87;200;9932331938;S
20240322;101952;40.87;20;9932335772;S
20240322;101953;40.87;50;9932335846;S
20240322;102009;40.89;100;9932338679;B
20240322;102009;40.89;100;9932338695;B
20240322;102009;40.89;150;9932338696;B
20240322;102010;40.87;10;9932339055;S
20240322;102013;40.89;70;9932339783;B
20240322;102014;40.89;360;9932339848;B
20240322;102016;40.88;30;9932340756;S
20240322;102016;40.89;80;9932340762;B
20240322;102016;40.89;100;9932340763;B
20240322;102022;40.88;20;9932343797;S
20240322;102022;40.88;20;9932344282;S
20240322;102031;40.89;70;9932350042;B
20240322;102031;40.88;10;9932350059;S
20240322;102033;40.88;20;9932351293;S
20240322;102033;40.88;100;9932351294;S
20240322;102033;40.88;10;9932351295;S
20240322;102033;40.87;170;9932351296;S
20240322;102040;40.88;10;9932353532;S
20240322;102040;40.88;20;9932353533;S
20240322;102040;40.89;10;9932353545;B
20240322;102041;40.89;200;9932354246;B
20240322;102042;40.88;120;9932355031;S
20240322;102043;40.88;10;9932355195;S
20240322;102044;40.89;150;9932355258;B
20240322;102044;40.88;100;9932355307;S
20240322;102045;40.88;10;9932355505;S
20240322;102046;40.88;10;9932355638;S
20240322;102051;40.89;130;9932357662;B
20240322;102051;40.89;300;9932357663;B
20240322;102051;40.89;500;9932357664;B
20240322;102051;40.89;10;9932357665;B
20240322;102051;40.89;30;9932357666;B
20240322;102051;40.89;50;9932357667;B
20240322;102051;40.89;10;9932357668;B
20240322;102051;40.89;10;9932357669;B
20240322;102051;40.89;400;9932357670;B
20240322;102051;40.89;40;9932357671;B
20240322;102051;40.89;10;9932357676;S
20240322;102051;40.89;10;9932357679;S
20240322;102051;40.89;10;9932357683;S
20240322;102051;40.89;10;9932357692;S
20240322;102053;40.89;200;9932358286;S
20240322;102054;40.9;2000;9932358748;B
20240322;102055;40.9;2000;9932358952;B
20240322;102056;40.89;20;9932359257;S
20240322;102056;40.9;2000;9932359372;B
20240322;102057;40.89;20;9932359493;S
20240322;102057;40.89;10;9932359509;S
20240322;102057;40.89;10;9932359519;S
20240322;102057;40.89;10;9932359526;S
20240322;102058;40.89;10;9932359531;S
20240322;102058;40.9;2000;9932359543;B
20240322;102059;40.9;2000;9932359879;B
20240322;102101;40.89;50;9932360476;S
20240322;102104;40.89;30;9932361721;S
20240322;102105;40.89;10;9932361779;S
20240322;102105;40.9;400;9932361816;B
20240322;102107;40.91;30;9932362593;S
20240322;102107;40.91;10;9932362626;S
20240322;102107;40.91;10;9932362633;S
20240322;102107;40.91;10;9932362639;S
20240322;102108;40.91;10;9932362648;S
20240322;102108;40.91;10;9932362655;S
20240322;102108;40.91;10;9932362670;S
20240322;102108;40.91;10;9932362688;S
20240322;102108;40.91;10;9932362694;S
20240322;102108;40.91;10;9932362707;S
20240322;102110;40.92;20;9932362928;B
20240322;102110;40.94;20;9932362929;B
20240322;102110;40.94;10;9932362930;B
20240322;102110;40.91;20;9932362979;S
20240322;102114;40.91;30;9932363870;S
20240322;102114;40.91;10;9932363885;S
20240322;102116;40.94;10;9932365222;B
20240322;102116;40.95;10;9932365504;B
20240322;102121;40.95;120;9932366179;B
20240322;102121;40.91;20;9932366180;S
20240322;102122;40.91;500;9932366703;S
20240322;102138;40.92;120;9932372142;S
20240322;102157;40.92;20;9932380728;S
20240322;102158;40.95;10;9932381072;B
20240322;102211;40.95;120;9932386030;B
20240322;102217;40.95;10;9932387907;B
20240322;102222;40.92;120;9932389891;S
20240322;102222;40.95;200;9932389902;B
20240322;102234;40.94;10;9932392976;B
20240322;102239;40.94;30;9932395439;B
20240322;102248;40.92;10;9932398561;S
20240322;102250;40.91;10;9932398836;S
20240322;102255;40.92;300;9932399568;S
20240322;102258;40.95;100;9932399969;B
20240322;102327;40.95;10;9932409814;B
20240322;102344;40.91;30;9932414611;S
20240322;102351;40.91;50;9932417636;S
20240322;102400;40.91;10;9932419228;S
20240322;102406;40.91;40;9932421417;S
20240322;102423;40.93;10;9932426357;B
20240322;102423;40.93;1000;9932426358;B
20240322;102424;40.92;190;9932427554;S
20240322;102429;40.92;1410;9932428078;S
20240322;102429;40.92;90;9932428079;S
20240322;102437;40.92;500;9932430845;S
20240322;102507;40.92;20;9932439774;S
20240322;102510;40.92;10;9932440056;S
20240322;102511;40.92;10;9932440126;S
20240322;102523;40.94;2000;9932442195;B
20240322;102523;40.94;30;9932442196;B
20240322;102523;40.95;4550;9932442197;B
20240322;102523;40.95;1000;9932442198;B
20240322;102523;40.95;370;9932442199;B
20240322;102523;40.95;4000;9932442200;B
20240322;102523;40.95;410;9932442201;B
20240322;102523;40.96;20;9932442202;B
20240322;102523;40.96;1500;9932442203;B
20240322;102523;40.96;700;9932442204;B
20240322;102523;40.96;2450;9932442205;B
20240322;102523;40.96;80;9932442206;B
20240322;102523;40.97;800;9932442207;B
20240322;102523;40.97;1000;9932442208;B
20240322;102523;40.97;420;9932442209;B
20240322;102523;40.97;420;9932442210;B
20240322;102523;40.97;4260;9932442211;B
20240322;102523;40.97;580;9932442212;B
20240322;102523;40.98;20;9932442213;B
20240322;102523;40.98;1000;9932442214;B
20240322;102523;40.98;17000;9932442215;B
20240322;102523;40.98;1000;9932442216;B
20240322;102523;40.99;290;9932442217;B
20240322;102525;40.99;210;9932442459;B
20240322;102525;40.99;10;9932442460;B
20240322;102525;40.99;10;9932442461;B
20240322;102525;40.99;10;9932442462;B
20240322;102525;40.99;10;9932442463;B
20240322;102525;40.99;1000;9932442464;B
20240322;102525;40.99;1130;9932442465;B
20240322;102530;40.96;50;9932443116;S
20240322;102550;40.96;10;9932445174;S
20240322;102606;40.97;10;9932447136;S
20240322;102608;40.97;100;9932447497;S
20240322;102610;40.97;110;9932447759;S
20240322;102618;40.97;20;9932448690;S
20240322;102618;40.97;10;9932448740;S
20240322;102621;40.98;400;9932449069;B
20240322;102621;40.99;1000;9932449070;B
20240322;102621;40.99;400;9932449071;B
20240322;102621;41;40;9932449072;B
20240322;102621;41;20;9932449073;B
20240322;102621;41;10;9932449074;B
20240322;102621;41;10;9932449075;B
20240322;102621;41;120;9932449076;B
20240322;102621;41;10;9932449077;B
20240322;102621;41;50;9932449078;B
20240322;102621;41;40;9932449079;B
20240322;102621;41;10;9932449080;B
20240322;102621;41;10;9932449081;B
20240322;102621;41;50;9932449082;B
20240322;102621;41;80;9932449083;B
20240322;102624;40.99;200;9932449529;B
20240322;102624;40.99;500;9932449557;B
20240322;102626;40.97;10;9932449691;S
20240322;102630;40.97;1160;9932450094;S
20240322;102630;40.97;10;9932450095;S
20240322;102630;40.96;640;9932450096;S
20240322;102630;40.96;10;9932450097;S
20240322;102630;40.96;400;9932450098;S
20240322;102630;40.95;1000;9932450099;S
20240322;102630;40.94;2450;9932450100;S
20240322;102630;40.94;40;9932450101;S
20240322;102645;41;920;9932452531;B
20240322;102645;41;10;9932452532;B
20240322;102645;41;10;9932452533;B
20240322;102645;41;1780;9932452534;B
20240322;102645;41;400;9932452535;B
20240322;102645;41;1000;9932452536;B
20240322;102645;41;2130;9932452537;B
20240322;102646;41;200;9932452610;S
20240322;102646;41.01;100;9932452611;B
20240322;102646;41.01;1200;9932452612;B
20240322;102646;41.01;450;9932452638;B
20240322;102646;41.01;450;9932452678;B
20240322;102648;41;3550;9932452794;S
20240322;102648;40.99;400;9932452795;S
20240322;102648;40.97;900;9932452796;S
20240322;102655;41;590;9932453565;B
20240322;102657;41;10;9932453801;S
20240322;102658;41.01;1000;9932453855;B
20240322;102658;41.02;130;9932453856;B
20240322;102658;41.02;370;9932453917;B
20240322;102658;41.02;500;9932453918;B
20240322;102658;41.02;20;9932453919;B
20240322;102658;41.02;10;9932453920;B
20240322;102658;41.02;100;9932453921;B
20240322;102658;41.02;650;9932453922;B
20240322;102700;41.01;150;9932454146;S
20240322;102704;41.02;80;9932454642;B
20240322;102707;41.01;1000;9932454976;S
20240322;102708;41.02;10;9932455073;B
20240322;102709;41.01;230;9932455152;S
20240322;102710;41.02;10;9932455331;B
20240322;102717;41.02;250;9932456010;B
20240322;102717;41.02;50;9932456011;B
20240322;102724;41.01;100;9932456723;S
20240322;102732;41.02;1000;9932457912;B
20240322;102733;41.02;20;9932458587;B
20240322;102733;41.02;400;9932458644;B
20240322;102735;41.01;50;9932458906;S
20240322;102737;41.02;10;9932459227;B
20240322;102737;41.02;10;9932459228;B
20240322;102740;41.02;10;9932459592;S
20240322;102741;41.03;20;9932459664;B
20240322;102741;41.02;120;9932459670;S
20240322;102745;41.02;20;9932460216;S
20240322;102747;41.02;70;9932460487;S
20240322;102749;41.03;980;9932461001;B
20240322;102749;41.03;50;9932461002;B
20240322;102749;41.03;150;9932461003;B
20240322;102750;41.04;20;9932461101;B
20240322;102750;41.04;20;9932461102;B
20240322;102750;41.05;10;9932461103;B
20240322;102750;41.05;100;9932461104;B
20240322;102750;41.05;30;9932461105;B
20240322;102750;41.05;40;9932461106;B
20240322;102750;41.05;60;9932461107;B
20240322;102750;41.05;4210;9932461108;B
20240322;102750;41.06;100;9932461109;B
20240322;102750;41.06;20;9932461110;B
20240322;102750;41.06;10;9932461111;B
20240322;102750;41.06;380;9932461112;B
20240322;102750;41.03;10;9932461124;S
20240322;102751;41.07;10;9932461275;B
20240322;102805;41.07;50;9932463534;B
20240322;102809;41.07;10;9932464173;B
20240322;102815;41.05;10;9932464787;S
20240322;102818;41.06;10;9932465301;B
20240322;102818;41.06;30;9932465302;B
20240322;102822;41.05;1400;9932465950;S
20240322;102822;41.04;430;9932465951;S
20240322;102822;41.03;1090;9932465952;S
20240322;102822;41.03;560;9932465953;S
20240322;102822;41.03;190;9932465954;S
20240322;102822;41.03;2080;9932465955;S
20240322;102822;41.02;4760;9932465956;S
20240322;102822;41.02;1000;9932465957;S
20240322;102822;41.01;12000;9932465958;S
20240322;102822;41.01;700;9932465959;S
20240322;102822;41;19400;9932465960;S
20240322;102822;41;1410;9932465963;B
20240322;102822;41;80;9932465964;B
20240322;102822;41;40;9932466001;B
20240322;102829;40.99;40;9932466722;S
20240322;102829;41;10000;9932466768;B
20240322;102831;41;10;9932467010;B
20240322;102833;41;10;9932467218;B
20240322;102835;41;50;9932467554;B
20240322;102835;40.99;30;9932467623;S
20240322;102839;41;10;9932467983;B
20240322;102839;41;80;9932467986;B
20240322;102839;41;10;9932467988;B
20240322;102839;41;10;9932467989;B
20240322;102839;41;70;9932467991;B
20240322;102839;41;10;9932467993;B
20240322;102839;41;90;9932467995;B
20240322;102839;41;10;9932468000;B
20240322;102839;41;110;9932468016;B
20240322;102840;41;70;9932468248;B
20240322;102841;41;30;9932468333;B
20240322;102841;40.99;1340;9932468364;S
20240322;102841;40.99;160;9932468365;S
20240322;102841;40.98;1410;9932468430;S
20240322;102841;40.97;10;9932468431;S
20240322;102841;40.97;80;9932468432;S
20240322;102842;40.99;1040;9932468534;S
20240322;102844;40.99;300;9932468724;S
20240322;102845;41;100;9932468841;B
20240322;102846;41;10;9932469033;B
20240322;102850;41;20;9932469717;B
20240322;102850;41;5000;9932469783;B
20240322;102900;40.98;1220;9932471376;S
20240322;102900;40.97;1000;9932471377;S
20240322;102900;40.97;490;9932471378;S
20240322;102900;40.96;10;9932471379;S
20240322;102900;40.96;20;9932471380;S
20240322;102900;40.96;1840;9932471381;S
20240322;102900;40.95;10;9932471382;S
20240322;102900;40.95;330;9932471383;S
20240322;102903;40.98;30;9932471867;B
20240322;102913;40.95;450;9932473290;S
20240322;102913;40.94;10;9932473291;S
20240322;102913;40.94;20;9932473292;S
20240322;102913;40.94;10;9932473293;S
20240322;102913;40.94;1000;9932473294;S
20240322;102913;40.94;160;9932473295;S
20240322;102917;40.95;10;9932473724;S
20240322;102919;40.95;1190;9932474094;S
20240322;102919;40.95;60;9932474095;S
20240322;102931;40.94;150;9932475661;S
20240322;102948;40.94;100;9932477725;S
20240322;102952;40.94;200;9932478698;S
20240322;102954;40.94;70;9932478858;S
20240322;102958;40.94;20;9932479314;S
20240322;102959;40.98;240;9932479392;B
20240322;103005;40.94;430;9932480278;S
20240322;103005;40.94;10;9932480279;S
20240322;103005;40.94;480;9932480280;S
20240322;103005;40.94;2230;9932480281;S
20240322;103005;40.93;10;9932480282;S
20240322;103005;40.93;10;9932480283;S
20240322;103005;40.93;10;9932480284;S
20240322;103005;40.93;1150;9932480285;S
20240322;103005;40.93;8780;9932480286;S
20240322;103005;40.93;560;9932480287;S
20240322;103005;40.93;290;9932480288;S
20240322;103005;40.93;1000;9932480289;S
20240322;103005;40.92;10;9932480290;S
20240322;103005;40.92;20;9932480291;S
20240322;103005;40.92;30;9932480292;S
20240322;103005;40.92;10;9932480293;S
20240322;103005;40.92;4560;9932480294;S
20240322;103005;40.91;120;9932480295;S
20240322;103005;40.91;2450;9932480296;S
20240322;103005;40.9;2600;9932480297;S
20240322;103005;40.9;20;9932480298;S
20240322;103005;40.9;420;9932480299;S
20240322;103005;40.9;420;9932480300;S
20240322;103005;40.9;500;9932480301;S
20240322;103005;40.9;50;9932480302;S
20240322;103005;40.9;2000;9932480303;S
20240322;103005;40.9;10000;9932480304;S
20240322;103005;40.9;10000;9932480305;S
20240322;103005;40.9;1830;9932480306;S
20240322;103005;40.93;10;9932480358;S
20240322;103005;40.93;440;9932480359;S
20240322;103011;40.93;10;9932481182;S
20240322;103013;40.94;10;9932481478;B
20240322;103018;40.94;70;9932482261;B
20240322;103018;40.94;330;9932482262;B
20240322;103027;40.95;10;9932483599;B
20240322;103036;40.95;20;9932485147;B
20240322;103100;40.94;10;9932488034;B
20240322;103101;40.94;20;9932488148;B
20240322;103105;40.93;200;9932488687;S
20240322;103107;40.93;500;9932489006;S
20240322;103107;40.93;290;9932489007;S
20240322;103107;40.93;50;9932489008;S
20240322;103107;40.93;20;9932489009;S
20240322;103107;40.93;490;9932489010;S
20240322;103107;40.92;8790;9932489011;S
20240322;103107;40.91;1000;9932489012;S
20240322;103107;40.9;10;9932489013;S
20240322;103107;40.9;9000;9932489014;S
20240322;103107;40.9;2370;9932489015;B
20240322;103107;40.9;7170;9932489016;B
20240322;103107;40.89;20;9932489024;S
20240322;103107;40.9;1150;9932489031;B
20240322;103107;40.9;290;9932489032;B
20240322;103107;40.9;50;9932489033;B
20240322;103108;40.9;1150;9932489073;B
20240322;103108;40.9;290;9932489074;B
20240322;103108;40.9;50;9932489075;B
20240322;103108;40.9;1150;9932489089;B
20240322;103108;40.9;290;9932489090;B
20240322;103108;40.9;4000;9932489091;B
20240322;103108;40.9;1200;9932489093;B
20240322;103108;40.9;4000;9932489094;B
20240322;103108;40.9;50;9932489096;B
20240322;103108;40.9;1200;9932489097;B
20240322;103108;40.9;3000;9932489100;B
20240322;103108;40.9;100;9932489102;B
20240322;103108;40.9;4000;9932489103;B
20240322;103108;40.9;1150;9932489104;B
20240322;103108;40.9;4000;9932489105;B
20240322;103108;40.9;1200;9932489108;B
20240322;103108;40.9;4000;9932489109;B
20240322;103108;40.9;1200;9932489115;B
20240322;103108;40.9;290;9932489116;B
20240322;103108;40.9;50;9932489121;B
20240322;103108;40.9;1150;9932489123;B
20240322;103108;40.9;290;9932489124;B
20240322;103108;40.9;50;9932489125;B
20240322;103108;40.9;1150;9932489129;B
20240322;103108;40.9;290;9932489130;B
20240322;103108;40.9;50;9932489131;B
20240322;103108;40.9;1150;9932489132;B
20240322;103108;40.9;290;9932489133;B
20240322;103108;40.9;50;9932489142;B
20240322;103108;40.9;1150;9932489155;B
20240322;103108;40.9;290;9932489156;B
20240322;103108;40.9;50;9932489159;B
20240322;103108;40.9;30;9932489160;B
20240322;103108;40.9;30;9932489170;B
20240322;103117;40.9;10;9932490362;B
20240322;103120;40.89;150;9932490909;S
20240322;103124;40.89;10;9932491572;S
20240322;103128;40.9;30;9932492203;B
20240322;103133;40.89;20;9932492757;S
20240322;103152;40.9;460;9932495215;S
20240322;103200;40.91;10;9932496728;B
20240322;103202;40.91;20;9932497273;B
20240322;103211;40.89;300;9932498688;S
20240322;103211;40.89;500;9932498689;S
20240322;103211;40.89;2450;9932498690;S
20240322;103211;40.89;750;9932498691;S
20240322;103220;40.91;50;9932500894;B
20240322;103220;40.91;10;9932500899;B
20240322;103223;40.91;20;9932501492;B
20240322;103227;40.89;20;9932501989;S
20240322;103230;40.91;10;9932502324;B
20240322;103230;40.89;2430;9932502340;S
20240322;103230;40.89;620;9932502341;S
20240322;103230;40.88;730;9932502342;S
20240322;103230;40.88;200;9932502343;S
20240322;103230;40.88;20;9932502344;S
20240322;103230;40.88;10;9932502345;S
20240322;103230;40.88;990;9932502346;S
20240322;103242;40.91;10;9932503768;B
20240322;103243;40.91;20;9932503939;B
20240322;103249;40.89;30;9932504683;S
20240322;103253;40.89;10;9932505179;S
20240322;103307;40.91;10;9932506598;B
20240322;103308;40.91;10;9932506763;B
20240322;103321;40.91;10;9932508337;B
20240322;103323;40.91;400;9932508595;B
20240322;103333;40.89;100;9932509923;S
20240322;103349;40.89;970;9932512238;S
20240322;103349;40.89;50;9932512287;S
20240322;103349;40.89;280;9932512328;S
20240322;103357;40.89;30;9932513707;S
20240322;103357;40.89;10;9932513708;S
20240322;103357;40.89;20;9932513754;S
20240322;103357;40.88;400;9932513779;S
20240322;103357;40.89;30;9932513811;S
20240322;103357;40.89;20;9932513869;B
20240322;103357;40.89;10;9932513870;S
20240322;103357;40.89;30;9932513881;B
20240322;103357;40.89;30;9932513882;B
20240322;103357;40.89;30;9932513896;B
20240322;103357;40.89;30;9932513900;B
20240322;103357;40.89;30;9932513907;B
20240322;103357;40.89;20;9932513914;B
20240322;103358;40.89;10;9932514028;S
20240322;103358;40.89;10;9932514069;B
20240322;103400;40.88;680;9932514436;S
20240322;103402;40.89;110;9932514760;B
20240322;103402;40.89;130;9932514761;B
20240322;103410;40.88;10;9932515681;S
20240322;103419;40.88;20;9932516981;S
20240322;103419;40.88;30;9932516982;S
20240322;103427;40.88;30;9932518033;S
20240322;103427;40.88;30;9932518118;S
20240322;103428;40.88;30;9932518127;B
20240322;103428;40.88;30;9932518131;B
20240322;103428;40.88;30;9932518134;B
20240322;103428;40.88;30;9932518137;B
20240322;103428;40.88;30;9932518140;B
20240322;103428;40.88;30;9932518145;B
20240322;103428;40.88;30;9932518156;B
20240322;103428;40.88;30;9932518163;B
20240322;103430;40.87;10;9932518436;S
20240322;103430;40.87;30;9932518437;S
20240322;103430;40.87;70;9932518438;S
20240322;103432;40.88;10;9932518668;B
20240322;103432;40.87;100;9932518729;S
20240322;103433;40.87;40;9932518918;S
20240322;103434;40.87;330;9932518969;S
20240322;103434;40.87;460;9932519006;S
20240322;103435;40.88;110;9932519215;B
20240322;103442;40.87;10;9932520031;S
20240322;103452;40.88;500;9932520876;B
20240322;103455;40.88;500;9932521259;B
20240322;103501;40.87;10;9932522517;S
20240322;103502;40.88;90;9932522765;B
20240322;103502;40.88;50;9932522766;B
20240322;103503;40.87;16980;9932523079;S
20240322;103503;40.87;500;9932523080;S
20240322;103503;40.87;10;9932523081;S
20240322;103503;40.87;300;9932523082;S
20240322;103503;40.87;30;9932523083;S
20240322;103503;40.87;60;9932523084;S
20240322;103503;40.87;180;9932523085;S
20240322;103503;40.87;10;9932523086;S
20240322;103503;40.87;10;9932523087;S
20240322;103503;40.87;50;9932523088;S
20240322;103503;40.87;50;9932523089;S
20240322;103503;40.87;40;9932523090;S
20240322;103503;40.87;10;9932523091;S
20240322;103503;40.87;50;9932523092;S
20240322;103503;40.87;90;9932523093;S
20240322;103503;40.87;30;9932523094;S
20240322;103503;40.87;110;9932523095;S
20240322;103503;40.87;60;9932523114;B
20240322;103503;40.87;180;9932523120;B
20240322;103503;40.87;10;9932523121;B
20240322;103503;40.87;50;9932523123;B
20240322;103503;40.87;50;9932523126;B
20240322;103503;40.87;40;9932523130;B
20240322;103503;40.87;90;9932523133;B
20240322;103503;40.87;50;9932523136;B
20240322;103503;40.87;30;9932523137;B
20240322;103503;40.87;60;9932523153;B
20240322;103503;40.87;180;9932523154;B
20240322;103503;40.87;10;9932523155;B
20240322;103503;40.87;50;9932523156;B
20240322;103503;40.87;50;9932523157;B
20240322;103503;40.87;40;9932523159;B
20240322;103503;40.87;30;9932523160;B
20240322;103503;40.87;50;9932523161;B
20240322;103503;40.87;90;9932523162;B
20240322;103503;40.87;60;9932523171;B
20240322;103503;40.87;180;9932523172;B
20240322;103503;40.87;10;9932523173;B
20240322;103503;40.87;50;9932523174;B
20240322;103503;40.87;50;9932523175;B
20240322;103503;40.87;90;9932523176;B
20240322;103503;40.87;30;9932523182;B
20240322;103503;40.87;40;9932523183;B
20240322;103503;40.87;50;9932523184;B
20240322;103503;40.87;60;9932523188;B
20240322;103503;40.87;180;9932523192;B
20240322;103503;40.87;10;9932523194;B
20240322;103503;40.87;50;9932523197;B
20240322;103503;40.87;50;9932523198;B
20240322;103503;40.87;90;9932523200;B
20240322;103503;40.87;30;9932523202;B
20240322;103503;40.87;40;9932523209;B
20240322;103503;40.87;50;9932523212;B
20240322;103503;40.87;60;9932523221;B
20240322;103503;40.87;180;9932523235;B
20240322;103503;40.87;10;9932523239;B
20240322;103503;40.87;50;9932523244;B
20240322;103503;40.87;90;9932523246;B
20240322;103503;40.87;30;9932523249;B
20240322;103503;40.87;40;9932523250;B
20240322;103503;40.87;50;9932523251;B
20240322;103503;40.87;60;9932523252;B
20240322;103503;40.87;50;9932523254;B
20240322;103503;40.87;180;9932523261;B
20240322;103504;40.87;10;9932523267;B
20240322;103504;40.87;50;9932523275;B
20240322;103504;40.87;90;9932523277;B
20240322;103504;40.87;30;9932523279;B
20240322;103504;40.87;40;9932523281;B
20240322;103504;40.87;50;9932523284;B
20240322;103504;40.87;60;9932523286;B
20240322;103504;40.87;50;9932523289;B
20240322;103504;40.87;180;9932523295;B
20240322;103504;40.87;10;9932523297;B
20240322;103504;40.87;50;9932523313;B
20240322;103504;40.87;90;9932523315;B
20240322;103504;40.87;50;9932523317;B
20240322;103504;40.87;60;9932523319;B
20240322;103504;40.87;180;9932523320;B
20240322;103504;40.87;10;9932523321;B
20240322;103504;40.87;30;9932523322;B
20240322;103504;40.87;40;9932523325;B
20240322;103504;40.87;50;9932523329;B
20240322;103504;40.87;50;9932523336;B
20240322;103504;40.87;90;9932523337;B
20240322;103504;40.87;50;9932523338;B
20240322;103504;40.87;60;9932523339;B
20240322;103504;40.87;180;9932523340;B
20240322;103504;40.87;10;9932523378;B
20240322;103504;40.87;20;9932523385;B
20240322;103504;40.87;40;9932523386;B
20240322;103504;40.87;50;9932523388;B
20240322;103504;40.87;40;9932523392;B
20240322;103504;40.87;90;9932523394;B
20240322;103504;40.87;50;9932523395;B
20240322;103504;40.87;20;9932523396;B
20240322;103504;40.87;50;9932523398;B
20240322;103504;40.87;10;9932523400;B
20240322;103504;40.87;40;9932523401;B
20240322;103504;40.87;50;9932523402;B
20240322;103504;40.87;10;9932523420;B
20240322;103504;40.87;40;9932523422;B
20240322;103504;40.87;10;9932523432;B
20240322;103504;40.87;10;9932523445;B
20240322;103504;40.87;10;9932523461;B
20240322;103507;40.87;10;9932524195;B
20240322;103512;40.86;50;9932525210;S
20240322;103513;40.87;10;9932525341;B
20240322;103513;40.87;20;9932525467;B
20240322;103516;40.87;10;9932526090;B
20240322;103517;40.87;300;9932526263;B
20240322;103517;40.87;20;9932526280;B
20240322;103523;40.86;10;9932527920;S
20240322;103528;40.87;70;9932528809;B
20240322;103529;40.87;10;9932529006;B
20240322;103530;40.86;440;9932529115;S
20240322;103530;40.86;20;9932529116;S
20240322;103531;40.85;140;9932529204;S
20240322;103534;40.85;360;9932529754;S
20240322;103534;40.85;10;9932529755;S
20240322;103534;40.85;60;9932529756;S
20240322;103534;40.85;10;9932529757;S
20240322;103534;40.84;500;9932529758;S
20240322;103534;40.84;20;9932529759;S
20240322;103534;40.84;100;9932529760;S
20240322;103534;40.84;30;9932529761;S
20240322;103534;40.84;30;9932529762;S
20240322;103534;40.84;700;9932529781;S
20240322;103538;40.84;240;9932530604;S
20240322;103539;40.84;5000;9932530733;S
20240322;103547;40.85;200;9932531736;S
20240322;103548;40.84;260;9932531813;S
20240322;103548;40.84;2000;9932531835;S
20240322;103553;40.86;290;9932532304;B
20240322;103553;40.86;670;9932532305;B
20240322;103609;40.86;40;9932536601;S
20240322;103609;40.85;240;9932536602;S
20240322;103614;40.87;10;9932537636;B
20240322;103616;40.86;10;9932537856;S
20240322;103616;40.86;60;9932537857;S
20240322;103616;40.85;10;9932537900;B
20240322;103617;40.85;10;9932538089;B
20240322;103621;40.85;10;9932538820;B
20240322;103623;40.85;10;9932539020;B
20240322;103626;40.85;10;9932539510;B
20240322;103633;40.84;30;9932540302;S
20240322;103634;40.85;20;9932540448;B
20240322;103634;40.85;50;9932540461;B
20240322;103634;40.84;30;9932540543;S
20240322;103636;40.84;510;9932540670;S
20240322;103636;40.84;960;9932540671;S
20240322;103639;40.85;10;9932541165;S
20240322;103639;40.85;490;9932541185;S
20240322;103639;40.85;500;9932541186;S
20240322;103639;40.84;12280;9932541187;S
20240322;103639;40.84;6730;9932541188;S
20240322;103640;40.84;1000;9932541331;S
20240322;103645;40.83;10;9932542089;S
20240322;103651;40.83;20;9932542758;S
20240322;103654;40.83;20;9932543151;S
20240322;103702;40.83;10;9932543941;S
20240322;103703;40.83;440;9932544037;S
20240322;103703;40.83;500;9932544038;S
20240322;103703;40.83;10;9932544039;S
20240322;103703;40.83;10;9932544040;S
20240322;103703;40.83;640;9932544041;S
20240322;103703;40.82;500;9932544042;S
20240322;103703;40.82;20;9932544043;S
20240322;103703;40.82;10;9932544044;S
20240322;103703;40.82;200;9932544045;S
20240322;103703;40.82;10;9932544046;S
20240322;103703;40.82;80;9932544047;S
20240322;103708;40.82;220;9932544612;S
20240322;103708;40.82;280;9932544613;S
20240322;103711;40.82;720;9932545056;S
20240322;103711;40.82;1000;9932545057;S
20240322;103711;40.81;220;9932545058;S
20240322;103711;40.81;80;9932545059;S
20240322;103711;40.81;1200;9932545060;S
20240322;103711;40.81;1200;9932545061;S
20240322;103711;40.81;500;9932545062;S
20240322;103711;40.81;1000;9932545063;S
20240322;103711;40.81;1000;9932545064;S
20240322;103711;40.81;680;9932545065;S
20240322;103711;40.81;8810;9932545066;S
20240322;103711;40.81;1000;9932545067;S
20240322;103711;40.81;1040;9932545068;S
20240322;103712;40.81;400;9932545102;B
20240322;103714;40.8;10;9932545447;S
20240322;103714;40.8;20;9932545448;S
20240322;103715;40.8;20;9932545573;S
20240322;103715;40.8;10;9932545574;S
20240322;103715;40.8;50;9932545575;S
20240322;103715;40.8;40;9932545576;S
20240322;103715;40.8;220;9932545577;S
20240322;103715;40.8;50;9932545578;S
20240322;103715;40.8;50;9932545579;S
20240322;103715;40.8;3000;9932545580;S
20240322;103715;40.8;500;9932545581;S
20240322;103715;40.8;1000;9932545582;S
20240322;103715;40.8;3150;9932545583;S
20240322;103716;40.8;2000;9932545645;S
20240322;103720;40.81;40;9932546125;B
20240322;103724;40.8;10;9932546822;S
20240322;103729;40.81;10;9932547319;B
20240322;103730;40.8;100;9932547356;S
20240322;103730;40.81;40;9932547431;B
20240322;103737;40.81;20;9932548371;B
20240322;103739;40.81;500;9932548527;B
20240322;103740;40.81;500;9932548656;B
20240322;103742;40.81;40;9932548779;B
20240322;103742;40.81;460;9932548780;B
20240322;103743;40.83;580;9932548907;B
20240322;103743;40.83;2450;9932548908;B
20240322;103743;40.83;170;9932548909;B
20240322;103743;40.83;950;9932548910;B
20240322;103743;40.83;1000;9932548911;B
20240322;103743;40.84;700;9932548912;B
20240322;103743;40.84;570;9932548913;B
20240322;103743;40.84;780;9932548914;B
20240322;103753;40.82;100;9932550247;S
