<DATE>;<TIME>;<LAST>;<VOL>;<ID>;<OPER>
20240417;095959;49.55;10;10136994299;B
20240417;095959;49.55;80;10136994300;S
20240417;095959;49.55;10;10136994301;S
20240417;095959;49.55;10;10136994302;S
20240417;095959;49.55;10;10136994303;S
20240417;095959;49.55;10;10136994304;S
20240417;095959;49.55;10;10136994305;S
20240417;095959;49.55;400;10136994306;S
20240417;095959;49.55;30;10136994307;S
20240417;095959;49.55;40;10136994308;S
20240417;095959;49.55;110;10136994309;S
20240417;095959;49.55;20;10136994310;B
20240417;095959;49.55;870;10136994311;B
20240417;095959;49.55;3800;10136994312;B
20240417;095959;49.55;10;10136994313;B
20240417;095959;49.55;840;10136994314;B
20240417;095959;49.55;80;10136994315;B
20240417;095959;49.55;3000;10136994316;B
20240417;095959;49.55;1500;10136994317;B
20240417;095959;49.55;3000;10136994318;B
20240417;095959;49.55;1000;10136994319;B
20240417;095959;49.55;50;10136994320;B
20240417;095959;49.55;20000;10136994321;B
20240417;095959;49.55;3000;10136994322;B
20240417;095959;49.55;1000;10136994323;B
20240417;095959;49.55;500;10136994324;B
20240417;095959;49.55;500;10136994325;B
20240417;095959;49.55;1000;10136994326;B
20240417;095959;49.55;500;10136994327;B
20240417;095959;49.55;8500;10136994328;B
20240417;095959;49.55;700;10136994329;B
20240417;095959;49.55;150;10136994330;B
20240417;095959;49.55;60;10136994331;B
20240417;095959;49.55;940;10136994332;B
20240417;095959;49.55;60;10136994333;B
20240417;095959;49.55;940;10136994334;S
20240417;095959;49.55;10;10136994335;S
20240417;095959;49.55;20;10136994336;S
20240417;095959;49.55;10;10136994337;S
20240417;095959;49.55;10;10136994338;S
20240417;095959;49.55;10;10136994339;S
20240417;095959;49.55;20;10136994340;B
20240417;095959;49.55;40;10136994341;S
20240417;095959;49.55;100;10136994342;B
20240417;095959;49.55;20;10136994343;B
20240417;095959;49.55;10;10136994344;S
20240417;095959;49.55;100;10136994345;S
20240417;095959;49.55;10;10136994346;S
20240417;095959;49.55;10;10136994347;S
20240417;095959;49.55;10;10136994348;S
20240417;095959;49.55;30;10136994349;S
20240417;095959;49.55;10;10136994350;S
20240417;095959;49.55;20;10136994351;S
20240417;095959;49.55;10;10136994352;S
20240417;095959;49.55;10;10136994353;S
20240417;095959;49.55;10;10136994354;S
20240417;095959;49.55;10;10136994355;S
20240417;095959;49.55;10;10136994356;S
20240417;095959;49.55;10;10136994357;S
20240417;095959;49.55;30;10136994358;S
20240417;095959;49.55;10;10136994359;S
20240417;095959;49.55;30;10136994360;S
20240417;095959;49.55;10;10136994361;S
20240417;095959;49.55;10;10136994362;S
20240417;095959;49.55;10;10136994363;S
20240417;095959;49.55;20;10136994364;S
20240417;095959;49.55;30;10136994365;S
20240417;095959;49.55;140;10136994366;S
20240417;095959;49.55;50;10136994367;S
20240417;095959;49.55;20;10136994368;B
20240417;095959;49.55;30;10136994369;B
20240417;095959;49.55;20;10136994370;B
20240417;095959;49.55;4000;10136994371;B
20240417;095959;49.55;20;10136994372;S
20240417;095959;49.55;10;10136994373;S
20240417;095959;49.55;40;10136994374;S
20240417;095959;49.55;50;10136994375;B
20240417;095959;49.55;10;10136994376;B
20240417;100000;49.54;140;10136994696;S
20240417;100000;49.53;290;10136995061;B
20240417;100000;49.52;310;10136995235;B
20240417;100000;49.53;200;10136995236;B
20240417;100001;49.51;10;10136995783;S
20240417;100001;49.51;100;10136995784;S
20240417;100001;49.51;380;10136995785;S
20240417;100001;49.51;10;10136995786;S
20240417;100001;49.51;20;10136995787;S
20240417;100001;49.51;180;10136995788;S
20240417;100001;49.51;300;10136995789;S
20240417;100001;49.53;1000;10136996005;B
20240417;100001;49.53;110;10136996074;B
20240417;100001;49.53;30;10136996125;B
20240417;100002;49.52;1290;10136997267;S
20240417;100002;49.51;100;10136997268;S
20240417;100002;49.51;10;10136997269;S
20240417;100002;49.51;50;10136997270;S
20240417;100002;49.51;550;10136997271;S
20240417;100004;49.51;870;10136999112;S
20240417;100004;49.5;10;10136999113;S
20240417;100004;49.5;10;10136999114;S
20240417;100004;49.5;500;10136999115;S
20240417;100004;49.5;50;10136999116;S
20240417;100004;49.5;500;10136999117;S
20240417;100004;49.5;390;10136999118;S
20240417;100004;49.51;360;10136999119;S
20240417;100005;49.51;1420;10136999255;S
20240417;100005;49.5;2110;10136999256;S
20240417;100005;49.5;10;10136999257;S
20240417;100005;49.5;6050;10136999258;S
20240417;100005;49.5;200;10136999259;S
20240417;100005;49.5;10;10136999260;S
20240417;100005;49.5;30;10136999261;S
20240417;100005;49.5;10;10136999262;S
20240417;100005;49.5;100;10136999263;S
20240417;100005;49.5;60;10136999264;S
20240417;100005;49.5;140;10136999267;S
20240417;100005;49.5;10;10136999268;S
20240417;100005;49.5;4000;10136999269;S
20240417;100005;49.5;500;10136999270;S
20240417;100005;49.49;470;10136999271;S
20240417;100005;49.49;490;10136999272;S
20240417;100005;49.47;10;10136999273;S
20240417;100005;49.47;10;10136999274;S
20240417;100005;49.46;10;10136999275;S
20240417;100005;49.46;50;10136999276;S
20240417;100005;49.46;500;10136999277;S
20240417;100005;49.46;10;10136999278;S
20240417;100005;49.46;100;10136999279;S
20240417;100005;49.46;50;10136999280;S
20240417;100005;49.46;100;10136999281;S
20240417;100005;49.46;40;10136999282;S
20240417;100005;49.46;1510;10136999283;S
20240417;100005;49.51;470;10136999436;B
20240417;100005;49.52;480;10136999437;B
20240417;100005;49.53;1750;10136999438;B
20240417;100005;49.47;10;10136999646;S
20240417;100005;49.46;40;10136999671;S
20240417;100005;49.52;40;10136999736;B
20240417;100005;49.53;10;10136999737;B
20240417;100005;49.5;200;10136999866;S
20240417;100005;49.5;300;10136999867;S
20240417;100005;49.5;10;10136999868;S
20240417;100006;49.5;10;10137000162;B
20240417;100006;49.46;10;10137000165;S
20240417;100006;49.5;10;10137000170;B
20240417;100006;49.5;20;10137000175;B
20240417;100006;49.5;10;10137000176;B
20240417;100006;49.5;10;10137000180;B
20240417;100006;49.5;10;10137000182;B
20240417;100006;49.46;10;10137000185;S
20240417;100006;49.5;10;10137000243;B
20240417;100006;49.46;10;10137000290;S
20240417;100006;49.5;10;10137000292;B
20240417;100006;49.46;10;10137000316;S
20240417;100006;49.46;430;10137000622;S
20240417;100006;49.46;2630;10137000623;S
20240417;100006;49.46;40;10137000624;S
20240417;100006;49.45;50;10137000625;S
20240417;100006;49.45;200;10137000626;S
20240417;100006;49.45;20;10137000627;S
20240417;100006;49.45;1090;10137000628;S
20240417;100006;49.45;10;10137000629;S
20240417;100006;49.45;10;10137000630;S
20240417;100006;49.45;20000;10137000631;S
20240417;100006;49.45;470;10137000632;S
20240417;100006;49.44;30;10137000633;S
20240417;100006;49.43;10;10137000634;S
20240417;100006;49.43;20;10137000635;S
20240417;100006;49.43;7270;10137000636;S
20240417;100006;49.41;10;10137000637;S
20240417;100006;49.41;100;10137000638;S
20240417;100006;49.41;200;10137000639;S
20240417;100006;49.4;10;10137000640;S
20240417;100006;49.4;500;10137000641;S
20240417;100006;49.4;50;10137000642;S
20240417;100006;49.4;100;10137000643;S
20240417;100006;49.4;10;10137000644;S
20240417;100006;49.4;10;10137000645;S
20240417;100006;49.38;20;10137000646;S
20240417;100006;49.38;20;10137000647;S
20240417;100006;49.38;20;10137000648;S
20240417;100006;49.38;50;10137000649;S
20240417;100006;49.37;120;10137000650;S
20240417;100006;49.37;700;10137000651;S
20240417;100006;49.36;800;10137000652;S
20240417;100006;49.36;4000;10137000653;S
20240417;100006;49.36;140;10137000654;S
20240417;100006;49.36;200;10137000655;S
20240417;100006;49.36;200;10137000656;S
20240417;100006;49.35;20;10137000657;S
20240417;100006;49.35;10;10137000658;S
20240417;100006;49.35;20;10137000659;S
20240417;100006;49.35;20;10137000660;S
20240417;100006;49.35;30;10137000661;S
20240417;100006;49.34;30;10137000662;S
20240417;100006;49.33;10;10137000663;S
20240417;100006;49.33;150;10137000664;S
20240417;100006;49.32;20;10137000665;S
20240417;100006;49.32;20;10137000666;S
20240417;100006;49.32;20;10137000667;S
20240417;100006;49.32;2500;10137000668;S
20240417;100006;49.31;10;10137000669;S
20240417;100006;49.31;200;10137000670;S
20240417;100006;49.31;50;10137000671;S
20240417;100006;49.31;250;10137000672;S
20240417;100006;49.3;1000;10137000673;S
20240417;100006;49.3;50;10137000674;S
20240417;100006;49.3;10;10137000675;S
20240417;100006;49.3;10;10137000676;S
20240417;100006;49.3;10;10137000677;S
20240417;100006;49.3;100;10137000678;S
20240417;100006;49.29;2000;10137000679;S
20240417;100006;49.29;20;10137000680;S
20240417;100006;49.29;20;10137000681;S
20240417;100006;49.29;20;10137000682;S
20240417;100006;49.28;2000;10137000683;S
20240417;100006;49.27;10;10137000684;S
20240417;100006;49.27;10;10137000685;S
20240417;100006;49.26;20;10137000686;S
20240417;100006;49.26;20;10137000687;S
20240417;100006;49.26;250;10137000688;S
20240417;100006;49.26;20;10137000689;S
20240417;100006;49.26;400;10137000690;S
20240417;100006;49.25;1000;10137000691;S
20240417;100006;49.25;10;10137000692;S
20240417;100006;49.24;80;10137000693;S
20240417;100006;49.24;40;10137000694;S
20240417;100006;49.27;100;10137000700;S
20240417;100006;49.27;100;10137000701;S
20240417;100006;49.3;480;10137000704;S
20240417;100006;49.29;2420;10137000705;S
20240417;100006;49.35;1000;10137000819;S
20240417;100006;49.41;10;10137000823;B
20240417;100006;49.34;10;10137000931;B
20240417;100006;49.34;10;10137000932;B
20240417;100007;49.34;10;10137001344;B
20240417;100007;49.33;2470;10137001433;S
20240417;100007;49.34;20;10137001439;B
20240417;100007;49.4;20;10137001440;B
20240417;100007;49.41;460;10137001441;B
20240417;100007;49.42;500;10137001442;B
20240417;100007;49.4;50;10137001456;B
20240417;100007;49.4;10;10137001457;B
20240417;100007;49.34;70;10137001471;S
20240417;100007;49.38;110;10137001605;B
20240417;100007;49.4;190;10137001606;B
20240417;100007;49.4;20;10137001610;B
20240417;100007;49.4;10;10137001611;B
20240417;100007;49.36;50;10137001613;S
20240417;100007;49.36;1370;10137001787;S
20240417;100007;49.36;2630;10137001788;S
20240417;100007;49.36;60;10137001827;S
20240417;100007;49.36;200;10137001889;S
20240417;100007;49.36;400;10137001907;S
20240417;100007;49.4;30;10137002000;B
20240417;100007;49.39;10;10137002151;B
20240417;100008;49.36;2000;10137002173;S
20240417;100008;49.36;2000;10137002177;S
20240417;100008;49.35;20;10137002178;S
20240417;100008;49.35;500;10137002179;S
20240417;100008;49.34;470;10137002180;S
20240417;100008;49.33;1560;10137002181;S
20240417;100008;49.39;10;10137002486;B
20240417;100008;49.39;10;10137002487;B
20240417;100008;49.34;30;10137002488;S
20240417;100008;49.39;10;10137002615;B
20240417;100008;49.42;20;10137002617;B
20240417;100008;49.42;20;10137002951;B
20240417;100008;49.42;10;10137003080;B
20240417;100008;49.42;30;10137003086;B
20240417;100008;49.42;80;10137003089;B
20240417;100008;49.42;20;10137003092;B
20240417;100009;49.35;2800;10137003446;S
20240417;100009;49.42;10;10137003449;B
20240417;100009;49.35;70;10137003474;S
20240417;100009;49.35;10;10137003477;S
20240417;100009;49.35;70;10137003480;S
20240417;100009;49.42;10;10137003484;B
20240417;100009;49.42;10;10137003488;B
20240417;100009;49.42;280;10137003492;B
20240417;100009;49.44;90;10137003493;B
20240417;100009;49.43;10;10137003505;B
20240417;100009;49.43;20;10137003518;B
20240417;100009;49.43;10;10137003521;B
20240417;100009;49.43;10;10137003672;B
20240417;100009;49.37;70;10137004076;S
20240417;100009;49.37;30;10137004077;S
20240417;100009;49.37;130;10137004078;S
20240417;100009;49.37;20;10137004276;S
20240417;100009;49.43;20;10137004277;B
20240417;100009;49.37;10;10137004279;S
20240417;100009;49.37;20;10137004280;S
20240417;100010;49.43;20;10137004713;B
20240417;100010;49.43;380;10137004714;B
20240417;100010;49.43;20;10137004715;B
20240417;100010;49.43;200;10137004716;B
20240417;100010;49.44;600;10137004717;B
20240417;100010;49.44;10;10137004721;B
20240417;100010;49.44;50;10137004726;B
20240417;100010;49.37;190;10137004943;S
20240417;100010;49.36;1420;10137004944;S
20240417;100010;49.36;390;10137004945;S
20240417;100010;49.44;20;10137004959;B
20240417;100010;49.44;10;10137004966;B
20240417;100010;49.37;10;10137004970;S
20240417;100010;49.37;10;10137004981;S
20240417;100010;49.44;10;10137004990;B
20240417;100010;49.44;10;10137004996;B
20240417;100010;49.44;10;10137005005;B
20240417;100010;49.44;10;10137005021;B
20240417;100010;49.37;450;10137005121;S
20240417;100010;49.36;550;10137005122;S
20240417;100010;49.44;10;10137005140;B
20240417;100010;49.36;430;10137005146;S
20240417;100010;49.36;10;10137005156;S
20240417;100010;49.36;10;10137005161;S
20240417;100010;49.44;10;10137005172;B
20240417;100010;49.44;10;10137005439;B
20240417;100010;49.36;10;10137005815;S
20240417;100010;49.44;10;10137005819;B
20240417;100010;49.36;10;10137005823;S
20240417;100010;49.44;10;10137005826;B
20240417;100010;49.36;10;10137005841;S
20240417;100010;49.44;10;10137005848;B
20240417;100010;49.44;10;10137005857;B
20240417;100010;49.36;130;10137005861;S
20240417;100011;49.36;170;10137006049;S
20240417;100011;49.36;470;10137006050;S
20240417;100011;49.36;2630;10137006051;S
20240417;100011;49.35;730;10137006052;S
20240417;100011;49.36;10;10137006105;S
20240417;100011;49.43;10;10137006124;B
20240417;100011;49.44;10;10137006308;B
20240417;100011;49.44;10;10137006309;B
20240417;100011;49.44;10;10137006310;B
20240417;100011;49.37;10;10137006312;S
20240417;100011;49.37;160;10137006564;S
20240417;100011;49.44;10;10137006565;B
20240417;100011;49.37;150;10137006670;S
20240417;100013;49.37;200;10137007209;S
20240417;100013;49.37;1400;10137007286;S
20240417;100014;49.44;10;10137007621;B
20240417;100015;49.37;1400;10137008039;S
20240417;100016;49.37;3960;10137008286;S
20240417;100016;49.36;460;10137008287;S
20240417;100016;49.34;10;10137008288;S
20240417;100016;49.34;570;10137008289;S
20240417;100017;49.43;10;10137008353;B
20240417;100018;49.43;30;10137008546;B
20240417;100023;49.43;10;10137010085;S
20240417;100023;49.4;10;10137010086;S
20240417;100024;49.4;300;10137010408;S
20240417;100025;49.44;300;10137010475;B
20240417;100026;49.46;20;10137010800;B
20240417;100028;49.44;850;10137011207;S
20240417;100028;49.43;410;10137011208;S
20240417;100028;49.42;2630;10137011209;S
20240417;100028;49.42;1420;10137011210;S
20240417;100028;49.41;9690;10137011211;S
20240417;100028;49.41;10;10137011336;S
20240417;100030;49.46;180;10137011727;B
20240417;100032;49.46;20;10137012053;B
20240417;100033;49.41;300;10137012394;S
20240417;100037;49.41;190;10137013507;S
20240417;100037;49.39;10;10137013508;S
20240417;100040;49.41;10;10137014318;S
20240417;100040;49.41;90;10137014319;S
20240417;100041;49.4;10;10137014430;B
20240417;100041;49.43;10;10137014431;B
20240417;100041;49.44;480;10137014432;B
20240417;100041;49.44;1000;10137014433;B
20240417;100041;49.44;1420;10137014434;B
20240417;100041;49.45;7280;10137014435;B
20240417;100042;49.48;1420;10137014794;B
20240417;100042;49.48;2630;10137014795;B
20240417;100042;49.48;950;10137014796;B
20240417;100043;49.49;900;10137014964;B
20240417;100043;49.46;70;10137015191;S
20240417;100045;49.49;5000;10137015531;B
20240417;100045;49.47;10;10137015684;S
20240417;100046;49.47;1410;10137015942;S
20240417;100046;49.47;590;10137015943;S
20240417;100047;49.49;200;10137016110;B
20240417;100047;49.5;1580;10137016111;B
20240417;100047;49.5;50;10137016127;B
20240417;100048;49.47;1420;10137016454;S
20240417;100048;49.47;2630;10137016455;S
20240417;100048;49.46;950;10137016456;S
20240417;100049;49.5;5000;10137016729;B
20240417;100052;49.5;2000;10137017697;B
20240417;100055;49.47;1420;10137018566;S
20240417;100055;49.47;2630;10137018567;S
20240417;100055;49.46;18780;10137018568;S
20240417;100055;49.43;170;10137018569;S
20240417;100055;49.43;10;10137018570;S
20240417;100055;49.42;40;10137018571;S
20240417;100055;49.42;7270;10137018572;S
20240417;100055;49.41;470;10137018573;S
20240417;100055;49.4;300;10137018574;S
20240417;100055;49.4;10000;10137018575;S
20240417;100055;49.39;10;10137018576;S
20240417;100055;49.39;8900;10137018577;S
20240417;100055;49.47;1420;10137018582;S
20240417;100055;49.47;10;10137018684;B
20240417;100056;49.45;10;10137018892;B
20240417;100056;49.46;30;10137018893;B
20240417;100058;49.38;20;10137019492;S
20240417;100058;49.39;290;10137019579;S
20240417;100101;49.38;20;10137020305;S
20240417;100101;49.38;30;10137020343;S
20240417;100101;49.38;10;10137020349;S
20240417;100103;49.39;1700;10137020621;B
20240417;100103;49.4;340;10137020622;B
20240417;100103;49.4;10;10137020623;B
20240417;100103;49.42;4890;10137020624;B
20240417;100104;49.42;30;10137020955;B
20240417;100105;49.39;2000;10137020976;S
20240417;100109;49.42;5050;10137022265;B
20240417;100110;49.45;10;10137022519;B
20240417;100113;49.46;480;10137023326;B
20240417;100113;49.46;40;10137023327;B
20240417;100113;49.46;610;10137023328;B
20240417;100113;49.47;870;10137023329;B
20240417;100115;49.43;90;10137023747;S
20240417;100117;49.47;30;10137024181;B
20240417;100121;49.45;10;10137024911;B
20240417;100121;49.45;590;10137024912;B
20240417;100121;49.46;410;10137024913;B
20240417;100123;49.43;10;10137025227;S
20240417;100124;49.47;10;10137025306;B
20240417;100126;49.47;90;10137025687;B
20240417;100126;49.47;470;10137025688;B
20240417;100126;49.47;700;10137025689;B
20240417;100126;49.47;600;10137025690;B
20240417;100126;49.47;900;10137025691;S
20240417;100128;49.49;10;10137025974;B
20240417;100128;49.48;10;10137026065;S
20240417;100128;49.48;1000;10137026071;S
20240417;100129;49.47;7240;10137026278;S
20240417;100129;49.46;600;10137026279;S
20240417;100129;49.44;1000;10137026280;S
20240417;100129;49.44;1420;10137026281;S
20240417;100129;49.43;2630;10137026282;S
20240417;100129;49.43;10;10137026283;S
20240417;100129;49.43;50;10137026284;S
20240417;100129;49.43;2890;10137026285;S
20240417;100129;49.43;1000;10137026286;S
20240417;100129;49.42;4950;10137026287;S
20240417;100129;49.42;1000;10137026288;S
20240417;100129;49.42;470;10137026289;S
20240417;100129;49.42;700;10137026290;S
20240417;100129;49.41;1000;10137026291;S
20240417;100129;49.41;5040;10137026292;S
20240417;100129;49.44;10;10137026333;B
20240417;100130;49.44;1420;10137026433;S
20240417;100130;49.43;40;10137026434;S
20240417;100131;49.45;10;10137026653;B
20240417;100131;49.45;50;10137026800;B
20240417;100132;49.44;10;10137026831;S
20240417;100136;49.44;460;10137027410;S
20240417;100136;49.44;300;10137027428;S
20240417;100136;49.45;940;10137027483;B
20240417;100136;49.46;1000;10137027484;B
20240417;100136;49.46;590;10137027485;B
20240417;100136;49.47;470;10137027486;B
20240417;100136;49.47;530;10137027502;B
20240417;100136;49.47;370;10137027503;B
20240417;100136;49.48;20;10137027504;B
20240417;100136;49.48;80;10137027505;B
20240417;100137;49.47;10;10137027647;B
20240417;100140;49.44;580;10137028137;S
20240417;100140;49.44;300;10137028138;S
20240417;100140;49.44;2630;10137028139;S
20240417;100140;49.44;580;10137028140;S
20240417;100140;49.44;100;10137028141;S
20240417;100140;49.43;9960;10137028142;S
20240417;100140;49.43;1000;10137028143;S
20240417;100140;49.42;1000;10137028144;S
20240417;100140;49.42;470;10137028145;S
20240417;100140;49.42;7270;10137028146;S
20240417;100140;49.41;1000;10137028147;S
20240417;100140;49.41;2430;10137028148;S
20240417;100140;49.4;300;10137028149;S
20240417;100140;49.4;200;10137028150;S
20240417;100140;49.4;2500;10137028151;S
20240417;100140;49.4;1000;10137028152;S
20240417;100140;49.4;200;10137028153;S
20240417;100140;49.4;10;10137028154;S
20240417;100140;49.39;1000;10137028155;S
20240417;100140;49.39;10000;10137028156;S
20240417;100140;49.38;1000;10137028157;S
20240417;100140;49.38;40;10137028158;S
20240417;100140;49.37;50;10137028159;S
20240417;100140;49.37;500;10137028160;S
20240417;100140;49.37;1400;10137028161;S
20240417;100140;49.37;10;10137028162;S
20240417;100140;49.37;210;10137028163;S
20240417;100140;49.37;1000;10137028164;S
20240417;100140;49.37;10000;10137028165;S
20240417;100140;49.36;110;10137028166;S
20240417;100140;49.36;1000;10137028167;S
20240417;100140;49.36;1000;10137028168;S
20240417;100140;49.36;10;10137028169;S
20240417;100140;49.35;1000;10137028170;S
20240417;100140;49.35;10;10137028171;S
20240417;100140;49.35;8000;10137028172;S
20240417;100140;49.34;10;10137028173;S
20240417;100140;49.34;1000;10137028174;S
20240417;100140;49.33;1000;10137028175;S
20240417;100140;49.32;10;10137028176;S
20240417;100140;49.32;6000;10137028177;S
20240417;100140;49.32;50;10137028178;S
20240417;100140;49.32;1000;10137028179;S
20240417;100140;49.32;200;10137028180;S
20240417;100140;49.32;10000;10137028181;S
20240417;100140;49.31;10;10137028182;S
20240417;100140;49.3;1500;10137028183;S
20240417;100140;49.3;200;10137028184;S
20240417;100140;49.3;3000;10137028185;S
20240417;100140;49.3;30;10137028186;S
20240417;100140;49.3;20;10137028187;S
20240417;100140;49.3;50;10137028188;S
20240417;100140;49.3;100;10137028189;S
20240417;100140;49.3;10;10137028190;S
20240417;100140;49.3;200;10137028191;S
20240417;100140;49.3;8190;10137028192;S
20240417;100140;49.3;10;10137028193;S
20240417;100140;49.3;100;10137028194;S
20240417;100140;49.3;10;10137028195;S
20240417;100140;49.29;420;10137028196;S
20240417;100140;49.27;1000;10137028197;S
20240417;100140;49.25;10;10137028198;S
20240417;100140;49.25;100;10137028199;S
20240417;100140;49.24;2030;10137028200;S
20240417;100140;49.23;20;10137028201;S
20240417;100140;49.23;150;10137028202;S
20240417;100140;49.23;20;10137028203;S
20240417;100140;49.23;20;10137028204;S
20240417;100140;49.22;1420;10137028205;S
20240417;100140;49.21;10;10137028206;S
20240417;100140;49.21;20;10137028207;S
20240417;100140;49.21;100;10137028208;S
20240417;100140;49.21;250;10137028209;S
20240417;100140;49.21;400;10137028210;S
20240417;100140;49.21;10;10137028211;S
20240417;100140;49.2;510;10137028212;S
20240417;100140;49.2;2200;10137028213;S
20240417;100140;49.2;740;10137028214;S
20240417;100140;49.33;4000;10137028218;S
20240417;100140;49.29;6000;10137028219;B
20240417;100140;49.29;100;10137028220;S
20240417;100140;49.28;700;10137028221;S
20240417;100140;49.29;800;10137028226;B
20240417;100140;49.29;800;10137028228;B
20240417;100140;49.29;200;10137028230;B
20240417;100140;49.29;1000;10137028231;B
20240417;100140;49.3;1000;10137028248;B
20240417;100140;49.31;1000;10137028249;B
20240417;100140;49.31;470;10137028250;B
20240417;100140;49.31;580;10137028251;B
20240417;100140;49.32;1000;10137028252;B
20240417;100140;49.32;950;10137028253;B
20240417;100141;49.32;460;10137028357;S
20240417;100141;49.33;1000;10137028434;B
20240417;100142;49.31;1630;10137028529;S
20240417;100144;49.32;1000;10137029030;B
20240417;100144;49.32;200;10137029093;B
20240417;100144;49.32;20;10137029097;B
20240417;100145;49.32;50;10137029201;S
20240417;100145;49.33;1000;10137029203;B
20240417;100146;49.33;800;10137029438;S
20240417;100148;49.34;100;10137030114;B
20240417;100148;49.33;5000;10137030163;S
20240417;100149;49.33;800;10137030185;S
20240417;100149;49.34;900;10137030304;B
20240417;100149;49.34;470;10137030305;B
20240417;100149;49.35;1000;10137030306;B
20240417;100149;49.35;700;10137030307;B
20240417;100149;49.35;40;10137030308;B
20240417;100153;49.37;1000;10137030928;B
20240417;100153;49.38;1000;10137030929;B
20240417;100153;49.4;500;10137030930;B
20240417;100153;49.4;5000;10137031046;B
20240417;100154;49.39;50;10137031106;S
20240417;100155;49.39;20;10137031363;S
20240417;100156;49.39;220;10137031461;S
20240417;100156;49.4;10;10137031534;B
20240417;100156;49.41;240;10137031535;B
20240417;100200;49.39;130;10137032389;S
20240417;100200;49.4;10;10137032472;B
20240417;100200;49.42;10;10137032473;B
20240417;100202;49.41;10;10137032901;S
20240417;100205;49.42;40;10137033372;B
20240417;100205;49.42;10;10137033373;B
20240417;100205;49.41;390;10137033385;S
20240417;100205;49.41;1000;10137033386;S
20240417;100205;49.41;610;10137033387;S
20240417;100205;49.41;50;10137033471;S
20240417;100206;49.41;9340;10137033628;S
20240417;100206;49.41;600;10137033629;S
20240417;100206;49.41;100;10137033630;S
20240417;100206;49.41;9960;10137033631;S
20240417;100207;49.41;100;10137033740;B
20240417;100209;49.42;40;10137034230;B
20240417;100209;49.42;50;10137034231;B
20240417;100209;49.42;50;10137034232;B
20240417;100209;49.42;10;10137034233;B
20240417;100209;49.42;100;10137034234;B
20240417;100209;49.41;10;10137034235;S
20240417;100210;49.42;1000;10137034382;B
20240417;100213;49.42;10;10137034885;B
20240417;100213;49.41;50;10137035016;S
20240417;100213;49.42;60;10137035021;B
20240417;100214;49.42;20;10137035091;B
20240417;100216;49.42;2970;10137035447;B
20240417;100216;49.43;600;10137035448;B
20240417;100216;49.44;1000;10137035449;B
20240417;100216;49.44;430;10137035450;B
20240417;100216;49.45;10;10137035510;B
20240417;100216;49.46;1000;10137035511;B
20240417;100216;49.47;1000;10137035512;B
20240417;100216;49.47;620;10137035513;B
20240417;100216;49.47;800;10137035514;B
20240417;100216;49.47;1570;10137035515;B
20240417;100217;49.46;60;10137035567;S
20240417;100217;49.48;1500;10137035603;B
20240417;100218;49.46;2000;10137035784;S
20240417;100218;49.48;10;10137035987;B
20240417;100220;49.46;60;10137036358;S
20240417;100222;49.46;1190;10137036622;S
20240417;100224;49.48;20;10137036979;B
20240417;100224;49.46;400;10137037078;S
20240417;100225;49.48;30;10137037149;B
20240417;100227;49.48;500;10137037596;B
20240417;100228;49.48;5000;10137037717;B
20240417;100228;49.49;10;10137037727;B
20240417;100228;49.47;580;10137037755;S
20240417;100231;49.49;200;10137038418;B
20240417;100231;49.47;2050;10137038421;S
20240417;100231;49.47;80;10137038422;S
20240417;100231;49.47;10000;10137038423;S
20240417;100231;49.47;650;10137038424;S
20240417;100231;49.46;10;10137038425;S
20240417;100231;49.45;1000;10137038426;S
20240417;100231;49.45;620;10137038427;S
20240417;100231;49.44;1000;10137038428;S
20240417;100231;49.43;590;10137038429;S
20240417;100232;49.46;30;10137038626;B
20240417;100235;49.46;10;10137040425;B
20240417;100235;49.43;400;10137040447;S
20240417;100235;49.43;10;10137040448;S
20240417;100235;49.43;390;10137040449;S
20240417;100235;49.43;400;10137040450;S
20240417;100235;49.43;1000;10137040451;S
20240417;100235;49.43;330;10137040452;S
20240417;100235;49.43;60;10137040453;S
20240417;100235;49.43;610;10137040454;S
20240417;100235;49.43;500;10137040455;S
20240417;100235;49.43;1000;10137040457;S
20240417;100237;49.43;20;10137040724;S
20240417;100237;49.45;2000;10137040742;B
20240417;100238;49.46;10;10137040947;B
20240417;100242;49.46;560;10137041525;B
20240417;100242;49.46;1000;10137041526;B
20240417;100242;49.46;1440;10137041527;B
20240417;100243;49.42;10;10137041740;S
20240417;100247;49.46;10;10137042432;B
20240417;100247;49.46;490;10137042433;B
20240417;100249;49.46;300;10137042913;S
20240417;100249;49.46;420;10137042958;S
20240417;100249;49.46;180;10137042959;S
20240417;100252;49.46;6000;10137043477;S
20240417;100253;49.46;100;10137043561;S
20240417;100253;49.47;1000;10137043579;B
20240417;100253;49.48;20;10137043691;B
20240417;100256;49.48;980;10137044032;B
20240417;100256;49.48;10;10137044033;B
20240417;100256;49.46;990;10137044071;S
20240417;100258;49.48;7260;10137044416;B
20240417;100258;49.48;1000;10137044417;B
20240417;100258;49.49;3400;10137044418;B
20240417;100258;49.49;1400;10137044419;B
20240417;100258;49.49;1000;10137044420;B
20240417;100258;49.49;10000;10137044421;B
20240417;100258;49.49;720;10137044422;B
20240417;100258;49.5;5220;10137044423;B
20240417;100258;49.47;90;10137044571;S
20240417;100259;49.5;10;10137044635;B
20240417;100301;49.49;20;10137045275;B
20240417;100302;49.49;20;10137045313;B
20240417;100303;49.47;510;10137045752;S
20240417;100304;49.49;40;10137046054;B
20240417;100306;49.49;10;10137046394;B
20240417;100306;49.49;20;10137046699;B
20240417;100309;49.49;120;10137047279;B
20240417;100309;49.5;210;10137047280;B
20240417;100311;49.5;3430;10137047734;B
20240417;100311;49.5;430;10137047735;B
20240417;100311;49.5;410;10137047736;B
20240417;100311;49.5;10;10137047737;B
20240417;100311;49.5;200;10137047738;B
20240417;100311;49.5;210;10137047739;B
20240417;100311;49.5;10;10137047740;B
20240417;100311;49.5;50;10137047741;B
20240417;100311;49.5;9650;10137047742;B
20240417;100311;49.5;50;10137047743;B
20240417;100311;49.51;10;10137047756;B
20240417;100313;49.51;390;10137048214;B
20240417;100313;49.52;1000;10137048215;B
20240417;100313;49.52;7270;10137048216;B
20240417;100313;49.52;750;10137048217;B
20240417;100313;49.53;1000;10137048218;B
20240417;100313;49.54;1000;10137048219;B
20240417;100313;49.54;1000;10137048220;B
20240417;100313;49.54;15000;10137048221;B
20240417;100313;49.55;16810;10137048222;B
20240417;100317;49.55;2000;10137048867;B
20240417;100318;49.55;1610;10137049179;B
20240417;100318;49.55;30;10137049180;B
20240417;100318;49.55;10;10137049181;B
20240417;100318;49.55;10;10137049182;B
20240417;100318;49.55;10;10137049183;B
20240417;100318;49.55;10;10137049184;B
20240417;100318;49.56;10;10137049185;B
20240417;100318;49.56;20;10137049186;B
20240417;100318;49.56;290;10137049187;B
20240417;100324;49.56;300;10137050384;S
20240417;100325;49.55;10;10137050555;S
20240417;100325;49.55;990;10137050556;S
20240417;100327;49.56;100;10137051141;B
20240417;100328;49.56;200;10137051302;B
20240417;100328;49.57;10;10137051303;B
20240417;100328;49.57;10;10137051304;B
20240417;100328;49.57;780;10137051305;B
20240417;100329;49.55;10;10137051388;B
20240417;100329;49.55;10;10137051414;B
20240417;100329;49.56;760;10137051415;B
20240417;100329;49.57;230;10137051416;B
20240417;100331;49.57;210;10137052117;B
20240417;100332;49.57;100;10137052126;B
20240417;100332;49.57;10;10137052260;B
20240417;100340;49.57;1170;10137053962;B
20240417;100340;49.57;10;10137053963;B
20240417;100340;49.57;2200;10137053964;B
20240417;100340;49.57;10;10137053965;B
20240417;100340;49.57;10;10137053966;B
20240417;100340;49.57;10;10137053967;B
20240417;100340;49.57;10;10137053968;B
20240417;100340;49.57;10;10137053969;B
20240417;100340;49.57;10;10137053970;B
20240417;100340;49.57;50;10137053971;B
20240417;100340;49.57;10;10137053972;B
20240417;100340;49.57;10;10137053973;B
20240417;100340;49.57;40;10137053974;B
20240417;100340;49.57;30;10137053975;B
20240417;100340;49.57;450;10137053976;B
20240417;100346;49.57;1550;10137055648;B
20240417;100346;49.57;20;10137055649;B
20240417;100346;49.57;10;10137055650;B
20240417;100346;49.57;6750;10137055651;B
20240417;100346;49.57;7260;10137055652;B
20240417;100346;49.57;50;10137055653;B
20240417;100346;49.58;760;10137055654;B
20240417;100346;49.59;1000;10137055655;B
20240417;100346;49.59;230;10137055656;B
20240417;100346;49.6;2500;10137055657;B
20240417;100346;49.6;10;10137055658;B
20240417;100346;49.6;10;10137055659;B
20240417;100346;49.6;2000;10137055660;B
20240417;100346;49.6;1000;10137055661;B
20240417;100346;49.6;1000;10137055662;B
20240417;100346;49.6;40;10137055663;B
20240417;100346;49.61;1000;10137055664;B
20240417;100346;49.61;10000;10137055665;B
20240417;100346;49.62;1000;10137055666;B
20240417;100346;49.62;10000;10137055667;B
20240417;100346;49.63;1000;10137055668;B
20240417;100346;49.64;1000;10137055669;B
20240417;100346;49.65;10;10137055670;B
20240417;100346;49.65;10;10137055671;B
20240417;100346;49.65;1000;10137055672;B
20240417;100346;49.66;1000;10137055673;B
20240417;100346;49.67;1000;10137055674;B
20240417;100346;49.67;1000;10137055675;B
20240417;100346;49.68;7790;10137055676;B
20240417;100347;49.63;80;10137055687;S
20240417;100347;49.63;920;10137055688;S
20240417;100347;49.63;50;10137055689;B
20240417;100347;49.63;30;10137055699;B
20240417;100347;49.63;20;10137055700;B
20240417;100347;49.63;480;10137055827;B
20240417;100347;49.63;20;10137055828;B
20240417;100347;49.63;480;10137055856;B
20240417;100347;49.64;120;10137055857;B
20240417;100347;49.64;10;10137055881;B
20240417;100350;49.62;10;10137056437;S
20240417;100350;49.62;10;10137056617;S
20240417;100353;49.63;200;10137057129;S
20240417;100353;49.64;300;10137057130;S
20240417;100353;49.64;100;10137057131;S
20240417;100356;49.66;1000;10137057916;B
20240417;100357;49.65;10;10137057974;S
20240417;100357;49.65;990;10137058190;S
20240417;100357;49.65;1000;10137058191;S
20240417;100357;49.65;10;10137058192;S
20240417;100357;49.66;6250;10137058223;B
20240417;100357;49.66;100;10137058224;S
20240417;100357;49.67;1000;10137058226;S
20240417;100358;49.68;160;10137058305;S
20240417;100359;49.68;10;10137058456;S
20240417;100359;49.69;60;10137058613;B
20240417;100359;49.69;30;10137058614;B
20240417;100400;49.68;10;10137058653;S
20240417;100400;49.68;820;10137058681;S
20240417;100400;49.68;180;10137058682;S
20240417;100400;49.68;10;10137058817;S
20240417;100400;49.68;810;10137058875;S
20240417;100400;49.68;1690;10137058876;S
20240417;100401;49.69;1630;10137058913;B
20240417;100405;49.69;5590;10137059785;B
20240417;100405;49.69;810;10137059786;B
20240417;100405;49.69;500;10137059787;B
20240417;100405;49.7;30;10137059788;B
20240417;100405;49.7;10;10137059789;B
20240417;100405;49.7;10;10137059790;B
20240417;100405;49.7;220;10137059791;B
20240417;100405;49.7;2830;10137059792;B
20240417;100405;49.69;480;10137060021;B
20240417;100405;49.68;10;10137060039;S
20240417;100405;49.68;1990;10137060040;S
20240417;100406;49.69;10;10137060052;B
20240417;100406;49.69;6750;10137060057;B
20240417;100406;49.7;2170;10137060058;B
20240417;100406;49.7;120;10137060059;B
20240417;100406;49.7;250;10137060060;B
20240417;100406;49.7;820;10137060061;B
20240417;100406;49.71;1200;10137060062;B
20240417;100406;49.71;4000;10137060063;B
20240417;100406;49.72;310;10137060064;B
20240417;100406;49.72;10;10137060065;B
20240417;100406;49.72;10;10137060066;B
20240417;100406;49.73;120;10137060067;B
20240417;100406;49.73;250;10137060068;B
20240417;100406;49.73;1000;10137060069;B
20240417;100406;49.74;1000;10137060070;B
20240417;100406;49.74;3640;10137060071;B
20240417;100406;49.74;6060;10137060072;B
20240417;100406;49.74;1420;10137060073;B
20240417;100406;49.74;2630;10137060074;B
20240417;100406;49.75;10;10137060075;B
20240417;100406;49.75;18230;10137060076;B
20240417;100406;49.7;40;10137060077;S
20240417;100406;49.7;60;10137060078;S
20240417;100406;49.7;900;10137060079;S
20240417;100406;49.72;200;10137060111;B
20240417;100406;49.71;100;10137060117;S
20240417;100406;49.71;300;10137060118;S
20240417;100406;49.71;400;10137060119;S
20240417;100406;49.71;100;10137060260;B
20240417;100406;49.71;200;10137060261;B
20240417;100406;49.71;400;10137060262;B
20240417;100406;49.71;300;10137060267;B
20240417;100406;49.71;500;10137060268;B
20240417;100406;49.71;300;10137060269;B
20240417;100406;49.71;340;10137060270;B
20240417;100407;49.7;1000;10137060375;S
20240417;100408;49.71;10;10137060572;B
20240417;100408;49.71;250;10137060604;B
20240417;100408;49.72;50;10137060605;B
20240417;100408;49.71;400;10137060606;S
20240417;100408;49.7;200;10137060681;S
20240417;100408;49.71;20;10137060682;B
20240417;100409;49.7;10;10137060716;S
20240417;100409;49.71;180;10137060750;B
20240417;100409;49.71;820;10137060751;B
20240417;100410;49.71;100;10137061175;B
20240417;100411;49.71;100;10137061328;B
20240417;100411;49.72;890;10137061329;B
20240417;100413;49.7;30;10137061797;S
20240417;100414;49.71;700;10137061866;S
20240417;100414;49.72;20;10137061920;B
20240417;100414;49.72;140;10137062038;B
20240417;100415;49.72;30;10137062132;B
20240417;100416;49.71;100;10137062273;S
20240417;100416;49.72;30;10137062299;B
20240417;100417;49.72;500;10137062437;B
20240417;100418;49.71;200;10137062691;S
20240417;100418;49.71;200;10137062692;S
20240417;100419;49.71;1000;10137062774;S
20240417;100419;49.72;400;10137062796;S
20240417;100421;49.72;330;10137063128;S
20240417;100421;49.73;20;10137063245;B
20240417;100423;49.72;270;10137063561;S
20240417;100423;49.72;3430;10137063562;S
20240417;100423;49.73;1980;10137063600;B
20240417;100423;49.73;820;10137063601;B
20240417;100423;49.73;160;10137063602;B
20240417;100423;49.74;40;10137063603;B
20240417;100423;49.74;1420;10137063604;B
20240417;100423;49.75;500;10137063605;B
20240417;100423;49.75;10;10137063606;B
20240417;100423;49.75;7230;10137063607;B
20240417;100423;49.75;2000;10137063608;S
20240417;100423;49.75;1000;10137063609;S
20240417;100423;49.75;500;10137063610;S
20240417;100423;49.75;800;10137063611;S
20240417;100423;49.75;540;10137063612;S
20240417;100424;49.73;80;10137063816;S
20240417;100425;49.73;300;10137064097;S
20240417;100426;49.74;10;10137064267;B
20240417;100427;49.73;100;10137064529;S
20240417;100427;49.74;200;10137064642;B
20240417;100427;49.73;500;10137064745;S
20240417;100428;49.74;1210;10137064883;B
20240417;100428;49.74;820;10137064884;B
20240417;100428;49.75;360;10137064885;B
20240417;100428;49.75;900;10137064886;B
20240417;100428;49.75;500;10137064887;B
20240417;100428;49.75;500;10137064888;B
20240417;100428;49.75;900;10137064889;B
20240417;100428;49.75;900;10137064890;B
20240417;100428;49.75;100;10137064891;B
20240417;100428;49.75;520;10137064892;B
20240417;100428;49.76;50;10137064893;B
20240417;100428;49.76;2000;10137064894;B
20240417;100428;49.76;10;10137064895;B
20240417;100428;49.76;250;10137064896;B
20240417;100428;49.76;980;10137064897;B
20240417;100429;49.73;20;10137065091;S
20240417;100429;49.73;10;10137065092;S
20240417;100430;49.73;5000;10137065146;S
20240417;100430;49.73;10;10137065194;S
20240417;100433;49.74;20;10137065612;B
20240417;100433;49.74;100;10137065678;B
20240417;100434;49.74;100;10137065759;B
20240417;100434;49.74;400;10137065855;B
20240417;100435;49.74;100;10137065958;B
20240417;100436;49.74;80;10137066151;B
20240417;100436;49.74;500;10137066152;B
20240417;100436;49.74;810;10137066153;B
20240417;100436;49.74;800;10137066154;B
20240417;100436;49.74;700;10137066155;B
20240417;100441;49.74;10000;10137067033;S
20240417;100441;49.74;620;10137067035;S
20240417;100441;49.74;1380;10137067036;S
20240417;100442;49.74;20;10137067231;S
20240417;100442;49.74;20;10137067340;S
20240417;100443;49.75;30;10137067341;B
20240417;100443;49.75;20;10137067347;B
20240417;100443;49.75;200;10137067348;B
20240417;100443;49.75;3000;10137067349;B
20240417;100443;49.75;820;10137067350;B
20240417;100443;49.77;100;10137067351;B
20240417;100443;49.77;1040;10137067352;B
20240417;100443;49.78;2630;10137067353;B
20240417;100443;49.78;1420;10137067354;B
20240417;100443;49.78;7230;10137067355;B
20240417;100443;49.79;2000;10137067356;B
20240417;100443;49.79;60;10137067357;B
20240417;100443;49.79;1000;10137067358;B
20240417;100443;49.8;5000;10137067359;B
20240417;100443;49.8;50;10137067360;B
20240417;100443;49.8;10;10137067361;B
20240417;100443;49.8;1000;10137067362;B
20240417;100443;49.81;30;10137067363;B
20240417;100443;49.81;10;10137067364;B
20240417;100443;49.81;1000;10137067365;B
20240417;100443;49.81;7810;10137067366;B
20240417;100443;49.82;10;10137067367;B
20240417;100443;49.82;1000;10137067368;B
20240417;100443;49.83;1000;10137067369;B
20240417;100443;49.83;10000;10137067370;B
20240417;100443;49.84;7000;10137067371;B
20240417;100443;49.84;1000;10137067372;B
20240417;100443;49.84;250;10137067373;B
20240417;100443;49.85;10;10137067374;B
20240417;100443;49.85;400;10137067375;B
20240417;100443;49.85;1000;10137067376;B
20240417;100443;49.86;10;10137067377;B
20240417;100443;49.86;1190;10137067378;B
20240417;100443;49.86;1000;10137067379;B
20240417;100443;49.86;2500;10137067380;B
20240417;100443;49.87;2700;10137067381;B
20240417;100443;49.87;10000;10137067382;B
20240417;100443;49.87;80;10137067383;B
20240417;100443;49.87;2000;10137067384;B
20240417;100443;49.87;1000;10137067385;B
20240417;100443;49.88;2800;10137067386;B
20240417;100443;49.88;10;10137067387;B
20240417;100443;49.88;250;10137067388;B
20240417;100443;49.88;1000;10137067389;B
20240417;100443;49.88;19360;10137067390;B
20240417;100443;49.79;280;10137067392;S
20240417;100443;49.87;200;10137067393;B
20240417;100443;49.8;1000;10137067394;S
20240417;100443;49.8;300;10137067395;S
20240417;100443;49.8;340;10137067396;S
20240417;100443;49.79;30;10137067397;S
20240417;100443;49.79;1000;10137067398;S
20240417;100443;49.79;1000;10137067399;B
20240417;100443;49.78;40;10137067418;B
20240417;100443;49.77;1000;10137067430;S
20240417;100443;49.77;9000;10137067431;S
20240417;100443;49.78;1380;10137067490;B
20240417;100443;49.79;2630;10137067491;B
20240417;100443;49.79;1300;10137067492;B
20240417;100443;49.79;2400;10137067493;B
20240417;100443;49.79;620;10137067494;B
20240417;100443;49.8;1600;10137067495;B
20240417;100443;49.81;70;10137067496;B
20240417;100443;49.81;100;10137067503;S
20240417;100444;49.82;1420;10137067537;B
20240417;100444;49.82;580;10137067538;B
20240417;100444;49.81;10;10137067541;S
20240417;100444;49.81;10;10137067622;S
20240417;100444;49.82;300;10137067623;B
20240417;100444;49.81;40;10137067625;S
20240417;100444;49.81;400;10137067633;S
20240417;100444;49.81;540;10137067715;S
20240417;100444;49.81;460;10137067716;S
20240417;100444;49.81;10;10137067827;S
20240417;100444;49.82;110;10137067912;B
20240417;100445;49.81;10;10137067986;S
20240417;100445;49.82;1000;10137068089;B
20240417;100445;49.81;5000;10137068137;S
20240417;100446;49.81;10;10137068161;S
20240417;100446;49.81;10;10137068162;S
20240417;100446;49.81;100;10137068274;S
20240417;100447;49.81;4400;10137068416;S
20240417;100447;49.81;10;10137068417;S
20240417;100447;49.81;590;10137068418;S
20240417;100447;49.81;10;10137068419;S
20240417;100447;49.8;1000;10137068420;S
20240417;100447;49.8;100;10137068421;S
20240417;100447;49.8;1000;10137068422;S
20240417;100447;49.79;30;10137068448;S
20240417;100450;49.79;40;10137069019;S
20240417;100451;49.79;930;10137069150;S
20240417;100451;49.79;4070;10137069151;S
20240417;100453;49.79;5000;10137069428;S
20240417;100453;49.8;10;10137069492;B
20240417;100453;49.8;500;10137069497;B
20240417;100453;49.8;50;10137069498;S
20240417;100454;49.8;30;10137069606;S
20240417;100454;49.8;30;10137069610;S
20240417;100454;49.81;500;10137069690;B
20240417;100456;49.79;930;10137069863;S
20240417;100456;49.79;1000;10137069864;S
20240417;100456;49.78;1000;10137069865;S
20240417;100456;49.78;640;10137069866;S
20240417;100456;49.78;20;10137069867;S
20240417;100456;49.76;40;10137069966;S
20240417;100457;49.76;300;10137069991;S
20240417;100457;49.77;400;10137070065;B
20240417;100457;49.76;200;10137070083;S
20240417;100458;49.77;1020;10137070244;B
20240417;100458;49.77;500;10137070245;B
20240417;100458;49.77;20;10137070290;B
20240417;100458;49.77;70;10137070300;B
20240417;100459;49.76;460;10137070374;S
20240417;100459;49.76;10000;10137070375;S
20240417;100459;49.75;1000;10137070376;S
20240417;100459;49.75;10;10137070377;S
20240417;100459;49.75;810;10137070378;S
20240417;100459;49.74;1000;10137070379;S
20240417;100459;49.74;20;10137070380;S
20240417;100459;49.74;10;10137070381;S
20240417;100459;49.73;1000;10137070382;S
20240417;100459;49.73;700;10137070383;S
20240417;100459;49.72;10;10137070384;S
20240417;100459;49.72;1000;10137070385;S
20240417;100459;49.72;230;10137070386;S
20240417;100459;49.72;310;10137070393;S
20240417;100459;49.77;1330;10137070476;B
20240417;100459;49.77;550;10137070477;B
20240417;100459;49.77;2630;10137070478;B
20240417;100459;49.78;1490;10137070479;B
20240417;100500;49.75;10;10137070548;S
20240417;100500;49.75;7940;10137070549;S
20240417;100500;49.74;1000;10137070658;S
20240417;100500;49.74;630;10137070659;S
20240417;100500;49.73;1000;10137070660;S
20240417;100500;49.73;20;10137070661;S
20240417;100501;49.71;240;10137070948;S
20240417;100504;49.71;20;10137071884;S
20240417;100504;49.71;20;10137071893;S
20240417;100511;49.71;120;10137073015;S
20240417;100511;49.71;4880;10137073016;S
20240417;100513;49.71;5000;10137073247;S
20240417;100514;49.71;5000;10137073454;S
20240417;100516;49.72;30;10137074123;B
20240417;100517;49.71;6350;10137074290;S
20240417;100518;49.72;100;10137074386;B
20240417;100518;49.72;10;10137074438;B
20240417;100519;49.72;10;10137074581;B
20240417;100520;49.71;1000;10137074659;S
20240417;100520;49.72;30;10137074721;B
20240417;100521;49.71;4040;10137074924;S
20240417;100521;49.71;800;10137074925;S
20240417;100521;49.71;1000;10137074926;S
20240417;100521;49.7;10;10137074927;S
20240417;100521;49.7;2000;10137074928;S
20240417;100521;49.7;10;10137074929;S
20240417;100521;49.7;2000;10137074930;S
20240417;100521;49.7;380;10137074931;S
20240417;100521;49.7;1000;10137074932;S
20240417;100521;49.7;10;10137074933;S
20240417;100521;49.7;50;10137074934;S
20240417;100522;49.69;30;10137075059;S
20240417;100523;49.69;10;10137075379;B
20240417;100524;49.69;200;10137075532;B
20240417;100524;49.68;10;10137075558;S
20240417;100525;49.68;10;10137075744;S
20240417;100526;49.68;500;10137075848;S
20240417;100526;49.68;10;10137075902;S
20240417;100527;49.68;50;10137075976;S
20240417;100527;49.69;100;10137076194;B
20240417;100528;49.69;10;10137076236;B
20240417;100529;49.69;20;10137076498;B
20240417;100530;49.68;20;10137076695;S
20240417;100531;49.68;2620;10137076790;S
20240417;100531;49.68;300;10137076791;S
20240417;100531;49.67;80;10137076792;S
20240417;100537;49.67;90;10137078008;S
20240417;100537;49.67;30;10137078009;S
20240417;100541;49.67;10;10137078739;B
20240417;100544;49.66;130;10137079480;S
20240417;100545;49.67;10;10137079696;B
20240417;100548;49.66;7110;10137080177;S
20240417;100548;49.65;100;10137080178;S
20240417;100548;49.65;790;10137080179;S
20240417;100548;49.64;1000;10137080180;S
20240417;100548;49.64;4680;10137080181;S
20240417;100550;49.66;30;10137080579;B
20240417;100551;49.67;300;10137080686;B
20240417;100553;49.66;10;10137081263;S
20240417;100555;49.65;30;10137081523;B
20240417;100555;49.64;2000;10137081635;S
20240417;100556;49.64;6040;10137081786;S
20240417;100556;49.65;10;10137081869;B
20240417;100558;49.64;1000;10137082253;S
20240417;100558;49.64;1130;10137082388;S
20240417;100559;49.65;30;10137082576;B
20240417;100600;49.65;1350;10137082638;B
20240417;100600;49.66;6990;10137082639;B
20240417;100600;49.66;780;10137082640;B
20240417;100600;49.66;350;10137082641;B
20240417;100600;49.66;30;10137082642;B
20240417;100602;49.64;50;10137083110;S
20240417;100604;49.65;60;10137083576;B
20240417;100604;49.64;250;10137083583;S
20240417;100605;49.65;10;10137083814;B
20240417;100610;49.65;10;10137084595;B
20240417;100611;49.65;50;10137084813;B
20240417;100612;49.64;500;10137084862;S
20240417;100613;49.65;20;10137084974;B
20240417;100613;49.64;100;10137085093;S
20240417;100616;49.65;500;10137085480;B
20240417;100617;49.65;70;10137085683;B
20240417;100618;49.64;5000;10137085874;S
20240417;100620;49.64;9800;10137086216;S
20240417;100622;49.65;110;10137086564;B
20240417;100622;49.65;390;10137086565;B
20240417;100622;49.65;10;10137086569;B
20240417;100622;49.64;40;10137086729;S
20240417;100624;49.65;10;10137086929;B
20240417;100624;49.65;1000;10137086953;B
20240417;100624;49.64;1500;10137086995;S
20240417;100626;49.64;14000;10137087400;S
20240417;100628;49.64;50;10137087721;S
20240417;100629;49.64;5000;10137087755;S
20240417;100629;49.65;10;10137087815;B
20240417;100629;49.64;400;10137087843;S
20240417;100630;49.65;10;10137088040;B
20240417;100630;49.64;3100;10137088062;S
20240417;100630;49.64;6900;10137088063;S
20240417;100630;49.64;10;10137088064;S
20240417;100630;49.64;30;10137088065;S
20240417;100630;49.64;500;10137088066;S
20240417;100630;49.63;10;10137088067;S
20240417;100630;49.63;30;10137088068;S
20240417;100630;49.63;200;10137088069;S
20240417;100630;49.63;500;10137088070;S
20240417;100630;49.62;1000;10137088071;S
20240417;100630;49.61;900;10137088072;S
20240417;100630;49.61;600;10137088076;S
20240417;100631;49.62;10;10137088314;B
20240417;100631;49.63;100;10137088369;B
20240417;100633;49.62;10;10137088638;B
20240417;100633;49.63;10;10137088639;B
20240417;100643;49.62;20;10137089980;B
20240417;100643;49.62;20;10137089981;B
20240417;100648;49.63;10;10137090707;B
20240417;100654;49.62;10;10137091652;B
20240417;100654;49.61;250;10137091687;S
20240417;100655;49.61;10;10137091799;S
20240417;100703;49.62;10;10137093143;B
20240417;100703;49.61;1500;10137093155;S
20240417;100703;49.62;30;10137093199;B
20240417;100704;49.62;50;10137093240;B
20240417;100708;49.62;30;10137093911;B
20240417;100709;49.62;10;10137094011;B
20240417;100713;49.62;50;10137094710;B
20240417;100715;49.62;70;10137094948;B
20240417;100724;49.62;500;10137096364;B
20240417;100728;49.61;1000;10137096973;S
20240417;100729;49.62;30;10137097217;B
20240417;100730;49.62;10;10137097282;B
20240417;100730;49.62;10;10137097309;B
20240417;100737;49.61;300;10137098240;S
20240417;100737;49.61;600;10137098295;S
20240417;100737;49.62;10;10137098385;B
20240417;100738;49.62;30;10137098554;B
20240417;100739;49.61;100;10137098625;S
20240417;100742;49.62;880;10137099008;B
20240417;100742;49.62;350;10137099009;B
20240417;100742;49.62;2200;10137099010;B
20240417;100742;49.62;1150;10137099011;B
20240417;100743;49.63;2510;10137099133;B
20240417;100743;49.63;1000;10137099134;B
20240417;100743;49.63;890;10137099135;B
20240417;100743;49.63;30;10137099221;B
20240417;100744;49.62;100;10137099349;S
20240417;100749;49.63;500;10137100718;B
20240417;100753;49.62;80;10137101490;S
20240417;100755;49.63;10;10137101750;B
20240417;100757;49.62;240;10137102094;S
20240417;100757;49.62;760;10137102095;S
20240417;100801;49.61;10;10137102564;S
20240417;100801;49.63;10;10137102599;B
20240417;100803;49.61;1700;10137103064;S
20240417;100804;49.62;10;10137103149;B
20240417;100807;49.63;100;10137103633;B
20240417;100807;49.63;30;10137103781;B
20240417;100808;49.63;170;10137103916;B
20240417;100809;49.63;4260;10137104108;B
20240417;100809;49.63;30;10137104109;B
20240417;100809;49.64;710;10137104110;B
20240417;100809;49.64;1000;10137104249;B
20240417;100811;49.64;800;10137104428;B
20240417;100816;49.64;300;10137105094;B
20240417;100816;49.63;50;10137105173;S
20240417;100818;49.64;190;10137105546;B
20240417;100818;49.64;300;10137105651;S
20240417;100819;49.64;240;10137105761;S
20240417;100819;49.64;570;10137105926;S
20240417;100819;49.64;930;10137105927;S
20240417;100822;49.64;2630;10137106148;S
20240417;100822;49.64;870;10137106149;S
20240417;100822;49.64;1420;10137106150;S
20240417;100822;49.64;7250;10137106151;S
20240417;100827;49.64;7830;10137106940;B
20240417;100829;49.64;110;10137107272;S
20240417;100829;49.65;1000;10137107336;B
20240417;100831;49.64;600;10137107519;S
20240417;100833;49.65;500;10137107796;B
20240417;100833;49.65;3000;10137107930;B
20240417;100839;49.66;2500;10137108654;B
20240417;100839;49.66;20;10137108773;B
20240417;100841;49.66;50;10137109008;B
20240417;100841;49.66;10;10137109073;B
20240417;100841;49.66;390;10137109147;B
20240417;100841;49.67;500;10137109148;B
20240417;100841;49.67;890;10137109149;B
20240417;100845;49.68;10;10137109711;B
20240417;100846;49.67;10;10137110022;S
20240417;100846;49.68;1000;10137110055;B
20240417;100853;49.68;10;10137111057;B
20240417;100854;49.68;980;10137111251;B
20240417;100854;49.68;40;10137111252;B
20240417;100855;49.69;350;10137111449;B
20240417;100855;49.69;800;10137111450;B
20240417;100855;49.69;800;10137111451;B
20240417;100855;49.69;480;10137111452;B
20240417;100855;49.7;430;10137111453;B
20240417;100855;49.7;150;10137111454;B
20240417;100855;49.7;150;10137111455;B
20240417;100855;49.7;900;10137111456;B
20240417;100855;49.7;500;10137111457;S
20240417;100855;49.71;160;10137111458;S
20240417;100856;49.73;1000;10137111558;B
20240417;100859;49.73;10;10137111864;B
20240417;100900;49.73;10;10137112035;B
20240417;100902;49.73;10;10137112213;B
20240417;100906;49.73;40;10137112723;B
20240417;100907;49.72;10;10137112888;S
20240417;100912;49.7;30;10137113588;S
20240417;100914;49.73;50;10137113780;B
20240417;100919;49.7;10;10137114518;S
20240417;100926;49.7;300;10137115480;S
20240417;100928;49.73;30;10137115736;B
20240417;100930;49.73;10;10137116114;B
20240417;100931;49.7;500;10137116233;S
20240417;100935;49.73;10;10137117016;B
20240417;100938;49.73;10;10137117498;B
20240417;100941;49.7;10;10137117902;S
20240417;100943;49.72;10;10137118114;B
20240417;100943;49.73;20;10137118187;B
20240417;100945;49.71;60;10137118447;S
20240417;100951;49.72;250;10137119251;B
20240417;100952;49.72;10;10137119367;S
20240417;100953;49.71;2770;10137119552;S
20240417;100957;49.7;50;10137120128;S
20240417;100958;49.7;7060;10137120442;S
20240417;100958;49.7;2480;10137120443;S
20240417;100958;49.7;10;10137120444;S
20240417;100958;49.7;1000;10137120445;S
20240417;100958;49.7;30;10137120446;S
20240417;100958;49.69;10;10137120447;S
20240417;100958;49.68;10;10137120448;S
20240417;100958;49.68;10;10137120449;S
20240417;100958;49.68;500;10137120450;S
20240417;100958;49.68;10;10137120493;S
20240417;100959;49.68;110;10137120550;B
20240417;100959;49.68;1310;10137120569;B
20240417;100959;49.68;690;10137120570;B
20240417;101004;49.67;10;10137121524;B
20240417;101006;49.67;10;10137122020;B
20240417;101009;49.66;20;10137122490;B
20240417;101009;49.67;180;10137122550;S
20240417;101009;49.66;10;10137122551;S
20240417;101016;49.65;10;10137123356;S
20240417;101019;49.65;1690;10137123720;S
20240417;101019;49.65;190;10137123721;S
20240417;101025;49.66;10;10137124475;B
20240417;101026;49.66;490;10137124678;B
20240417;101031;49.68;840;10137125642;B
20240417;101031;49.69;420;10137125643;B
20240417;101031;49.69;740;10137125644;B
20240417;101032;49.69;10;10137125811;B
20240417;101034;49.66;210;10137126017;S
20240417;101036;49.65;10;10137126457;S
20240417;101036;49.65;840;10137126458;S
20240417;101036;49.64;11460;10137126459;S
20240417;101036;49.64;140;10137126460;S
20240417;101036;49.64;1000;10137126461;S
20240417;101036;49.64;7100;10137126462;S
20240417;101037;49.64;10;10137126554;S
20240417;101038;49.66;140;10137126714;B
20240417;101038;49.66;60;10137126715;B
20240417;101042;49.65;100;10137127190;S
20240417;101042;49.65;100;10137127191;S
20240417;101042;49.65;840;10137127192;S
20240417;101042;49.65;100;10137127193;S
20240417;101042;49.64;12890;10137127194;S
20240417;101042;49.64;4970;10137127195;S
20240417;101046;49.66;10;10137127819;B
20240417;101046;49.65;30;10137127912;S
20240417;101046;49.66;830;10137127913;B
20240417;101046;49.66;170;10137127914;B
20240417;101049;49.65;170;10137128272;S
20240417;101052;49.66;10;10137128888;B
20240417;101054;49.67;20;10137129374;B
20240417;101057;49.66;190;10137129826;S
20240417;101057;49.66;100;10137129927;S
20240417;101058;49.67;10;10137130164;B
20240417;101059;49.67;10;10137130497;B
20240417;101100;49.67;10;10137130679;B
20240417;101102;49.66;1210;10137130961;S
20240417;101102;49.66;500;10137130962;S
20240417;101102;49.66;1500;10137130963;S
20240417;101108;49.63;100;10137132140;S
20240417;101110;49.63;500;10137132422;S
20240417;101124;49.63;2340;10137134751;S
20240417;101125;49.65;980;10137134966;B
20240417;101125;49.65;860;10137134967;B
20240417;101125;49.66;10;10137135270;B
20240417;101127;49.66;100;10137135748;B
20240417;101127;49.66;1000;10137135760;B
20240417;101127;49.65;2150;10137135771;S
20240417;101127;49.65;200;10137135772;S
20240417;101127;49.65;1810;10137135783;S
20240417;101131;49.63;50;10137136708;S
20240417;101133;49.64;10;10137137014;B
20240417;101138;49.63;7000;10137137828;S
20240417;101140;49.63;9960;10137138017;S
20240417;101140;49.63;40;10137138018;S
20240417;101145;49.64;40;10137138789;B
20240417;101147;49.64;1200;10137138988;B
20240417;101147;49.64;10;10137139030;B
20240417;101148;49.63;2100;10137139076;S
20240417;101149;49.63;5000;10137139221;S
20240417;101150;49.63;770;10137139349;S
20240417;101151;49.64;10;10137139534;B
20240417;101152;49.63;200;10137139648;S
20240417;101157;49.64;1000;10137140253;B
20240417;101158;49.64;10;10137140330;B
20240417;101158;49.64;80;10137140408;B
20240417;101201;49.63;100;10137140751;S
20240417;101202;49.63;500;10137141054;S
20240417;101203;49.64;500;10137141143;B
20240417;101203;49.64;500;10137141229;B
20240417;101203;49.64;500;10137141317;B
20240417;101204;49.65;1480;10137141472;B
20240417;101207;49.64;20;10137142157;S
20240417;101208;49.65;100;10137142250;B
20240417;101210;49.64;400;10137142544;S
20240417;101210;49.64;1000;10137142545;S
20240417;101210;49.64;200;10137142546;S
20240417;101210;49.64;200;10137142547;S
20240417;101211;49.64;300;10137142785;S
20240417;101211;49.64;1420;10137142786;S
20240417;101212;49.63;280;10137142990;S
20240417;101214;49.64;300;10137143167;S
20240417;101219;49.64;10;10137143989;S
20240417;101222;49.65;70;10137144216;B
20240417;101229;49.64;10;10137145299;S
20240417;101229;49.64;20;10137145300;S
20240417;101231;49.64;20;10137145513;S
20240417;101232;49.65;500;10137145746;B
20240417;101237;49.65;10;10137146335;B
20240417;101239;49.65;20;10137146592;B
20240417;101240;49.65;10;10137146679;B
20240417;101242;49.65;10;10137146969;B
20240417;101244;49.64;110;10137147392;S
20240417;101246;49.65;130;10137147734;B
20240417;101248;49.65;10;10137147907;B
20240417;101256;49.64;380;10137148869;S
20240417;101256;49.64;920;10137148870;S
20240417;101257;49.63;700;10137148957;S
20240417;101300;49.65;10;10137149437;B
20240417;101302;49.63;10;10137149678;S
20240417;101306;49.65;80;10137150177;B
20240417;101318;49.63;20;10137151682;S
20240417;101324;49.64;500;10137152633;S
20240417;101324;49.64;100;10137152783;S
20240417;101327;49.64;3000;10137153132;S
20240417;101333;49.65;70;10137153770;B
20240417;101335;49.65;10;10137153894;B
20240417;101342;49.65;10;10137154951;B
20240417;101343;49.65;10;10137155085;B
20240417;101343;49.64;290;10137155087;S
20240417;101343;49.64;210;10137155088;S
20240417;101345;49.65;160;10137155353;B
20240417;101345;49.65;500;10137155354;B
20240417;101345;49.65;120;10137155355;B
20240417;101348;49.65;200;10137155731;S
20240417;101350;49.65;100;10137155994;S
20240417;101352;49.65;160;10137156299;S
20240417;101357;49.65;990;10137156914;S
20240417;101404;49.67;10;10137158122;B
20240417;101404;49.67;190;10137158130;B
20240417;101404;49.67;60;10137158131;B
20240417;101405;49.67;10;10137158257;B
20240417;101409;49.66;550;10137158642;B
20240417;101411;49.66;1450;10137158862;B
20240417;101412;49.66;70;10137159038;S
20240417;101413;49.67;10;10137159255;B
20240417;101421;49.66;480;10137160276;S
20240417;101421;49.66;520;10137160277;S
20240417;101425;49.65;6000;10137160885;S
20240417;101425;49.67;2000;10137160886;B
20240417;101433;49.66;1000;10137161838;B
20240417;101433;49.66;10;10137161839;B
20240417;101436;49.66;350;10137162608;S
20240417;101437;49.67;100;10137162673;B
20240417;101438;49.67;70;10137162824;B
20240417;101441;49.66;18640;10137163119;S
20240417;101441;49.66;940;10137163120;S
20240417;101444;49.65;1770;10137163371;S
20240417;101444;49.65;100;10137163372;S
20240417;101444;49.65;10;10137163373;S
20240417;101444;49.65;500;10137163374;S
20240417;101444;49.65;150;10137163375;S
20240417;101444;49.65;10;10137163376;S
20240417;101444;49.65;35010;10137163377;S
20240417;101448;49.66;20;10137163704;B
20240417;101448;49.66;10;10137163734;B
20240417;101459;49.66;10;10137165251;B
20240417;101503;49.66;10;10137166025;B
20240417;101503;49.66;10;10137166029;B
20240417;101508;49.65;20;10137167365;S
20240417;101510;49.66;10;10137167726;B
20240417;101517;49.66;200;10137169545;B
20240417;101517;49.66;40;10137169646;B
20240417;101519;49.65;10;10137170140;S
20240417;101519;49.66;10;10137170176;B
20240417;101523;49.66;10;10137170900;B
20240417;101524;49.65;10;10137171132;S
20240417;101526;49.66;10;10137171650;B
20240417;101527;49.66;40;10137171823;B
20240417;101527;49.66;10;10137171877;B
20240417;101527;49.66;10;10137171941;B
20240417;101529;49.66;100;10137172393;B
20240417;101530;49.66;20;10137172608;B
20240417;101531;49.65;10;10137172919;S
20240417;101531;49.64;50;10137172920;S
20240417;101531;49.64;210;10137172921;S
20240417;101531;49.64;220;10137172922;S
20240417;101531;49.64;100;10137172923;S
20240417;101531;49.64;920;10137172924;S
20240417;101531;49.64;10;10137172925;S
20240417;101531;49.63;10280;10137172926;S
20240417;101531;49.63;8050;10137172927;S
20240417;101531;49.63;10;10137172928;S
20240417;101531;49.63;50;10137172929;S
20240417;101531;49.63;6990;10137172930;S
20240417;101531;49.63;500;10137172931;S
20240417;101531;49.63;10;10137172932;S
20240417;101531;49.63;10000;10137172933;S
20240417;101531;49.62;460;10137172934;S
20240417;101531;49.62;1000;10137172935;S
20240417;101531;49.62;10;10137172936;S
20240417;101531;49.62;10;10137172937;S
20240417;101531;49.61;500;10137172938;S
20240417;101531;49.61;10;10137172939;S
20240417;101531;49.61;10;10137172940;S
20240417;101531;49.61;1000;10137172941;S
20240417;101531;49.61;50;10137172942;S
20240417;101531;49.61;10;10137172943;S
20240417;101531;49.61;500;10137172944;S
20240417;101531;49.61;500;10137172945;S
20240417;101531;49.61;500;10137172946;S
20240417;101531;49.61;2000;10137172947;S
20240417;101531;49.61;20;10137172948;S
20240417;101531;49.61;10;10137172949;S
20240417;101531;49.61;6000;10137172950;S
20240417;101535;49.61;10;10137173792;B
20240417;101538;49.61;10;10137174295;B
20240417;101538;49.61;1400;10137174409;B
20240417;101538;49.62;1600;10137174410;B
20240417;101538;49.62;940;10137174411;B
20240417;101538;49.62;1000;10137174412;B
20240417;101538;49.63;1000;10137174413;B
20240417;101540;49.65;1000;10137174731;B
20240417;101540;49.65;1000;10137174732;B
20240417;101540;49.66;540;10137174733;B
20240417;101540;49.66;250;10137174734;B
20240417;101540;49.66;500;10137174735;B
20240417;101540;49.66;500;10137174736;B
20240417;101540;49.66;1000;10137174737;B
20240417;101540;49.66;940;10137174738;B
20240417;101540;49.66;2630;10137174739;B
20240417;101540;49.67;1000;10137174740;B
20240417;101540;49.67;7250;10137174741;B
20240417;101540;49.67;460;10137174742;B
20240417;101540;49.68;2000;10137174743;B
20240417;101540;49.68;5000;10137174744;B
20240417;101540;49.68;1000;10137174745;B
20240417;101540;49.68;700;10137174746;B
20240417;101540;49.68;110;10137174747;S
20240417;101540;49.65;500;10137174752;S
20240417;101540;49.64;1300;10137174753;S
20240417;101541;49.64;1000;10137174902;S
20240417;101541;49.64;390;10137174903;S
20240417;101545;49.65;100;10137175847;S
20240417;101546;49.68;100;10137175930;B
20240417;101548;49.65;210;10137176422;S
20240417;101549;49.65;10;10137176502;B
20240417;101549;49.64;10;10137176567;S
20240417;101549;49.64;490;10137176568;S
20240417;101549;49.63;900;10137176569;S
20240417;101549;49.63;900;10137176570;S
20240417;101554;49.63;20;10137177329;S
20240417;101556;49.65;100;10137177819;B
20240417;101603;49.64;70;10137179145;B
20240417;101603;49.64;10;10137179313;B
20240417;101605;49.64;20;10137179512;B
20240417;101606;49.63;10;10137179699;S
20240417;101606;49.63;70;10137179735;S
20240417;101610;49.64;2530;10137180653;B
20240417;101610;49.64;1420;10137180654;B
20240417;101610;49.65;20;10137180683;B
20240417;101611;49.65;50;10137180702;B
20240417;101612;49.65;10;10137180865;B
20240417;101612;49.65;100;10137181008;B
20240417;101614;49.64;30;10137181277;S
20240417;101615;49.65;20;10137181398;B
20240417;101615;49.65;540;10137181441;B
20240417;101615;49.65;1000;10137181452;B
20240417;101617;49.65;30;10137181765;B
20240417;101617;49.65;2130;10137181778;B
20240417;101618;49.65;7870;10137181929;S
20240417;101618;49.65;930;10137181930;S
20240417;101618;49.65;1200;10137181931;S
20240417;101620;49.66;10;10137182460;B
20240417;101622;49.66;100;10137182753;B
20240417;101624;49.66;10;10137183195;B
20240417;101625;49.66;10;10137183227;B
20240417;101627;49.66;200;10137183633;B
20240417;101628;49.66;500;10137183683;B
20240417;101629;49.66;170;10137183924;B
20240417;101629;49.66;20;10137183925;B
20240417;101631;49.66;30;10137184229;B
20240417;101635;49.66;980;10137184765;B
20240417;101635;49.65;10;10137184813;S
20240417;101636;49.66;290;10137184868;B
20240417;101636;49.66;60;10137184978;B
20240417;101637;49.66;210;10137185092;B
20240417;101639;49.66;90;10137185414;B
20240417;101641;49.66;10;10137185667;B
20240417;101642;49.65;210;10137185816;S
20240417;101642;49.65;290;10137185817;S
20240417;101643;49.66;910;10137185912;B
20240417;101644;49.66;230;10137186018;B
20240417;101645;49.66;500;10137186296;B
20240417;101645;49.66;890;10137186336;B
20240417;101646;49.66;40;10137186550;B
20240417;101648;49.66;1000;10137186828;B
20240417;101648;49.66;160;10137186844;B
20240417;101649;49.66;90;10137186912;B
20240417;101650;49.66;370;10137187062;B
20240417;101652;49.66;500;10137187298;B
20240417;101652;49.66;60;10137187366;B
20240417;101653;49.66;20;10137187541;B
20240417;101654;49.66;10;10137187780;B
20240417;101655;49.65;1030;10137187955;S
20240417;101656;49.66;30;10137188103;B
20240417;101657;49.66;130;10137188152;B
20240417;101658;49.66;130;10137188288;B
20240417;101658;49.66;500;10137188410;B
20240417;101659;49.66;140;10137188519;B
20240417;101702;49.66;120;10137189025;B
20240417;101703;49.66;50;10137189144;B
20240417;101704;49.66;40;10137189332;B
20240417;101705;49.66;600;10137189335;B
20240417;101705;49.66;100;10137189337;B
20240417;101705;49.66;1000;10137189395;B
20240417;101706;49.65;10;10137189559;S
20240417;101707;49.66;70;10137189685;B
20240417;101709;49.65;30;10137190040;S
20240417;101712;49.66;620;10137190572;B
20240417;101712;49.66;510;10137190573;B
20240417;101712;49.66;1000;10137190574;B
20240417;101713;49.67;30;10137190649;B
20240417;101716;49.67;50;10137190994;B
20240417;101720;49.68;100;10137191568;B
20240417;101721;49.67;870;10137191625;S
20240417;101729;49.69;100;10137192840;B
20240417;101739;49.67;30;10137194417;S
20240417;101740;49.67;200;10137194658;S
20240417;101745;49.69;10;10137195432;B
20240417;101746;49.69;50;10137195523;B
20240417;101752;49.69;10;10137197115;B
20240417;101753;49.69;100;10137197244;B
20240417;101801;49.67;10;10137199257;S
20240417;101803;49.69;30;10137199609;B
20240417;101810;49.69;110;10137200580;B
20240417;101817;49.67;30;10137201543;S
20240417;101817;49.67;770;10137201545;S
20240417;101825;49.67;100;10137202431;S
20240417;101825;49.67;300;10137202432;S
20240417;101828;49.68;100;10137202756;B
20240417;101830;49.68;770;10137203054;B
20240417;101830;49.68;290;10137203055;B
20240417;101840;49.67;200;10137204311;S
20240417;101843;49.67;30;10137204607;S
20240417;101843;49.68;2000;10137204663;B
20240417;101845;49.67;470;10137204808;S
20240417;101845;49.67;300;10137204809;S
20240417;101845;49.67;1000;10137204810;S
20240417;101845;49.66;7870;10137204811;S
20240417;101845;49.66;360;10137204812;S
20240417;101852;49.68;30;10137205737;B
20240417;101852;49.67;1000;10137205752;B
20240417;101854;49.68;20;10137206000;B
20240417;101856;49.67;100;10137206201;B
20240417;101859;49.66;120;10137206485;S
20240417;101900;49.66;20;10137206755;S
20240417;101901;49.67;30;10137206853;B
20240417;101902;49.66;8290;10137207001;S
20240417;101903;49.67;10;10137207058;B
20240417;101905;49.67;100;10137207464;B
20240417;101905;49.66;800;10137207503;S
20240417;101914;49.66;500;10137208487;S
20240417;101916;49.66;40;10137208622;S
20240417;101916;49.66;10;10137208659;S
20240417;101918;49.66;20;10137208863;S
20240417;101924;49.67;30;10137209781;B
20240417;101926;49.66;20;10137210152;S
20240417;101929;49.66;50;10137210633;S
20240417;101933;49.66;10;10137211163;S
20240417;101936;49.66;30;10137211421;S
20240417;101936;49.66;30;10137211445;S
20240417;101943;49.66;10;10137212358;S
20240417;101944;49.65;20;10137212404;S
20240417;101950;49.66;10;10137213155;B
20240417;101951;49.65;10;10137213230;S
20240417;102001;49.65;100;10137214294;S
20240417;102001;49.65;40;10137214327;S
20240417;102002;49.66;50;10137214394;B
20240417;102003;49.65;290;10137214531;S
20240417;102005;49.66;10;10137214731;B
20240417;102010;49.66;10;10137215476;B
20240417;102011;49.66;10;10137215677;B
20240417;102014;49.66;10;10137216051;B
20240417;102015;49.66;50;10137216215;B
20240417;102016;49.66;200;10137216408;B
20240417;102017;49.66;10;10137216517;B
20240417;102017;49.66;200;10137216625;B
20240417;102019;49.66;200;10137216875;B
20240417;102021;49.66;200;10137217107;B
20240417;102021;49.66;50;10137217112;B
20240417;102022;49.66;180;10137217254;B
20240417;102022;49.66;20;10137217255;B
20240417;102026;49.66;20;10137220790;B
20240417;102026;49.65;310;10137220882;S
20240417;102026;49.65;20;10137220883;S
20240417;102026;49.65;500;10137220884;S
20240417;102026;49.65;100;10137220885;S
20240417;102026;49.65;200;10137220886;S
20240417;102026;49.65;210;10137220887;S
20240417;102026;49.65;10;10137220888;S
20240417;102026;49.65;20;10137220889;S
20240417;102026;49.65;10;10137220890;S
20240417;102026;49.65;10;10137220891;S
20240417;102026;49.65;10;10137220892;S
20240417;102026;49.65;10;10137220893;S
20240417;102026;49.65;10;10137220894;S
20240417;102026;49.65;10;10137220895;S
20240417;102026;49.65;80;10137220896;S
20240417;102026;49.65;890;10137220897;S
20240417;102026;49.65;40;10137220898;S
20240417;102026;49.65;210;10137221203;B
20240417;102026;49.65;20;10137221210;B
20240417;102026;49.65;10;10137221211;B
20240417;102026;49.65;10;10137221212;B
20240417;102026;49.65;10;10137221213;B
20240417;102026;49.65;10;10137221219;B
20240417;102026;49.65;80;10137221220;B
20240417;102026;49.65;40;10137221222;B
20240417;102026;49.65;210;10137221254;B
20240417;102026;49.65;20;10137221255;B
20240417;102026;49.65;10;10137221256;B
20240417;102026;49.65;80;10137221260;B
20240417;102026;49.65;40;10137221261;B
20240417;102026;49.65;210;10137221263;B
20240417;102026;49.65;20;10137221272;B
20240417;102026;49.65;10;10137221274;B
20240417;102026;49.65;80;10137221275;B
20240417;102026;49.65;40;10137221276;B
20240417;102026;49.65;210;10137221280;B
20240417;102026;49.65;20;10137221293;B
20240417;102026;49.65;10;10137221296;B
20240417;102026;49.65;80;10137221297;B
20240417;102026;49.65;40;10137221298;B
20240417;102026;49.65;210;10137221299;B
20240417;102026;49.65;20;10137221363;B
20240417;102026;49.65;80;10137221364;B
20240417;102026;49.65;40;10137221365;B
20240417;102026;49.65;210;10137221366;B
20240417;102026;49.65;20;10137221374;B
20240417;102026;49.65;80;10137221375;B
20240417;102026;49.65;40;10137221378;B
20240417;102026;49.65;210;10137221380;B
20240417;102026;49.65;20;10137221383;B
20240417;102026;49.65;80;10137221385;B
20240417;102026;49.65;40;10137221390;B
20240417;102026;49.65;210;10137221391;B
20240417;102026;49.65;20;10137221393;B
20240417;102026;49.65;80;10137221394;B
20240417;102026;49.65;40;10137221398;B
20240417;102026;49.65;210;10137221400;B
20240417;102027;49.65;10;10137221401;B
20240417;102027;49.65;50;10137221402;B
20240417;102027;49.65;20;10137221405;B
20240417;102028;49.65;2800;10137221960;B
20240417;102028;49.65;140;10137222044;B
20240417;102030;49.65;190;10137222567;B
20240417;102030;49.65;190;10137222600;B
20240417;102030;49.65;190;10137222604;B
20240417;102030;49.65;190;10137222611;B
20240417;102030;49.65;190;10137222620;B
20240417;102030;49.65;190;10137222632;B
20240417;102031;49.65;190;10137222640;B
20240417;102031;49.65;190;10137222647;B
20240417;102031;49.65;190;10137222649;B
20240417;102031;49.65;190;10137222668;B
20240417;102031;49.65;30;10137222675;B
20240417;102031;49.65;40;10137223016;B
20240417;102031;49.64;20;10137223107;S
20240417;102031;49.64;100;10137223108;S
20240417;102031;49.65;40;10137223452;B
20240417;102032;49.65;40;10137223528;B
20240417;102032;49.65;40;10137223563;B
20240417;102032;49.65;40;10137223576;B
20240417;102032;49.65;40;10137223581;B
20240417;102032;49.65;40;10137223588;B
20240417;102032;49.65;40;10137223599;B
20240417;102032;49.65;40;10137223600;B
20240417;102032;49.65;20;10137223610;B
20240417;102032;49.65;100;10137223622;B
20240417;102032;49.65;8050;10137223636;B
20240417;102033;49.64;30;10137223678;S
20240417;102033;49.64;10;10137223679;S
20240417;102033;49.64;60;10137223680;S
20240417;102034;49.65;20;10137224301;B
20240417;102034;49.65;20;10137224312;B
20240417;102034;49.65;20;10137224321;B
20240417;102034;49.65;20;10137224333;B
20240417;102034;49.65;20;10137224349;B
20240417;102034;49.65;20;10137224370;B
20240417;102034;49.65;20;10137224379;B
20240417;102034;49.65;20;10137224388;B
20240417;102034;49.65;20;10137224400;B
20240417;102034;49.65;10;10137224408;B
20240417;102035;49.64;10;10137224469;S
20240417;102035;49.65;80;10137224496;B
20240417;102035;49.65;80;10137224504;B
20240417;102035;49.65;80;10137224507;B
20240417;102035;49.65;5000;10137224508;B
20240417;102035;49.65;80;10137224511;B
20240417;102035;49.65;80;10137224514;B
20240417;102035;49.65;80;10137224522;B
20240417;102035;49.65;80;10137224526;B
20240417;102036;49.65;80;10137224538;B
20240417;102036;49.65;80;10137224548;B
20240417;102036;49.65;10;10137224550;B
20240417;102036;49.65;40;10137224555;B
20240417;102036;49.65;30;10137224573;B
20240417;102036;49.65;30;10137224578;B
20240417;102036;49.65;30;10137224589;B
20240417;102036;49.65;30;10137224603;B
20240417;102036;49.65;30;10137224621;B
20240417;102036;49.65;30;10137224625;B
20240417;102036;49.65;30;10137224639;B
20240417;102036;49.65;30;10137224651;B
20240417;102037;49.65;30;10137224659;B
20240417;102037;49.65;30;10137224671;B
20240417;102037;49.65;30;10137224673;B
20240417;102037;49.65;40;10137225003;B
20240417;102037;49.65;40;10137225035;B
20240417;102037;49.65;40;10137225049;B
20240417;102038;49.65;40;10137225055;B
20240417;102038;49.65;40;10137225066;B
20240417;102038;49.65;40;10137225078;B
20240417;102038;49.65;40;10137225092;B
20240417;102038;49.65;40;10137225107;B
20240417;102038;49.65;40;10137225114;B
20240417;102038;49.65;350;10137225117;B
20240417;102038;49.66;10;10137225118;B
20240417;102038;49.66;10;10137225119;B
20240417;102038;49.66;840;10137225120;B
20240417;102039;49.67;10;10137226280;B
20240417;102042;49.66;40;10137227245;S
20240417;102047;49.67;10;10137229655;B
20240417;102048;49.66;50;10137229770;S
20240417;102049;49.67;10;10137230029;B
20240417;102052;49.67;700;10137230496;B
20240417;102052;49.67;2880;10137230497;B
20240417;102052;49.67;180;10137230498;B
20240417;102052;49.67;1000;10137230499;B
20240417;102052;49.68;920;10137230500;B
20240417;102052;49.68;100;10137230501;B
20240417;102052;49.69;40;10137230502;B
20240417;102052;49.69;450;10137230503;B
20240417;102052;49.69;10;10137230504;B
20240417;102052;49.69;10;10137230505;B
20240417;102052;49.69;1030;10137230506;B
20240417;102052;49.69;1000;10137230507;B
20240417;102052;49.7;200;10137230508;B
20240417;102052;49.7;10;10137230509;B
20240417;102052;49.7;1470;10137230510;B
20240417;102057;49.66;10;10137232923;S
20240417;102058;49.7;220;10137232974;B
20240417;102103;49.7;10;10137233957;B
20240417;102105;49.68;10;10137234761;S
20240417;102105;49.68;20;10137234941;S
20240417;102108;49.68;500;10137236501;S
20240417;102108;49.7;30;10137236515;B
20240417;102110;49.7;10;10137236982;B
20240417;102110;49.7;2000;10137237016;B
20240417;102111;49.7;100;10137237091;B
20240417;102111;49.7;2000;10137237104;B
20240417;102114;49.7;10;10137238788;B
20240417;102115;49.7;5000;10137238867;B
20240417;102116;49.7;40;10137238982;B
20240417;102116;49.7;330;10137239005;B
20240417;102116;49.7;200;10137239006;B
20240417;102116;49.7;50;10137239007;B
20240417;102116;49.7;10;10137239008;B
20240417;102116;49.7;40;10137239009;B
20240417;102116;49.7;1000;10137239010;B
20240417;102116;49.7;3370;10137239011;B
20240417;102116;49.69;800;10137239019;S
20240417;102117;49.7;5000;10137239142;B
20240417;102124;49.7;10;10137240199;B
20240417;102125;49.7;10;10137240273;B
20240417;102129;49.69;10;10137241490;S
20240417;102129;49.69;10;10137242865;S
20240417;102136;49.69;10;10137244121;S
20240417;102146;49.7;60;10137248088;B
20240417;102147;49.7;10;10137248174;B
20240417;102147;49.69;420;10137248225;S
20240417;102150;49.7;40;10137248880;B
20240417;102150;49.7;60;10137248881;B
20240417;102150;49.7;940;10137248900;B
20240417;102150;49.7;310;10137248901;B
20240417;102150;49.71;1000;10137248902;B
20240417;102150;49.71;10;10137248903;B
20240417;102150;49.71;930;10137248904;B
20240417;102150;49.72;100;10137248905;B
20240417;102150;49.72;3000;10137248906;B
20240417;102150;49.72;240;10137248907;B
20240417;102150;49.73;300;10137248908;B
20240417;102150;49.73;10000;10137248909;B
20240417;102150;49.73;3170;10137248910;B
20240417;102152;49.71;1380;10137249372;S
20240417;102153;49.74;100;10137249563;B
20240417;102153;49.74;400;10137249564;B
20240417;102201;49.73;30;10137252940;B
20240417;102203;49.72;1200;10137253043;B
20240417;102204;49.72;770;10137253315;B
20240417;102209;49.71;10;10137254795;S
20240417;102209;49.72;500;10137255037;B
20240417;102210;49.72;1000;10137256023;S
20240417;102213;49.73;920;10137257043;B
20240417;102213;49.73;1000;10137257044;B
20240417;102213;49.74;200;10137257045;B
20240417;102213;49.74;880;10137257046;B
20240417;102213;49.75;10;10137257068;B
20240417;102213;49.75;10;10137257069;B
20240417;102213;49.75;80;10137257070;B
20240417;102215;49.75;60;10137258109;B
20240417;102215;49.75;10;10137258120;B
20240417;102215;49.72;2630;10137258217;S
20240417;102215;49.71;90;10137258218;S
20240417;102215;49.71;5000;10137258219;S
20240417;102215;49.71;460;10137258220;S
20240417;102215;49.71;10;10137258221;S
20240417;102215;49.71;920;10137258222;S
20240417;102215;49.7;890;10137258223;S
20240417;102219;49.73;40;10137258989;B
20240417;102222;49.73;10;10137260144;B
20240417;102222;49.73;1000;10137260185;B
20240417;102230;49.73;50;10137263563;B
20240417;102231;49.73;950;10137263782;B
20240417;102231;49.73;920;10137263783;B
20240417;102231;49.74;1000;10137263789;S
20240417;102235;49.75;20;10137264886;B
20240417;102236;49.75;10;10137265263;B
20240417;102237;49.74;30;10137265648;S
20240417;102243;49.74;40;10137269480;S
20240417;102245;49.75;420;10137269939;B
20240417;102245;49.75;1900;10137269940;B
20240417;102245;49.75;1920;10137269941;B
20240417;102245;49.75;5760;10137269942;B
20240417;102248;49.75;3760;10137270858;B
20240417;102248;49.75;200;10137270859;B
20240417;102248;49.75;7240;10137270860;B
20240417;102248;49.75;1000;10137270861;B
20240417;102248;49.75;940;10137270862;B
20240417;102248;49.75;10;10137270863;B
20240417;102248;49.75;2560;10137270941;S
20240417;102249;49.76;10;10137271042;B
20240417;102250;49.75;10;10137271456;S
20240417;102257;49.75;10;10137275009;S
20240417;102259;49.75;40;10137275719;S
20240417;102259;49.75;10;10137275832;S
20240417;102300;49.75;100;10137276230;S
20240417;102301;49.75;80;10137276616;S
20240417;102302;49.75;10;10137276803;S
20240417;102302;49.75;10;10137276822;S
20240417;102303;49.75;30;10137277112;S
20240417;102307;49.76;10;10137280106;B
20240417;102307;49.75;20;10137280134;S
20240417;102307;49.76;280;10137280226;B
20240417;102307;49.76;250;10137280227;B
20240417;102307;49.76;10;10137280228;B
20240417;102307;49.76;460;10137280229;B
20240417;102309;49.76;540;10137280658;B
20240417;102309;49.76;460;10137280659;B
20240417;102312;49.76;100;10137281628;B
20240417;102314;49.76;10;10137282226;B
20240417;102314;49.75;190;10137282248;S
20240417;102324;49.76;990;10137287197;B
20240417;102324;49.76;940;10137287198;B
20240417;102324;49.76;480;10137287199;B
20240417;102324;49.76;1420;10137287200;B
20240417;102324;49.77;290;10137287201;B
20240417;102324;49.77;170;10137287279;B
20240417;102324;49.77;50;10137287280;B
20240417;102324;49.77;980;10137287281;B
20240417;102330;49.77;40;10137288558;B
20240417;102333;49.75;100;10137289332;S
20240417;102334;49.75;10;10137289490;S
20240417;102335;49.76;20;10137289780;B
20240417;102338;49.76;60;10137292294;B
20240417;102338;49.76;250;10137292295;B
20240417;102341;49.77;200;10137293964;B
20240417;102343;49.77;20;10137294340;B
20240417;102343;49.77;10;10137294432;B
20240417;102348;49.75;170;10137295404;S
20240417;102351;49.76;10;10137296144;B
20240417;102351;49.76;1000;10137296145;B
20240417;102353;49.76;20;10137297513;S
20240417;102354;49.78;80;10137297677;B
20240417;102355;49.76;30;10137297734;S
20240417;102355;49.76;140;10137297781;S
20240417;102355;49.76;360;10137297782;S
20240417;102355;49.78;500;10137297795;B
20240417;102355;49.76;500;10137297821;B
20240417;102355;49.76;500;10137297921;B
20240417;102355;49.76;500;10137297942;B
20240417;102356;49.76;500;10137297960;B
20240417;102356;49.75;500;10137297962;S
20240417;102356;49.77;500;10137297989;B
20240417;102356;49.75;400;10137297991;S
20240417;102356;49.76;100;10137298006;B
20240417;102356;49.76;400;10137298007;B
20240417;102356;49.76;500;10137298034;B
20240417;102356;49.76;100;10137298071;B
20240417;102356;49.76;400;10137298072;B
20240417;102356;49.76;100;10137298085;B
20240417;102356;49.76;400;10137298086;B
20240417;102356;49.76;100;10137298110;B
20240417;102356;49.76;400;10137298111;B
20240417;102356;49.76;100;10137298153;B
20240417;102356;49.76;400;10137298154;B
20240417;102356;49.75;500;10137298161;S
20240417;102357;49.76;100;10137298194;B
20240417;102357;49.76;400;10137298195;B
20240417;102357;49.75;500;10137298198;S
20240417;102357;49.76;100;10137298209;B
20240417;102357;49.76;400;10137298210;B
20240417;102357;49.75;500;10137298214;S
20240417;102357;49.76;500;10137298229;B
20240417;102357;49.75;500;10137298232;S
20240417;102357;49.76;100;10137298279;B
20240417;102357;49.77;400;10137298280;S
20240417;102357;49.76;500;10137298293;B
20240417;102357;49.76;100;10137298321;B
20240417;102357;49.76;300;10137298322;B
20240417;102357;49.76;100;10137298354;B
20240417;102357;49.76;500;10137298355;S
20240417;102357;49.77;500;10137298370;B
20240417;102357;49.76;300;10137298371;S
20240417;102357;49.76;200;10137298372;S
20240417;102358;49.78;500;10137298398;B
20240417;102358;49.76;500;10137298422;B
20240417;102358;49.76;300;10137298438;B
20240417;102358;49.76;200;10137298439;B
20240417;102358;49.76;300;10137298470;B
20240417;102358;49.76;200;10137298490;B
20240417;102358;49.76;100;10137298542;S
20240417;102358;49.76;400;10137298543;S
20240417;102358;49.77;500;10137298565;B
20240417;102358;49.76;500;10137298591;B
20240417;102358;49.76;400;10137298611;B
20240417;102358;49.76;100;10137298612;B
20240417;102358;49.76;500;10137298613;S
20240417;102359;49.78;500;10137298636;B
20240417;102359;49.76;300;10137298663;B
20240417;102359;49.76;200;10137298664;B
20240417;102359;49.76;500;10137298669;S
20240417;102359;49.78;420;10137298712;B
20240417;102359;49.78;80;10137298713;B
20240417;102359;49.76;300;10137298727;S
20240417;102359;49.76;200;10137298728;S
20240417;102359;49.77;900;10137298780;S
20240417;102359;49.77;900;10137298781;S
20240417;102359;49.77;200;10137298783;S
20240417;102359;49.77;500;10137298791;B
20240417;102359;49.77;200;10137298807;B
20240417;102359;49.77;300;10137298808;B
20240417;102359;49.77;300;10137298831;B
20240417;102359;49.77;200;10137298832;B
20240417;102359;49.77;500;10137298931;B
20240417;102359;49.77;300;10137299576;B
20240417;102359;49.77;200;10137299577;B
20240417;102400;49.77;300;10137300016;B
20240417;102400;49.77;200;10137300599;B
20240417;102400;49.76;500;10137300678;S
20240417;102400;49.76;500;10137300921;B
20240417;102400;49.76;500;10137300951;B
20240417;102400;49.76;500;10137300963;B
20240417;102400;49.76;500;10137300982;B
20240417;102400;49.76;500;10137300987;B
20240417;102400;49.76;500;10137301021;B
20240417;102401;49.76;500;10137301031;B
20240417;102401;49.76;500;10137301084;B
20240417;102401;49.76;500;10137301112;B
20240417;102401;49.75;500;10137301115;S
20240417;102401;49.76;500;10137301125;B
20240417;102401;49.75;100;10137301126;S
20240417;102401;49.75;10;10137301127;S
20240417;102401;49.75;100;10137301128;S
20240417;102401;49.75;290;10137301129;S
20240417;102401;49.76;500;10137301154;B
20240417;102401;49.75;500;10137301157;S
20240417;102401;49.76;60;10137301165;B
20240417;102401;49.76;500;10137301182;B
20240417;102401;49.75;500;10137301188;S
20240417;102401;49.76;440;10137301209;B
20240417;102401;49.76;60;10137301210;B
20240417;102401;49.75;1120;10137301212;S
20240417;102401;49.75;6030;10137301213;S
20240417;102401;49.74;500;10137301214;S
20240417;102401;49.74;300;10137301215;S
20240417;102401;49.74;80;10137301216;S
20240417;102401;49.74;100;10137301217;S
20240417;102401;49.74;320;10137301218;S
20240417;102401;49.74;300;10137301219;S
20240417;102401;49.75;500;10137301260;B
20240417;102402;49.75;20;10137301458;B
20240417;102402;49.75;10;10137301459;B
20240417;102404;49.75;2300;10137301751;B
20240417;102404;49.75;500;10137301752;B
20240417;102404;49.75;1000;10137301753;B
20240417;102404;49.75;500;10137301754;B
20240417;102404;49.75;700;10137301755;B
20240417;102405;49.76;10;10137301832;B
20240417;102406;49.74;200;10137302048;S
20240417;102406;49.74;500;10137302049;S
20240417;102409;49.74;2450;10137302947;S
20240417;102410;49.75;150;10137303153;B
20240417;102410;49.75;1000;10137303154;B
20240417;102410;49.75;850;10137303155;B
20240417;102411;49.75;10;10137303569;B
20240417;102411;49.75;30;10137303599;B
20240417;102412;49.75;10;10137304743;B
20240417;102414;49.75;40;10137305529;B
20240417;102414;49.74;30;10137305532;S
20240417;102414;49.75;20;10137305772;B
20240417;102415;49.75;10;10137305827;B
20240417;102419;49.75;50;10137306913;B
20240417;102420;49.74;40;10137307240;S
20240417;102420;49.74;1160;10137307242;S
20240417;102420;49.74;20;10137307243;S
20240417;102420;49.74;2900;10137307244;S
20240417;102421;49.74;40;10137307475;B
20240417;102421;49.74;910;10137307476;B
20240417;102421;49.74;1000;10137307477;B
20240417;102421;49.75;1250;10137307478;B
20240417;102421;49.76;350;10137307479;B
20240417;102423;49.75;400;10137307852;B
20240417;102429;49.75;20;10137311174;B
20240417;102430;49.75;300;10137311329;B
20240417;102433;49.75;10;10137312336;B
20240417;102437;49.74;800;10137313285;S
20240417;102439;49.75;490;10137314866;B
20240417;102439;49.75;10;10137314867;B
20240417;102439;49.74;3070;10137315120;S
20240417;102443;49.74;150;10137316159;S
20240417;102443;49.73;8050;10137316183;S
20240417;102443;49.73;8300;10137316308;S
20240417;102445;49.74;40;10137316546;B
20240417;102447;49.74;50;10137317896;B
20240417;102447;49.74;10;10137318061;B
20240417;102450;49.73;40;10137319644;S
20240417;102452;49.73;1000;10137320189;S
20240417;102453;49.74;20;10137320384;B
20240417;102454;49.73;1000;10137320524;S
20240417;102456;49.74;1000;10137321928;B
20240417;102458;49.73;200;10137323073;S
20240417;102502;49.73;50;10137324215;S
20240417;102505;49.73;200;10137325814;S
20240417;102513;49.73;10;10137328575;S
20240417;102514;49.73;1000;10137328880;S
20240417;102514;49.73;50;10137328961;S
20240417;102515;49.73;970;10137329255;S
20240417;102517;49.73;20;10137329790;S
20240417;102526;49.74;40;10137333349;B
20240417;102530;49.74;20;10137334544;B
20240417;102532;49.73;20;10137335617;S
20240417;102532;49.74;300;10137335626;B
20240417;102533;49.74;90;10137336661;B
20240417;102535;49.74;280;10137336898;B
20240417;102535;49.74;720;10137336899;B
20240417;102537;49.74;10;10137337332;B
20240417;102541;49.74;200;10137339921;B
20240417;102541;49.73;1280;10137339922;S
20240417;102541;49.73;5940;10137339923;S
20240417;102541;49.73;40;10137339924;S
20240417;102541;49.73;30;10137339925;S
20240417;102541;49.73;500;10137339926;S
20240417;102541;49.72;60;10137339936;S
20240417;102541;49.71;20;10137339981;S
20240417;102541;49.71;80;10137339982;S
20240417;102541;49.7;700;10137340044;S
20240417;102542;49.7;20;10137340086;S
20240417;102548;49.72;10;10137343368;B
20240417;102552;49.7;200;10137344220;S
20240417;102555;49.7;1090;10137345182;S
20240417;102555;49.7;20;10137345183;S
20240417;102555;49.7;30;10137345184;S
20240417;102555;49.7;20;10137345185;S
20240417;102555;49.7;50;10137345186;S
20240417;102555;49.7;50;10137345187;S
20240417;102555;49.68;460;10137345206;S
20240417;102555;49.68;500;10137345207;S
20240417;102555;49.68;40;10137345208;S
20240417;102555;49.68;1220;10137345209;S
20240417;102555;49.7;10;10137345884;B
20240417;102600;49.68;1000;10137347040;S
20240417;102601;49.68;1000;10137347230;S
20240417;102602;49.68;1000;10137347574;S
20240417;102602;49.7;10;10137347616;B
20240417;102603;49.68;20;10137347836;S
20240417;102608;49.68;10;10137349965;B
20240417;102608;49.68;90;10137350405;B
20240417;102616;49.67;10;10137352724;S
20240417;102618;49.67;1140;10137353633;S
20240417;102618;49.67;10010;10137353681;S
20240417;102618;49.67;7240;10137353682;S
20240417;102618;49.66;300;10137353683;S
20240417;102618;49.66;1000;10137353684;S
20240417;102618;49.66;660;10137353685;S
20240417;102618;49.66;910;10137353686;S
20240417;102618;49.65;40;10137353687;S
20240417;102618;49.65;30;10137353688;S
20240417;102618;49.65;40;10137353689;S
20240417;102618;49.65;20;10137353690;S
20240417;102618;49.65;10;10137353691;S
20240417;102618;49.65;1000;10137353692;S
20240417;102618;49.65;20;10137353693;S
20240417;102618;49.65;70;10137353694;S
20240417;102618;49.65;110;10137353695;S
20240417;102618;49.65;20;10137353696;S
20240417;102618;49.65;10;10137353697;S
20240417;102618;49.65;20;10137353698;S
20240417;102618;49.65;10;10137353699;S
20240417;102618;49.65;10;10137353700;S
20240417;102618;49.65;10;10137353701;S
20240417;102618;49.65;50;10137353702;S
20240417;102618;49.65;700;10137353703;S
20240417;102618;49.65;10000;10137353704;S
20240417;102618;49.65;500;10137353705;S
20240417;102618;49.64;930;10137353706;S
20240417;102618;49.64;1000;10137353707;S
20240417;102618;49.64;30;10137353708;S
20240417;102618;49.64;460;10137353709;S
20240417;102618;49.64;80;10137353710;S
20240417;102618;49.63;50;10137353711;S
20240417;102618;49.63;20;10137353712;S
20240417;102618;49.63;300;10137353713;S
20240417;102618;49.63;1000;10137353714;S
20240417;102618;49.63;300;10137353715;S
20240417;102618;49.63;10;10137353716;S
20240417;102618;49.63;10000;10137353717;S
20240417;102618;49.62;10;10137353718;S
20240417;102618;49.62;10;10137353719;S
20240417;102618;49.62;10;10137353720;S
20240417;102618;49.62;1000;10137353721;S
20240417;102618;49.62;11000;10137353722;S
20240417;102618;49.61;10;10137353723;S
20240417;102618;49.61;400;10137353724;S
20240417;102618;49.61;10;10137353725;S
20240417;102618;49.61;10;10137353726;S
20240417;102618;49.61;10;10137353727;S
20240417;102618;49.61;400;10137353728;S
20240417;102618;49.61;1000;10137353729;S
20240417;102618;49.61;10000;10137353730;S
20240417;102618;49.61;1000;10137353731;S
20240417;102618;49.6;5000;10137353732;S
20240417;102618;49.6;500;10137353733;S
20240417;102618;49.6;10000;10137353734;S
20240417;102618;49.6;30;10137353735;S
20240417;102618;49.6;10;10137353736;S
20240417;102618;49.6;10;10137353737;S
20240417;102618;49.6;10;10137353738;S
20240417;102618;49.6;10;10137353739;S
20240417;102618;49.6;10;10137353740;S
20240417;102618;49.6;2000;10137353741;S
20240417;102618;49.6;50;10137353742;S
20240417;102618;49.6;1000;10137353743;S
20240417;102618;49.6;10;10137353744;S
20240417;102618;49.6;10;10137353745;S
20240417;102618;49.6;10;10137353746;S
20240417;102618;49.6;80;10137353747;S
20240417;102618;49.6;200;10137353748;S
20240417;102618;49.6;10;10137353749;S
20240417;102618;49.6;600;10137353750;S
20240417;102618;49.6;10;10137353751;S
20240417;102618;49.6;10;10137353752;S
20240417;102618;49.6;2000;10137353753;S
20240417;102618;49.6;10;10137353754;S
20240417;102618;49.6;20;10137353755;S
20240417;102618;49.6;1000;10137353756;S
20240417;102618;49.6;1000;10137353757;S
20240417;102618;49.6;10;10137353758;S
20240417;102618;49.6;1350;10137353759;S
20240417;102618;49.59;500;10137353760;S
20240417;102618;49.59;10;10137353761;S
20240417;102618;49.59;1000;10137353762;S
20240417;102618;49.58;20;10137353763;S
20240417;102618;49.58;10;10137353764;S
20240417;102618;49.58;100;10137353765;S
20240417;102618;49.58;6000;10137353766;S
20240417;102618;49.58;1000;10137353767;S
20240417;102618;49.58;10000;10137353768;S
20240417;102618;49.58;1600;10137353769;S
20240417;102618;49.58;10000;10137353770;S
20240417;102618;49.58;10000;10137353771;S
20240417;102618;49.57;110;10137353772;S
20240417;102618;49.57;1300;10137353773;S
20240417;102618;49.57;80;10137353774;S
20240417;102618;49.57;30;10137353775;S
20240417;102618;49.57;10;10137353776;S
20240417;102618;49.57;10;10137353777;S
20240417;102618;49.57;10;10137353778;S
20240417;102618;49.57;1000;10137353779;S
20240417;102618;49.56;20;10137353780;S
20240417;102618;49.56;10;10137353781;S
20240417;102618;49.56;1000;10137353782;S
20240417;102618;49.55;20;10137353783;S
20240417;102618;49.55;10;10137353784;S
20240417;102618;49.55;10;10137353785;S
20240417;102618;49.55;50;10137353786;S
20240417;102618;49.55;10;10137353787;S
20240417;102618;49.55;10;10137353788;S
20240417;102618;49.55;10;10137353789;S
20240417;102618;49.55;20;10137353790;S
20240417;102618;49.55;10;10137353791;S
20240417;102618;49.55;10;10137353792;S
20240417;102618;49.55;1000;10137353793;S
20240417;102618;49.54;10;10137353794;S
20240417;102618;49.54;10;10137353795;S
20240417;102618;49.54;10000;10137353796;S
20240417;102618;49.54;40;10137353797;S
20240417;102618;49.53;60;10137353798;S
20240417;102618;49.53;1700;10137353799;S
20240417;102618;49.53;10;10137353800;S
20240417;102618;49.53;10;10137353801;S
20240417;102618;49.53;30;10137353802;S
20240417;102618;49.53;10;10137353803;S
20240417;102618;49.53;10;10137353804;S
20240417;102618;49.53;100;10137353805;S
20240417;102618;49.53;7280;10137353806;S
20240417;102618;49.53;1000;10137353807;S
20240417;102618;49.52;1800;10137353808;S
20240417;102618;49.52;500;10137353809;S
20240417;102618;49.52;10;10137353810;S
20240417;102618;49.52;35640;10137353811;S
20240417;102618;49.58;800;10137353817;S
20240417;102618;49.59;10;10137353828;B
20240417;102618;49.59;30;10137353829;B
20240417;102618;49.59;40;10137353830;B
20240417;102618;49.59;20;10137353832;B
20240417;102618;49.59;70;10137353833;B
20240417;102618;49.59;110;10137353834;B
20240417;102618;49.59;20;10137353835;B
20240417;102618;49.59;20;10137353836;B
20240417;102618;49.59;20;10137353837;B
20240417;102618;49.58;2800;10137353839;S
20240417;102618;49.59;30;10137353849;B
20240417;102618;49.59;40;10137353852;B
20240417;102618;49.59;20;10137353854;B
20240417;102618;49.59;70;10137353855;B
20240417;102618;49.59;110;10137353856;B
20240417;102618;49.59;20;10137353857;B
20240417;102618;49.59;20;10137353858;B
20240417;102618;49.59;20;10137353859;B
20240417;102618;49.59;20;10137353860;B
20240417;102618;49.59;30;10137353866;B
20240417;102618;49.58;40;10137353867;S
20240417;102618;49.59;40;10137353868;B
20240417;102618;49.59;20;10137353869;B
20240417;102618;49.59;70;10137353870;B
20240417;102618;49.59;110;10137353871;B
20240417;102618;49.59;20;10137353872;B
20240417;102618;49.59;20;10137353873;B
20240417;102618;49.59;20;10137353874;B
20240417;102618;49.58;400;10137353875;S
20240417;102618;49.59;30;10137353893;B
20240417;102618;49.59;40;10137353903;B
20240417;102618;49.59;20;10137353916;B
20240417;102618;49.59;70;10137353919;B
20240417;102618;49.59;540;10137353920;B
20240417;102618;49.59;100;10137353921;B
20240417;102618;49.59;110;10137353927;B
20240417;102618;49.59;20;10137353928;B
20240417;102618;49.59;20;10137353932;B
20240417;102618;49.59;20;10137353936;B
20240417;102618;49.59;30;10137353966;B
20240417;102618;49.59;40;10137353967;B
20240417;102618;49.59;20;10137353969;B
20240417;102618;49.59;70;10137353970;B
20240417;102619;49.59;110;10137353979;B
20240417;102619;49.59;20;10137353980;B
20240417;102619;49.59;20;10137353981;B
20240417;102619;49.59;20;10137353982;B
20240417;102619;49.59;30;10137353988;B
20240417;102619;49.59;40;10137353989;B
20240417;102619;49.59;20;10137353990;B
20240417;102619;49.59;70;10137353991;B
20240417;102619;49.59;110;10137353992;B
20240417;102619;49.59;20;10137353993;B
20240417;102619;49.59;20;10137353994;B
20240417;102619;49.59;20;10137353995;B
20240417;102619;49.59;30;10137354001;B
20240417;102619;49.59;40;10137354004;B
20240417;102619;49.59;20;10137354005;B
20240417;102619;49.59;70;10137354006;B
20240417;102619;49.59;10;10137354007;B
20240417;102619;49.59;100;10137354008;B
20240417;102619;49.59;20;10137354009;B
20240417;102619;49.59;20;10137354010;B
20240417;102619;49.59;20;10137354011;B
20240417;102619;49.59;30;10137354016;B
20240417;102619;49.59;40;10137354018;B
20240417;102619;49.59;20;10137354019;B
20240417;102619;49.59;70;10137354020;B
20240417;102619;49.59;110;10137354021;B
20240417;102619;49.59;20;10137354024;B
20240417;102619;49.59;160;10137354027;B
20240417;102619;49.58;1000;10137354028;S
20240417;102619;49.59;20;10137354035;B
20240417;102619;49.59;20;10137354039;B
20240417;102619;49.59;30;10137354055;B
20240417;102619;49.59;30;10137354082;B
20240417;102619;49.59;20;10137354090;B
20240417;102619;49.59;30;10137354100;B
20240417;102619;49.59;100;10137354108;B
20240417;102619;49.59;20;10137354123;B
20240417;102619;49.59;10;10137354130;B
20240417;102619;49.59;10;10137354140;B
20240417;102619;49.59;40;10137354240;B
20240417;102619;49.59;30;10137354241;B
20240417;102619;49.59;10;10137354242;B
20240417;102619;49.58;800;10137354250;S
20240417;102619;49.59;10;10137354252;B
20240417;102619;49.58;500;10137354274;S
20240417;102619;49.59;740;10137354284;B
20240417;102619;49.59;1260;10137354285;B
20240417;102619;49.58;900;10137354324;S
20240417;102619;49.57;20;10137354325;S
20240417;102619;49.54;1090;10137354326;S
20240417;102619;49.57;1200;10137354331;B
20240417;102621;49.56;7260;10137354875;S
20240417;102621;49.56;1000;10137354876;S
20240417;102621;49.55;800;10137354877;S
20240417;102621;49.54;1000;10137354878;S
20240417;102621;49.53;500;10137354879;S
20240417;102621;49.53;1420;10137354880;S
20240417;102621;49.52;10520;10137354881;S
20240417;102621;49.53;4000;10137354925;S
20240417;102621;49.55;60;10137354932;B
20240417;102621;49.55;500;10137354945;B
20240417;102621;49.55;10;10137354983;B
20240417;102623;49.55;10;10137355323;B
20240417;102628;49.55;10;10137356218;B
20240417;102632;49.55;1410;10137358202;B
20240417;102632;49.55;1000;10137358203;B
20240417;102632;49.56;1000;10137358219;B
20240417;102632;49.56;1000;10137358220;B
20240417;102632;49.57;1000;10137358221;B
20240417;102632;49.58;1000;10137358222;B
20240417;102632;49.58;470;10137358223;B
20240417;102632;49.58;2000;10137358224;B
20240417;102632;49.59;1000;10137358225;B
20240417;102632;49.59;700;10137358226;B
20240417;102632;49.59;330;10137358227;B
20240417;102635;49.57;1420;10137358965;S
20240417;102635;49.56;110;10137358966;S
20240417;102637;49.56;310;10137359234;B
20240417;102637;49.56;1110;10137359255;B
20240417;102637;49.56;480;10137359256;B
20240417;102637;49.56;1520;10137359257;B
20240417;102637;49.56;480;10137359258;B
20240417;102643;49.56;120;10137361441;B
20240417;102645;49.56;10;10137361847;B
20240417;102652;49.54;2870;10137362948;S
20240417;102655;49.54;50;10137363346;S
20240417;102655;49.56;70;10137363431;B
20240417;102656;49.56;40;10137363546;B
