<DATE>;<TIME>;<LAST>;<VOL>;<ID>;<OPER>
20240514;095940;52.2;80;10355695521;B
20240514;095940;52.2;10;10355695522;B
20240514;095940;52.2;10;10355695523;B
20240514;095940;52.2;100;10355695524;B
20240514;095940;52.2;400;10355695525;B
20240514;095940;52.2;4060;10355695526;B
20240514;095940;52.2;90;10355695527;S
20240514;095940;52.2;10;10355695528;S
20240514;095940;52.2;10;10355695529;S
20240514;095940;52.2;10;10355695530;S
20240514;095940;52.2;200;10355695531;S
20240514;095940;52.2;750;10355695532;S
20240514;095940;52.2;50;10355695533;S
20240514;095940;52.2;1000;10355695534;S
20240514;095940;52.2;230;10355695535;S
20240514;095940;52.2;10;10355695536;S
20240514;095940;52.2;230;10355695537;S
20240514;095940;52.2;50;10355695538;S
20240514;095940;52.2;540;10355695539;S
20240514;095940;52.2;120;10355695540;S
20240514;095940;52.2;60;10355695541;S
20240514;095940;52.2;10000;10355695542;S
20240514;095940;52.2;170;10355695543;S
20240514;095940;52.2;100;10355695544;S
20240514;095940;52.2;10;10355695545;S
20240514;095940;52.2;9950;10355695546;S
20240514;095940;52.2;30;10355695547;S
20240514;095940;52.2;10;10355695548;S
20240514;095940;52.2;30;10355695549;S
20240514;095940;52.2;10;10355695550;S
20240514;095940;52.2;630;10355695551;S
20240514;095940;52.2;10;10355695552;B
20240514;095940;52.2;10;10355695553;S
20240514;095940;52.2;1000;10355695554;S
20240514;095940;52.2;100;10355695555;S
20240514;095940;52.2;2000;10355695556;B
20240514;095940;52.2;1000;10355695557;S
20240514;095940;52.2;1290;10355695558;S
20240514;095940;52.2;1000;10355695559;S
20240514;095940;52.2;50;10355695560;S
20240514;095940;52.2;1000;10355695561;S
20240514;095940;52.2;360;10355695562;S
20240514;095940;52.2;10;10355695563;S
20240514;095940;52.2;20;10355695564;B
20240514;095940;52.2;590;10355695565;S
20240514;095940;52.2;1020;10355695566;S
20240514;095940;52.2;300;10355695567;S
20240514;095940;52.2;1000;10355695568;S
20240514;095940;52.2;710;10355695569;S
20240514;095940;52.2;800;10355695570;S
20240514;095940;52.2;1100;10355695571;S
20240514;095940;52.2;100;10355695572;S
20240514;095940;52.2;10;10355695573;S
20240514;095940;52.2;960;10355695574;S
20240514;095940;52.2;1000;10355695575;S
20240514;095940;52.2;10;10355695576;S
20240514;095940;52.2;10;10355695577;S
20240514;095940;52.2;10;10355695578;S
20240514;095940;52.2;2970;10355695579;S
20240514;095940;52.2;20;10355695580;B
20240514;095940;52.2;10;10355695581;B
20240514;095940;52.2;1000;10355695582;S
20240514;095940;52.2;70;10355695583;B
20240514;095940;52.2;100;10355695584;S
20240514;095940;52.2;10;10355695585;B
20240514;095940;52.2;10;10355695586;B
20240514;095940;52.2;1000;10355695587;S
20240514;095940;52.2;10;10355695588;S
20240514;095940;52.2;50;10355695589;B
20240514;095940;52.2;30;10355695590;B
20240514;095940;52.2;230;10355695591;B
20240514;095940;52.2;10;10355695592;B
20240514;095940;52.2;10;10355695593;B
20240514;095940;52.2;10;10355695594;B
20240514;095940;52.2;20;10355695595;B
20240514;095940;52.2;20;10355695596;B
20240514;095940;52.2;30;10355695597;B
20240514;095940;52.2;10;10355695598;B
20240514;095940;52.2;40;10355695599;B
20240514;095940;52.2;100;10355695600;S
20240514;095940;52.2;30;10355695601;S
20240514;095940;52.2;10;10355695602;S
20240514;095940;52.2;20;10355695603;S
20240514;095940;52.2;50;10355695604;S
20240514;095940;52.2;40;10355695605;S
20240514;095940;52.2;10;10355695606;S
20240514;095940;52.2;10;10355695607;S
20240514;095940;52.2;4070;10355695608;S
20240514;095940;52.2;400;10355695609;S
20240514;095940;52.2;10;10355695610;S
20240514;095940;52.2;40;10355695611;S
20240514;095940;52.2;10;10355695612;S
20240514;095940;52.2;470;10355695613;S
20240514;095940;52.2;20;10355695614;S
20240514;095940;52.2;30;10355695615;S
20240514;095940;52.2;70;10355695616;S
20240514;095940;52.2;50;10355695617;B
20240514;095940;52.2;300;10355695618;S
20240514;095940;52.2;3010;10355695619;B
20240514;095940;52.2;10;10355695620;S
20240514;095940;52.2;10;10355695621;S
20240514;095940;52.2;10;10355695622;B
20240514;095940;52.2;10;10355695623;B
20240514;095940;52.2;10;10355695624;B
20240514;095940;52.2;1000;10355695625;S
20240514;095940;52.2;100;10355695626;S
20240514;095940;52.2;100;10355695627;S
20240514;100000;52.19;6700;10355700158;B
20240514;100000;52.19;190;10355700165;B
20240514;100000;52.2;1800;10355700253;B
20240514;100000;52.2;10;10355700254;B
20240514;100000;52.2;1030;10355700255;B
20240514;100000;52.2;50;10355700282;B
20240514;100000;52.19;200;10355700438;S
20240514;100000;52.2;1980;10355700540;B
20240514;100001;52.19;110;10355701061;S
20240514;100001;52.17;320;10355701062;S
20240514;100001;52.16;1350;10355701063;S
20240514;100001;52.16;90;10355701064;S
20240514;100001;52.17;1350;10355701311;S
20240514;100001;52.16;2410;10355701312;S
20240514;100001;52.16;930;10355701313;S
20240514;100001;52.16;320;10355701314;S
20240514;100001;52.15;10;10355701315;S
20240514;100001;52.15;980;10355701316;S
20240514;100001;52.16;100;10355701398;S
20240514;100001;52.2;100;10355701539;B
20240514;100002;52.18;1350;10355702014;S
20240514;100002;52.17;6890;10355702015;S
20240514;100002;52.17;330;10355702016;S
20240514;100002;52.16;230;10355702017;S
20240514;100002;52.15;20;10355702018;S
20240514;100002;52.15;3000;10355702019;S
20240514;100002;52.15;2500;10355702020;S
20240514;100002;52.15;6890;10355702021;B
20240514;100002;52.15;2840;10355702174;B
20240514;100003;52.15;10;10355702246;B
20240514;100004;52.14;20;10355702959;S
20240514;100004;52.14;10;10355702960;S
20240514;100004;52.14;60;10355703112;S
20240514;100004;52.14;10;10355703287;S
20240514;100004;52.14;10;10355703288;S
20240514;100004;52.15;10;10355703289;B
20240514;100004;52.15;4890;10355703486;B
20240514;100004;52.15;20;10355703544;B
20240514;100004;52.14;10;10355703559;S
20240514;100004;52.15;20;10355703560;B
20240514;100004;52.14;10;10355703562;S
20240514;100004;52.15;30;10355703700;B
20240514;100005;52.15;20;10355703902;B
20240514;100005;52.15;10;10355704179;B
20240514;100005;52.14;10;10355704183;S
20240514;100005;52.14;20;10355704184;S
20240514;100005;52.15;10;10355704190;B
20240514;100005;52.14;10;10355704194;S
20240514;100005;52.15;10;10355704196;B
20240514;100005;52.14;10;10355704253;S
20240514;100005;52.14;10;10355704256;S
20240514;100005;52.15;10;10355704508;B
20240514;100005;52.15;10;10355704553;B
20240514;100005;52.14;20;10355704736;S
20240514;100005;52.14;40;10355704737;S
20240514;100005;52.15;10;10355704738;B
20240514;100005;52.15;10;10355704877;B
20240514;100005;52.15;20;10355704919;B
20240514;100005;52.14;20;10355704920;S
20240514;100005;52.15;10;10355704933;B
20240514;100005;52.14;10;10355704940;S
20240514;100005;52.15;10;10355705453;B
20240514;100006;52.15;10;10355705819;B
20240514;100006;52.15;10;10355705821;B
20240514;100006;52.14;20;10355706011;S
20240514;100006;52.15;10;10355706019;B
20240514;100006;52.14;20;10355706022;S
20240514;100006;52.15;10;10355706278;B
20240514;100006;52.15;10;10355706306;B
20240514;100006;52.14;30;10355706309;S
20240514;100006;52.15;20;10355706310;B
20240514;100006;52.14;10;10355706311;S
20240514;100006;52.15;20;10355706312;B
20240514;100006;52.14;10;10355706607;S
20240514;100006;52.15;10;10355706608;B
20240514;100006;52.15;20;10355706609;B
20240514;100006;52.14;10;10355706610;S
20240514;100006;52.14;10;10355706969;S
20240514;100006;52.15;20;10355706970;B
20240514;100006;52.15;10;10355706973;B
20240514;100006;52.15;10;10355706975;B
20240514;100006;52.14;20;10355706976;S
20240514;100006;52.15;10;10355706979;B
20240514;100007;52.14;10;10355707404;S
20240514;100007;52.15;20;10355707406;B
20240514;100007;52.14;430;10355707422;S
20240514;100007;52.14;10;10355707651;S
20240514;100007;52.14;10;10355707656;S
20240514;100007;52.14;10;10355707665;S
20240514;100007;52.15;20;10355707666;B
20240514;100007;52.15;10;10355707667;B
20240514;100007;52.15;10;10355707672;B
20240514;100007;52.15;10;10355707677;B
20240514;100007;52.15;10;10355707680;B
20240514;100007;52.15;10;10355707681;B
20240514;100007;52.14;10;10355707692;S
20240514;100007;52.14;100;10355707840;S
20240514;100007;52.15;20;10355707879;B
20240514;100007;52.14;10;10355708291;S
20240514;100007;52.14;10;10355708364;S
20240514;100007;52.14;30;10355708366;S
20240514;100008;52.15;10;10355708369;B
20240514;100008;52.15;20;10355708374;B
20240514;100008;52.14;20;10355708419;S
20240514;100008;52.14;600;10355708764;S
20240514;100009;52.14;7910;10355709065;S
20240514;100009;52.14;20;10355709188;S
20240514;100010;52.14;410;10355709358;S
20240514;100010;52.14;2000;10355709359;S
20240514;100010;52.14;570;10355709360;S
20240514;100010;52.13;2500;10355709361;S
20240514;100010;52.13;240;10355709362;S
20240514;100010;52.13;5000;10355709363;S
20240514;100010;52.13;6900;10355709364;S
20240514;100010;52.12;100;10355709365;S
20240514;100010;52.12;100;10355709366;S
20240514;100010;52.12;1500;10355709367;S
20240514;100010;52.12;680;10355709368;S
20240514;100010;52.15;530;10355709435;B
20240514;100010;52.15;870;10355709436;B
20240514;100010;52.12;320;10355709479;S
20240514;100010;52.12;80;10355709480;S
20240514;100010;52.12;880;10355709534;S
20240514;100010;52.12;600;10355709535;S
20240514;100010;52.12;10;10355709536;S
20240514;100010;52.12;10;10355709537;S
20240514;100010;52.12;100;10355709538;S
20240514;100010;52.14;100;10355709661;B
20240514;100011;52.14;280;10355709687;B
20240514;100011;52.12;10;10355709697;S
20240514;100011;52.14;60;10355709842;B
20240514;100012;52.13;50;10355710085;B
20240514;100012;52.14;120;10355710086;B
20240514;100012;52.14;100;10355710087;B
20240514;100012;52.14;200;10355710126;B
20240514;100012;52.14;300;10355710127;B
20240514;100012;52.14;100;10355710128;B
20240514;100012;52.14;10;10355710263;B
20240514;100012;52.14;100;10355710343;B
20240514;100014;52.13;50;10355710711;S
20240514;100014;52.12;290;10355710712;S
20240514;100014;52.12;290;10355710713;S
20240514;100014;52.12;200;10355710714;S
20240514;100014;52.12;50;10355710715;S
20240514;100014;52.12;700;10355710716;S
20240514;100014;52.11;90;10355710717;S
20240514;100014;52.11;10;10355710718;S
20240514;100014;52.11;10;10355710719;S
20240514;100014;52.11;10;10355710720;S
20240514;100014;52.11;10;10355710721;S
20240514;100014;52.11;10;10355710722;S
20240514;100014;52.11;10;10355710723;S
20240514;100014;52.11;10;10355710724;S
20240514;100014;52.11;10;10355710725;S
20240514;100014;52.11;20;10355710726;S
20240514;100014;52.11;20;10355710727;S
20240514;100014;52.11;1000;10355710728;S
20240514;100014;52.11;100;10355710729;S
20240514;100014;52.11;10;10355710730;S
20240514;100014;52.11;20;10355710731;S
20240514;100014;52.11;1780;10355710732;S
20240514;100015;52.14;10;10355710821;B
20240514;100015;52.13;30;10355710824;S
20240514;100015;52.11;2970;10355710825;S
20240514;100016;52.11;5250;10355711024;S
20240514;100016;52.11;20;10355711025;S
20240514;100016;52.11;20;10355711026;S
20240514;100016;52.11;10;10355711027;S
20240514;100016;52.11;80;10355711028;S
20240514;100016;52.11;20;10355711029;S
20240514;100016;52.11;20;10355711030;S
20240514;100016;52.11;350;10355711031;S
20240514;100016;52.11;70;10355711032;S
20240514;100016;52.11;20;10355711033;S
20240514;100016;52.11;190;10355711034;S
20240514;100016;52.11;20;10355711035;S
20240514;100016;52.11;3930;10355711036;S
20240514;100017;52.14;150;10355711188;B
20240514;100017;52.12;720;10355711195;S
20240514;100017;52.11;1490;10355711196;S
20240514;100017;52.14;10;10355711232;B
20240514;100019;52.14;250;10355711545;B
20240514;100021;52.12;2000;10355712108;S
20240514;100021;52.11;1580;10355712109;S
20240514;100021;52.11;20;10355712110;S
20240514;100021;52.11;10;10355712111;S
20240514;100021;52.11;1000;10355712112;S
20240514;100021;52.11;10;10355712113;S
20240514;100021;52.11;20;10355712114;S
20240514;100021;52.11;1000;10355712115;S
20240514;100021;52.11;10;10355712116;S
20240514;100021;52.11;110;10355712117;S
20240514;100021;52.11;100;10355712118;S
20240514;100021;52.11;20;10355712119;S
20240514;100021;52.11;10;10355712120;S
20240514;100021;52.11;540;10355712121;S
20240514;100021;52.11;10;10355712122;S
20240514;100021;52.11;2000;10355712123;S
20240514;100021;52.11;100;10355712124;S
20240514;100021;52.11;520;10355712125;S
20240514;100021;52.1;10;10355712126;S
20240514;100021;52.1;200;10355712127;S
20240514;100021;52.1;40;10355712128;S
20240514;100021;52.1;13090;10355712129;S
20240514;100021;52.1;200;10355712130;S
20240514;100021;52.1;500;10355712131;S
20240514;100021;52.1;500;10355712132;B
20240514;100021;52.09;400;10355712133;S
20240514;100022;52.1;200;10355712209;B
20240514;100022;52.09;2100;10355712218;S
20240514;100022;52.09;700;10355712219;S
20240514;100022;52.07;40;10355712220;S
20240514;100022;52.06;10;10355712221;S
20240514;100022;52.05;10;10355712222;S
20240514;100022;52.05;10;10355712223;S
20240514;100022;52.05;200;10355712224;S
20240514;100022;52.05;20;10355712225;S
20240514;100022;52.05;1010;10355712226;S
20240514;100022;52.06;10;10355712256;S
20240514;100022;52.09;10;10355712362;B
20240514;100024;52.07;100;10355712634;S
20240514;100024;52.06;10;10355712635;S
20240514;100024;52.05;10;10355712636;S
20240514;100024;52.05;880;10355712637;S
20240514;100025;52.06;10;10355712836;S
20240514;100025;52.06;100;10355712837;S
20240514;100025;52.05;480;10355712838;S
20240514;100025;52.05;400;10355712839;S
20240514;100025;52.05;1000;10355712840;B
20240514;100025;52.05;1000;10355712841;B
20240514;100025;52.05;1000;10355712842;B
20240514;100025;52.05;1000;10355712844;B
20240514;100026;52.04;50;10355713063;S
20240514;100026;52.04;1000;10355713064;S
20240514;100026;52.04;80;10355713065;S
20240514;100026;52.04;1350;10355713066;S
20240514;100026;52.04;100;10355713067;S
20240514;100026;52.03;420;10355713068;S
20240514;100026;52.05;10;10355713192;B
20240514;100026;52.08;400;10355713198;S
20240514;100026;52.06;5500;10355713199;S
20240514;100026;52.1;3000;10355713266;B
20240514;100027;52.06;3000;10355713347;S
20240514;100027;52.08;10;10355713361;B
20240514;100027;52.06;1490;10355713374;S
20240514;100027;52.04;6910;10355713375;S
20240514;100027;52.03;4380;10355713376;S
20240514;100027;52.03;640;10355713377;S
20240514;100027;52.02;150;10355713378;S
20240514;100027;52.02;40;10355713379;S
20240514;100027;52.02;3330;10355713380;S
20240514;100027;52.04;500;10355713383;S
20240514;100027;52.04;50;10355713463;B
20240514;100028;52.03;10;10355713634;S
20240514;100028;52.02;40;10355713635;S
20240514;100028;52.02;640;10355713641;S
20240514;100028;52.02;200;10355713642;S
20240514;100028;52.02;800;10355713643;S
20240514;100028;52.02;360;10355713644;S
20240514;100030;52.02;220;10355714075;S
20240514;100030;52.02;220;10355714079;S
20240514;100030;52.02;440;10355714080;S
20240514;100030;52.01;100;10355714081;S
20240514;100030;52.01;30;10355714082;S
20240514;100030;52.01;100;10355714083;S
20240514;100030;52.01;110;10355714084;S
20240514;100030;52.02;10;10355714290;S
20240514;100030;52.01;90;10355714291;S
20240514;100030;52.01;300;10355714292;S
20240514;100031;52.04;50;10355714361;B
20240514;100031;52.07;440;10355714362;B
20240514;100031;52.08;990;10355714363;B
20240514;100031;52.08;20;10355714364;B
20240514;100031;52.08;1350;10355714365;B
20240514;100031;52.09;2500;10355714366;B
20240514;100031;52.09;5650;10355714367;B
20240514;100031;52.08;50;10355714495;B
20240514;100031;52.04;440;10355714512;S
20240514;100031;52.03;10;10355714513;S
20240514;100031;52.03;4350;10355714514;S
20240514;100032;52.02;440;10355714599;S
20240514;100032;52.02;1350;10355714600;S
20240514;100032;52.01;210;10355714601;S
20240514;100032;52.02;50;10355714716;S
20240514;100032;52.01;18450;10355714717;S
20240514;100033;52.01;20;10355714977;S
20240514;100033;52.05;10;10355714995;S
20240514;100033;52.01;490;10355714996;S
20240514;100034;52.08;330;10355715064;B
20240514;100034;52.08;170;10355715065;B
20240514;100039;52.07;10;10355716041;B
20240514;100039;52.07;10;10355716047;B
20240514;100039;52.07;420;10355716213;B
20240514;100039;52.09;1350;10355716214;B
20240514;100039;52.09;1070;10355716215;B
20240514;100039;52.08;280;10355716308;B
20240514;100042;52.06;40;10355716902;B
20240514;100043;52.06;10;10355716962;B
20240514;100043;52.03;600;10355717027;S
20240514;100045;52.05;600;10355717268;B
20240514;100045;52.06;360;10355717269;B
20240514;100045;52.06;1350;10355717270;B
20240514;100045;52.06;1000;10355717271;B
20240514;100045;52.07;1000;10355717334;B
20240514;100045;52.08;160;10355717335;B
20240514;100045;52.08;1000;10355717336;B
20240514;100045;52.09;680;10355717337;B
20240514;100045;52.09;80;10355717349;B
20240514;100045;52.09;50;10355717363;B
20240514;100046;52.06;10;10355717446;S
20240514;100046;52.07;960;10355717517;S
20240514;100046;52.06;310;10355717565;S
20240514;100046;52.1;5300;10355717605;B
20240514;100047;52.07;250;10355717713;S
20240514;100047;52.1;1500;10355717741;B
20240514;100047;52.1;16400;10355717776;B
20240514;100047;52.11;1000;10355717777;B
20240514;100047;52.11;2600;10355717778;B
20240514;100048;52.12;10;10355717882;B
20240514;100048;52.13;40;10355717883;B
20240514;100048;52.14;6910;10355717884;B
20240514;100048;52.15;50;10355717885;B
20240514;100048;52.15;10;10355717886;B
20240514;100048;52.16;10;10355717887;B
20240514;100049;52.17;400;10355718028;B
20240514;100049;52.18;2440;10355718029;B
20240514;100049;52.18;4460;10355718045;B
20240514;100049;52.19;10;10355718046;B
20240514;100049;52.19;200;10355718047;B
20240514;100049;52.2;10;10355718048;B
20240514;100049;52.2;10;10355718049;B
20240514;100049;52.2;10;10355718050;B
20240514;100049;52.21;300;10355718051;B
20240514;100049;52.21;10;10355718052;B
20240514;100049;52.22;10;10355718053;B
20240514;100049;52.22;10;10355718054;B
20240514;100049;52.22;10;10355718055;B
20240514;100049;52.22;10;10355718056;B
20240514;100049;52.22;10;10355718057;B
20240514;100049;52.22;10;10355718058;B
20240514;100049;52.22;400;10355718059;B
20240514;100049;52.22;500;10355718060;B
20240514;100049;52.22;760;10355718061;B
20240514;100049;52.23;20;10355718062;B
20240514;100049;52.23;1850;10355718063;B
20240514;100049;52.23;1400;10355718064;B
20240514;100049;52.22;3000;10355718072;B
20240514;100049;52.18;10;10355718125;B
20240514;100049;52.2;4790;10355718126;B
20240514;100050;52.23;20;10355718154;B
20240514;100050;52.23;6880;10355718168;B
20240514;100050;52.24;100;10355718169;B
20240514;100050;52.24;200;10355718170;B
20240514;100050;52.24;360;10355718171;B
20240514;100050;52.25;10;10355718172;B
20240514;100050;52.25;1000;10355718173;B
20240514;100050;52.26;3460;10355718174;B
20240514;100050;52.26;1310;10355718175;B
20240514;100050;52.26;500;10355718176;B
20240514;100050;52.27;1000;10355718177;B
20240514;100050;52.27;100;10355718178;B
20240514;100050;52.27;80;10355718179;B
20240514;100050;52.26;6890;10355718273;B
20240514;100050;52.26;360;10355718274;B
20240514;100050;52.27;2750;10355718275;B
20240514;100051;52.26;6890;10355718486;B
20240514;100051;52.27;3110;10355718487;B
20240514;100051;52.26;5000;10355718529;B
20240514;100052;52.26;1880;10355718540;B
20240514;100052;52.27;3560;10355718541;B
20240514;100052;52.27;240;10355718542;B
20240514;100052;52.27;10;10355718543;B
20240514;100052;52.28;70;10355718544;B
20240514;100052;52.28;770;10355718545;B
20240514;100052;52.27;10;10355718648;B
20240514;100052;52.27;70;10355718818;B
20240514;100053;52.27;100;10355718960;B
20240514;100053;52.27;100;10355719039;B
20240514;100054;52.27;70;10355719352;B
20240514;100055;52.26;20;10355719375;S
20240514;100055;52.27;30;10355719377;B
20240514;100055;52.26;10;10355719480;S
20240514;100055;52.26;50;10355719563;S
20240514;100056;52.27;2000;10355719827;B
20240514;100056;52.27;10;10355719891;B
20240514;100057;52.27;4490;10355720127;B
20240514;100057;52.27;400;10355720128;B
20240514;100057;52.28;70;10355720129;B
20240514;100057;52.28;200;10355720130;B
20240514;100057;52.28;6750;10355720131;B
20240514;100057;52.28;160;10355720132;B
20240514;100057;52.28;1500;10355720133;B
20240514;100057;52.29;210;10355720134;B
20240514;100057;52.29;1220;10355720135;B
20240514;100058;52.28;2500;10355720235;B
20240514;100058;52.26;20;10355720236;S
20240514;100058;52.26;50;10355720237;S
20240514;100058;52.26;20;10355720238;S
20240514;100058;52.26;410;10355720323;B
20240514;100058;52.28;590;10355720324;B
20240514;100059;52.28;20;10355720443;B
20240514;100100;52.26;100;10355720571;B
20240514;100100;52.24;10;10355720665;S
20240514;100100;52.23;20;10355720802;S
20240514;100100;52.22;10;10355720803;S
20240514;100100;52.21;10;10355720804;S
20240514;100100;52.2;440;10355720805;S
20240514;100100;52.2;690;10355720806;S
20240514;100100;52.19;1350;10355720807;S
20240514;100100;52.18;2500;10355720808;S
20240514;100100;52.18;680;10355720809;S
20240514;100100;52.21;20;10355720826;S
20240514;100100;52.21;20;10355720827;S
20240514;100100;52.18;180;10355720828;S
20240514;100101;52.18;6880;10355720947;S
20240514;100101;52.18;440;10355720948;S
20240514;100101;52.17;690;10355720949;S
20240514;100101;52.15;400;10355720950;S
20240514;100101;52.15;200;10355720951;S
20240514;100101;52.14;250;10355720952;S
20240514;100103;52.16;10;10355721224;S
20240514;100103;52.15;20;10355721225;S
20240514;100103;52.15;30;10355721246;S
20240514;100105;52.14;20;10355721796;S
20240514;100105;52.14;20;10355721869;S
20240514;100105;52.15;200;10355721872;S
20240514;100105;52.15;2300;10355721908;S
20240514;100105;52.14;6850;10355721909;S
20240514;100105;52.14;680;10355721910;S
20240514;100105;52.13;2500;10355721911;S
20240514;100105;52.12;500;10355721912;S
20240514;100105;52.12;240;10355721913;S
20240514;100105;52.12;440;10355721914;S
20240514;100105;52.11;6920;10355721915;S
20240514;100105;52.11;1350;10355721916;S
20240514;100105;52.1;3220;10355721917;S
20240514;100106;52.12;20;10355722038;S
20240514;100106;52.13;1350;10355722054;B
20240514;100108;52.12;30;10355722363;S
20240514;100110;52.15;30;10355722946;B
20240514;100110;52.16;450;10355722947;B
20240514;100110;52.18;20;10355722948;B
20240514;100110;52.19;1350;10355722949;B
20240514;100110;52.2;400;10355722950;B
20240514;100110;52.2;100;10355722951;B
20240514;100110;52.21;1000;10355722952;B
20240514;100110;52.21;250;10355722953;B
20240514;100110;52.21;1400;10355722954;B
20240514;100111;52.2;1350;10355723053;B
20240514;100111;52.2;440;10355723054;B
20240514;100111;52.2;20;10355723055;B
20240514;100111;52.21;3090;10355723056;B
20240514;100111;52.14;4950;10355723062;B
20240514;100111;52.14;620;10355723063;B
20240514;100116;52.14;10;10355723746;S
20240514;100116;52.18;440;10355723758;B
20240514;100116;52.18;680;10355723759;B
20240514;100116;52.19;330;10355723760;B
20240514;100116;52.18;20;10355723804;B
20240514;100120;52.19;10;10355724469;B
20240514;100121;52.19;1660;10355724508;B
20240514;100121;52.19;330;10355724509;B
20240514;100121;52.18;20;10355724535;S
20240514;100121;52.17;20;10355724536;S
20240514;100121;52.16;20;10355724537;S
20240514;100122;52.16;3000;10355724796;B
20240514;100124;52.16;1940;10355725182;B
20240514;100124;52.19;50;10355725183;B
20240514;100124;52.2;20;10355725184;B
20240514;100124;52.21;2780;10355725185;B
20240514;100127;52.2;10000;10355725736;B
20240514;100129;52.2;100;10355726272;B
20240514;100129;52.2;400;10355726273;B
20240514;100129;52.21;500;10355726274;B
20240514;100131;52.16;200;10355726459;S
20240514;100135;52.17;500;10355727352;B
20240514;100137;52.17;200;10355727818;B
20240514;100137;52.15;10;10355727821;S
20240514;100138;52.15;10;10355728073;S
20240514;100138;52.15;10;10355728074;S
20240514;100138;52.15;20;10355728075;S
20240514;100138;52.15;2500;10355728076;S
20240514;100138;52.14;240;10355728077;S
20240514;100138;52.14;110;10355728078;S
20240514;100138;52.14;1350;10355728079;S
20240514;100138;52.14;400;10355728080;S
20240514;100138;52.14;20;10355728081;S
20240514;100138;52.14;8000;10355728082;S
20240514;100138;52.13;6890;10355728083;S
20240514;100138;52.13;400;10355728084;S
20240514;100138;52.12;50;10355728085;S
20240514;100144;52.13;10;10355729045;S
20240514;100144;52.15;30;10355729070;B
20240514;100144;52.13;20;10355729079;S
20240514;100146;52.13;100;10355729513;S
20240514;100146;52.15;30;10355729669;B
20240514;100149;52.15;10;10355730172;B
20240514;100149;52.15;460;10355730173;B
20240514;100149;52.17;340;10355730174;B
20240514;100149;52.18;200;10355730175;B
20240514;100149;52.19;20;10355730176;B
20240514;100149;52.19;1350;10355730177;B
20240514;100149;52.19;20;10355730178;B
20240514;100149;52.2;580;10355730179;B
20240514;100149;52.2;500;10355730180;B
20240514;100149;52.2;400;10355730181;B
20240514;100149;52.2;400;10355730182;B
20240514;100149;52.2;30;10355730183;B
20240514;100149;52.21;690;10355730184;B
20240514;100151;52.15;440;10355730440;S
20240514;100152;52.15;10;10355730623;B
20240514;100152;52.13;90;10355730834;S
20240514;100155;52.13;1210;10355731404;S
20240514;100156;52.13;1090;10355731651;S
20240514;100156;52.15;100;10355731692;B
20240514;100156;52.15;420;10355731758;B
20240514;100202;52.14;640;10355732924;S
20240514;100202;52.13;4410;10355732925;S
20240514;100202;52.13;160;10355732926;S
20240514;100202;52.12;1950;10355732927;S
20240514;100202;52.11;10;10355732928;S
20240514;100202;52.11;1500;10355732929;S
20240514;100202;52.11;1280;10355732930;S
20240514;100202;52.11;100;10355732931;S
20240514;100202;52.11;400;10355732932;S
20240514;100202;52.1;50;10355732933;S
20240514;100202;52.1;10;10355732934;S
20240514;100202;52.1;10000;10355732935;S
20240514;100202;52.1;230;10355732936;S
20240514;100202;52.1;400;10355732937;S
20240514;100202;52.1;20;10355732938;S
20240514;100202;52.1;30;10355732939;S
20240514;100202;52.09;300;10355732940;S
20240514;100202;52.09;440;10355732941;S
20240514;100202;52.08;10;10355732942;S
20240514;100202;52.08;1500;10355732943;S
20240514;100202;52.08;50;10355732944;S
20240514;100202;52.07;2000;10355732945;S
20240514;100202;52.07;20;10355732946;S
20240514;100202;52.07;60;10355732947;S
20240514;100202;52.07;5760;10355732948;S
20240514;100202;52.06;13270;10355732949;S
20240514;100202;52.06;1380;10355732950;S
20240514;100202;52.05;2000;10355732951;S
20240514;100202;52.05;10;10355732952;S
20240514;100202;52.03;250;10355732953;S
20240514;100202;52.03;1000;10355732954;S
20240514;100202;52.03;760;10355732955;S
20240514;100202;52.08;440;10355732957;B
20240514;100202;52.1;640;10355732958;B
20240514;100202;52.11;500;10355732959;B
20240514;100202;52.13;420;10355732960;B
20240514;100202;52.12;120;10355732963;B
20240514;100202;52.14;1350;10355733006;B
20240514;100202;52.14;2500;10355733007;B
20240514;100202;52.15;7030;10355733008;B
20240514;100202;52.15;360;10355733009;B
20240514;100202;52.15;120;10355733010;B
20240514;100203;52.1;560;10355733119;S
20240514;100203;52.1;440;10355733120;S
20240514;100203;52.09;560;10355733174;B
20240514;100203;52.09;10;10355733210;B
20240514;100203;52.09;1340;10355733223;B
20240514;100203;52.1;5690;10355733224;B
20240514;100203;52.1;3310;10355733239;B
20240514;100203;52.11;640;10355733240;B
20240514;100203;52.12;2000;10355733241;B
20240514;100203;52.13;50;10355733242;B
20240514;100204;52.15;2000;10355733404;S
20240514;100205;52.15;630;10355733540;S
20240514;100205;52.11;630;10355733541;S
20240514;100205;52.1;6900;10355733542;S
20240514;100205;52.08;440;10355733543;S
20240514;100205;52.06;10;10355733544;S
20240514;100205;52.05;10;10355733545;S
20240514;100205;52.04;1380;10355733546;S
20240514;100212;52.12;8120;10355735081;S
20240514;100212;52.12;20;10355735082;S
20240514;100212;52.11;630;10355735083;S
20240514;100212;52.11;400;10355735084;S
20240514;100212;52.09;340;10355735085;S
20240514;100212;52.08;4990;10355735086;S
20240514;100214;52.11;660;10355735281;B
20240514;100214;52.11;460;10355735282;B
20240514;100214;52.11;490;10355735296;B
20240514;100214;52.12;10;10355735297;B
20240514;100214;52.12;250;10355735363;B
20240514;100214;52.12;50;10355735364;B
20240514;100215;52.12;30;10355735607;B
20240514;100216;52.07;20;10355735640;S
20240514;100218;52.07;10;10355736243;S
20240514;100218;52.08;200;10355736244;B
20240514;100220;52.12;2420;10355736552;B
20240514;100220;52.12;620;10355736553;B
20240514;100221;52.08;10;10355736656;S
20240514;100221;52.08;310;10355736737;S
20240514;100221;52.07;620;10355736738;S
20240514;100221;52.06;70;10355736739;S
20240514;100223;52.06;570;10355737069;S
20240514;100223;52.06;320;10355737070;S
20240514;100223;52.05;230;10355737071;S
20240514;100223;52.05;1350;10355737072;S
20240514;100223;52.05;620;10355737073;S
20240514;100223;52.05;6910;10355737074;S
20240514;100223;52.05;620;10355737075;S
20240514;100223;52.04;2770;10355737076;S
20240514;100223;52.04;100;10355737077;S
20240514;100223;52.03;500;10355737078;S
20240514;100223;52.03;250;10355737079;S
20240514;100223;52.02;380;10355737080;S
20240514;100223;52.02;30;10355737081;S
20240514;100223;52.02;240;10355737082;S
20240514;100223;52.02;1000;10355737083;S
20240514;100223;52.02;3000;10355737084;S
20240514;100223;52.02;500;10355737085;S
20240514;100223;52.02;10000;10355737086;S
20240514;100223;52.01;2500;10355737087;S
20240514;100223;52.01;10000;10355737088;S
20240514;100223;52.01;10;10355737089;S
20240514;100223;52.01;200;10355737090;S
20240514;100223;52.01;10;10355737091;S
20240514;100223;52;600;10355737092;S
20240514;100223;52;700;10355737093;S
20240514;100223;52;400;10355737094;S
20240514;100223;52;10;10355737095;S
20240514;100223;52;500;10355737096;S
20240514;100223;52;100;10355737097;S
20240514;100223;52;1000;10355737098;S
20240514;100223;52;20;10355737099;S
20240514;100223;52;10;10355737100;S
20240514;100223;52;10;10355737101;S
20240514;100223;52;4540;10355737102;S
20240514;100224;52.1;20;10355737162;B
20240514;100224;52.09;20;10355737453;B
20240514;100224;52.09;70;10355737454;B
20240514;100226;52.07;500;10355737740;B
20240514;100226;52.08;50;10355737741;B
20240514;100226;52.08;1000;10355737742;B
20240514;100226;52.08;620;10355737743;B
20240514;100226;52.09;100;10355737744;B
20240514;100226;52.09;610;10355737745;B
20240514;100226;52.1;400;10355737746;B
20240514;100226;52.11;1720;10355737747;B
20240514;100226;52.06;1000;10355737799;B
20240514;100228;52.07;50;10355738101;B
20240514;100229;52.06;20;10355738390;B
20240514;100232;52.05;300;10355738824;S
20240514;100235;52.07;1950;10355739457;B
20240514;100235;52.07;50;10355739458;B
20240514;100236;52.07;320;10355739680;S
20240514;100236;52.06;180;10355739681;S
20240514;100236;52.06;100;10355739696;S
20240514;100236;52.07;1000;10355739769;B
20240514;100237;52.06;100;10355739912;S
20240514;100237;52.08;190;10355739935;B
20240514;100237;52.06;120;10355739985;S
20240514;100237;52.06;590;10355739986;S
20240514;100237;52.05;10;10355739987;S
20240514;100237;52.05;280;10355739988;S
20240514;100242;52.07;10;10355740820;B
20240514;100242;52.07;100;10355740821;B
20240514;100242;52.08;1810;10355740822;B
20240514;100242;52.08;20;10355740853;S
20240514;100246;52.08;10;10355741463;S
20240514;100247;52.08;50;10355741527;S
20240514;100247;52.06;20;10355741601;S
20240514;100250;52.05;100;10355742112;S
20240514;100251;52.06;380;10355742225;B
20240514;100251;52.08;950;10355742226;B
20240514;100251;52.09;40;10355742227;B
20240514;100251;52.09;1350;10355742228;B
20240514;100251;52.09;2440;10355742229;B
20240514;100251;52.1;9630;10355742230;B
20240514;100251;52.1;200;10355742231;B
20240514;100254;52.1;200;10355742901;S
20240514;100255;52.1;10;10355743209;S
20240514;100257;52.1;50;10355743508;S
20240514;100257;52.11;100;10355743629;B
20240514;100258;52.11;3900;10355743766;B
20240514;100258;52.11;50;10355743767;B
20240514;100258;52.12;10;10355743872;B
20240514;100259;52.11;6810;10355744166;S
20240514;100300;52.11;30;10355744243;S
20240514;100302;52.11;170;10355745067;S
20240514;100302;52.11;1350;10355745068;S
20240514;100302;52.11;1990;10355745069;S
20240514;100302;52.11;2500;10355745070;S
20240514;100302;52.1;11780;10355745071;S
20240514;100302;52.1;9000;10355745072;S
20240514;100302;52.1;270;10355745073;S
20240514;100302;52.05;10;10355745105;S
20240514;100302;52.05;50;10355745106;S
20240514;100302;52.05;20;10355745107;S
20240514;100302;52.05;400;10355745108;S
20240514;100302;52.04;2000;10355745109;S
20240514;100302;52.04;520;10355745110;S
20240514;100303;52.05;10;10355745392;B
20240514;100306;52.05;100;10355745883;B
20240514;100307;52.04;340;10355745956;S
20240514;100307;52.04;600;10355745957;S
20240514;100307;52.04;2030;10355745958;S
20240514;100307;52.03;30;10355745959;S
20240514;100307;52.03;60;10355745963;S
20240514;100307;52.04;460;10355745970;B
20240514;100307;52.06;90;10355745997;B
20240514;100308;52.04;50;10355746039;S
20240514;100310;52.04;350;10355746388;S
20240514;100310;52.04;590;10355746389;S
20240514;100310;52.04;2000;10355746390;S
20240514;100310;52.03;60;10355746391;S
20240514;100311;52.03;100;10355746487;B
20240514;100311;52.02;500;10355746515;S
20240514;100311;52.02;500;10355746516;S
20240514;100312;52.02;500;10355746810;S
20240514;100313;52.02;1000;10355746873;S
20240514;100314;52.02;1500;10355747190;S
20240514;100314;52.02;100;10355747233;S
20240514;100314;52.02;3500;10355747329;S
20240514;100314;52.03;40;10355747330;B
20240514;100314;52.03;480;10355747331;B
20240514;100315;52.03;40;10355747371;S
20240514;100315;52.04;10;10355747372;B
20240514;100317;52.02;10;10355747854;S
20240514;100317;52.03;20;10355747982;B
20240514;100321;52.03;220;10355748506;B
20240514;100321;52.03;980;10355748507;B
20240514;100321;52.03;20;10355748531;B
20240514;100321;52.03;40;10355748532;B
20240514;100324;52.03;100;10355748892;S
20240514;100327;52.02;10;10355749346;S
20240514;100329;52.03;40;10355749747;B
20240514;100329;52.03;10;10355749748;B
20240514;100329;52.03;410;10355749779;B
20240514;100330;52.03;500;10355749942;B
20240514;100332;52.02;10;10355750245;S
20240514;100332;52.02;80;10355750298;S
20240514;100332;52.02;580;10355750299;S
20240514;100332;52.01;100;10355750300;S
20240514;100332;52.01;100;10355750301;S
20240514;100332;52.01;460;10355750302;S
20240514;100332;52.01;2500;10355750303;S
20240514;100332;52.01;1180;10355750304;S
20240514;100333;52.01;10;10355750490;S
20240514;100334;52.01;990;10355750599;S
20240514;100334;52;4010;10355750600;S
20240514;100334;52.01;100;10355750800;B
20240514;100335;52.01;50;10355750806;B
20240514;100336;52.01;10;10355751085;B
20240514;100336;52;150;10355751181;S
20240514;100337;52.01;200;10355751359;B
20240514;100337;52.01;1200;10355751362;B
20240514;100337;52.01;20;10355751363;B
20240514;100337;52.02;40;10355751365;B
20240514;100337;52.02;2160;10355751436;S
20240514;100337;52.02;640;10355751437;S
20240514;100337;52.01;1350;10355751438;S
20240514;100337;52;1320;10355751439;S
20240514;100338;52.02;20;10355751698;B
20240514;100339;52.02;120;10355751994;B
20240514;100339;52.03;80;10355751995;B
20240514;100339;52.03;1000;10355751996;B
20240514;100339;52.04;990;10355751997;B
20240514;100339;52.04;640;10355751998;B
20240514;100339;52.05;12120;10355751999;B
20240514;100339;52.05;50;10355752000;B
20240514;100339;52.02;40;10355752031;B
20240514;100339;52.01;300;10355752059;S
20240514;100343;52.04;10;10355752771;S
20240514;100343;52.04;50;10355752772;S
20240514;100347;52.05;100;10355753447;B
20240514;100347;52.05;3890;10355753448;B
20240514;100347;52.04;10;10355753458;S
20240514;100347;52.04;10;10355753459;S
20240514;100347;52.04;20;10355753460;S
20240514;100347;52.04;10;10355753517;S
20240514;100347;52.04;620;10355753530;S
20240514;100347;52.04;100;10355753531;S
20240514;100347;52.04;2500;10355753532;S
20240514;100347;52.03;1350;10355753533;S
20240514;100347;52.03;3650;10355753534;S
20240514;100347;52.03;2130;10355753535;S
20240514;100347;52.02;1000;10355753536;S
20240514;100347;52.02;1000;10355753537;S
20240514;100347;52.02;500;10355753538;S
20240514;100347;52.02;200;10355753539;S
20240514;100347;52;6950;10355753540;S
20240514;100351;52.05;120;10355754300;B
20240514;100351;52.05;10;10355754301;B
20240514;100351;52.06;10;10355754302;B
20240514;100352;52.06;10;10355754346;B
20240514;100352;52.06;10;10355754347;B
20240514;100352;52.06;10;10355754357;B
20240514;100356;52.06;40;10355755038;B
20240514;100356;52.06;630;10355755039;B
20240514;100356;52.07;530;10355755040;B
20240514;100359;52.07;10;10355755512;B
20240514;100359;52.06;10;10355755513;S
20240514;100359;52.07;930;10355755531;B
20240514;100400;52.06;20;10355755660;S
20240514;100401;52.06;10;10355755750;S
20240514;100401;52.06;10;10355755751;S
20240514;100401;52.05;10;10355755752;S
20240514;100401;52.05;10;10355755753;S
20240514;100401;52.02;360;10355755754;S
20240514;100402;52.02;180;10355755993;S
20240514;100404;52.02;300;10355756559;S
20240514;100404;52.01;20;10355756608;S
20240514;100404;52.01;40;10355756609;S
20240514;100404;52.01;140;10355756610;S
20240514;100405;52.04;30;10355756658;B
20240514;100405;52.06;90;10355756808;B
20240514;100406;52.06;20;10355756891;B
20240514;100414;52.06;40;10355758419;B
20240514;100414;52.04;20;10355758477;S
20240514;100414;52.03;600;10355758478;S
20240514;100414;52.02;1040;10355758479;S
20240514;100414;52.02;440;10355758480;S
20240514;100414;52.01;1210;10355758481;S
20240514;100414;52.01;10;10355758482;S
20240514;100414;52.01;2500;10355758483;S
20240514;100414;52;3880;10355758484;S
20240514;100414;52;10;10355758485;S
20240514;100414;52;10;10355758486;S
20240514;100414;52;20;10355758487;S
20240514;100414;52;20;10355758488;S
20240514;100414;52;70;10355758489;S
20240514;100414;52;10;10355758490;S
20240514;100414;52;20;10355758491;S
20240514;100414;52;1000;10355758492;S
20240514;100414;52;40;10355758493;S
20240514;100414;52;6000;10355758494;S
20240514;100414;52;10;10355758495;S
20240514;100414;52;100;10355758496;S
20240514;100414;52;10;10355758497;S
20240514;100414;52;4000;10355758498;S
20240514;100414;52;190;10355758499;S
20240514;100414;52;300;10355758500;S
20240514;100414;52;50;10355758501;S
20240514;100414;52;100;10355758502;S
20240514;100414;52;10;10355758503;S
20240514;100414;52;20;10355758504;S
20240514;100414;52;500;10355758505;S
20240514;100414;52;600;10355758506;S
20240514;100414;52;200;10355758507;S
20240514;100414;52;9590;10355758508;S
20240514;100416;52.01;300;10355758750;S
20240514;100420;52;4530;10355759317;S
20240514;100420;52;5470;10355759318;S
20240514;100421;52.04;30;10355759437;B
20240514;100422;52;10;10355759594;S
20240514;100422;52;4520;10355759617;S
20240514;100422;52;10;10355759618;S
20240514;100422;52;2630;10355759619;S
20240514;100422;52;100;10355759620;B
20240514;100422;52;500;10355759621;B
20240514;100422;51.98;10;10355759635;S
20240514;100422;51.98;90;10355759636;S
20240514;100422;51.98;10;10355759644;S
20240514;100422;51.98;490;10355759645;S
20240514;100422;51.98;230;10355759648;S
20240514;100422;51.97;1000;10355759649;S
20240514;100422;51.97;50;10355759650;S
20240514;100422;51.97;600;10355759651;S
20240514;100422;51.96;10;10355759652;S
20240514;100422;51.96;10;10355759653;S
20240514;100422;51.95;50;10355759654;S
20240514;100422;51.95;10;10355759655;S
20240514;100422;51.95;10;10355759656;S
20240514;100422;51.95;30;10355759657;S
20240514;100422;51.95;1000;10355759658;S
20240514;100422;51.95;300;10355759659;S
20240514;100422;51.95;1700;10355759660;S
20240514;100422;51.98;70;10355759671;S
20240514;100422;51.98;90;10355759676;S
20240514;100422;51.95;5220;10355759677;S
20240514;100422;51.94;100;10355759678;S
20240514;100422;51.94;20;10355759679;S
20240514;100422;51.94;400;10355759680;S
20240514;100422;51.94;610;10355759681;S
20240514;100422;51.93;500;10355759682;S
20240514;100422;51.93;10;10355759683;S
20240514;100422;51.93;470;10355759684;S
20240514;100422;51.92;750;10355759685;S
20240514;100422;51.92;1720;10355759686;S
20240514;100422;51.91;10;10355759687;S
20240514;100422;51.91;30;10355759688;S
20240514;100422;51.91;10;10355759689;S
20240514;100422;51.91;50;10355759690;S
20240514;100422;51.91;10;10355759691;S
20240514;100422;51.92;2760;10355759706;S
20240514;100422;51.92;1500;10355759707;S
20240514;100422;51.91;740;10355759708;S
20240514;100422;51.91;200;10355759710;S
20240514;100422;51.91;1270;10355759725;S
20240514;100422;51.91;3730;10355759726;S
20240514;100423;51.91;400;10355759819;S
20240514;100423;51.91;30;10355759893;S
20240514;100423;51.91;1500;10355759906;S
20240514;100423;51.97;100;10355759907;B
20240514;100423;51.91;10;10355759908;S
20240514;100423;51.96;10;10355760046;S
20240514;100423;51.95;10;10355760047;S
20240514;100424;51.92;20;10355760145;S
20240514;100424;51.91;1250;10355760146;S
20240514;100424;51.91;10;10355760147;S
20240514;100424;51.91;10;10355760148;S
20240514;100424;51.9;10;10355760149;S
20240514;100424;51.9;10000;10355760150;S
20240514;100424;51.9;100;10355760151;S
20240514;100424;51.9;40;10355760152;S
20240514;100424;51.9;10;10355760153;S
20240514;100424;51.9;3000;10355760154;S
20240514;100424;51.9;1000;10355760155;S
20240514;100424;51.9;840;10355760156;S
20240514;100424;51.89;10;10355760157;S
20240514;100424;51.89;500;10355760158;S
20240514;100424;51.89;400;10355760159;S
20240514;100424;51.89;2000;10355760160;S
20240514;100424;51.89;10;10355760161;S
20240514;100424;51.87;50;10355760162;S
20240514;100424;51.87;8510;10355760163;S
20240514;100424;51.88;500;10355760164;S
20240514;100424;51.88;1110;10355760169;S
20240514;100424;51.88;110;10355760176;S
20240514;100425;51.88;70;10355760294;S
20240514;100425;51.88;10;10355760326;S
20240514;100425;51.88;5130;10355760402;S
20240514;100425;51.88;1120;10355760403;S
20240514;100425;51.87;18750;10355760404;S
20240514;100425;51.88;6930;10355760450;S
20240514;100425;51.87;2070;10355760451;S
20240514;100425;51.9;2900;10355760461;S
20240514;100425;51.9;7100;10355760466;S
20240514;100425;51.9;10;10355760467;S
20240514;100425;51.88;2320;10355760468;S
20240514;100426;51.89;20;10355760685;S
20240514;100426;51.88;440;10355760686;S
20240514;100428;51.93;100;10355760953;B
20240514;100429;51.91;100;10355761024;S
20240514;100429;51.91;40;10355761113;S
20240514;100429;51.92;10;10355761138;B
20240514;100433;51.91;250;10355761892;S
20240514;100433;51.91;750;10355761893;S
20240514;100433;51.92;100;10355761955;B
20240514;100437;51.92;1000;10355762742;B
20240514;100437;51.92;500;10355762759;B
20240514;100437;51.92;250;10355762782;B
20240514;100438;51.92;640;10355762899;B
20240514;100438;51.92;20;10355762900;B
20240514;100438;51.93;340;10355762901;B
20240514;100438;51.93;10;10355762902;B
20240514;100438;51.96;1000;10355762909;B
20240514;100438;51.93;10;10355762914;S
20240514;100438;51.96;500;10355763004;B
20240514;100439;51.94;220;10355763052;S
20240514;100439;51.94;580;10355763136;S
20240514;100439;51.94;790;10355763137;S
20240514;100441;51.95;200;10355763489;S
20240514;100442;51.95;1000;10355763662;S
20240514;100442;51.95;1000;10355763751;S
20240514;100442;51.98;10;10355763780;B
20240514;100444;51.98;140;10355764189;B
20240514;100444;51.98;110;10355764190;B
20240514;100446;51.95;10;10355764468;S
20240514;100447;51.97;280;10355764568;B
20240514;100448;51.96;10;10355764703;B
20240514;100448;51.95;10;10355764711;S
20240514;100449;51.96;490;10355764871;B
20240514;100449;51.96;10;10355764872;B
20240514;100450;51.95;480;10355765051;S
20240514;100450;51.95;580;10355765052;S
20240514;100450;51.94;940;10355765053;S
20240514;100455;51.94;10;10355766508;S
20240514;100455;51.94;580;10355766509;S
20240514;100455;51.94;750;10355766510;S
20240514;100455;51.93;500;10355766511;S
20240514;100455;51.93;920;10355766512;S
20240514;100455;51.92;840;10355766513;S
20240514;100457;51.96;100;10355766758;B
20240514;100458;51.96;10;10355766905;B
20240514;100459;51.96;100;10355767082;B
20240514;100459;51.96;250;10355767145;B
20240514;100459;51.95;940;10355767177;S
20240514;100500;51.96;250;10355767232;B
20240514;100500;51.95;500;10355767245;S
20240514;100502;51.96;1280;10355767547;B
20240514;100502;51.96;1790;10355767548;B
20240514;100502;51.96;440;10355767549;B
20240514;100502;51.96;30;10355767550;B
20240514;100502;51.97;460;10355767551;B
20240514;100503;51.96;40;10355767737;S
20240514;100503;51.97;260;10355767738;B
20240514;100503;51.96;20;10355767743;S
20240514;100503;51.96;1020;10355767799;S
20240514;100503;51.99;40;10355767804;B
20240514;100503;51.99;80;10355767805;B
20240514;100503;52;30;10355767806;B
20240514;100504;52;10;10355767932;B
20240514;100504;51.98;20;10355767945;S
20240514;100506;51.98;80;10355768193;B
20240514;100507;51.98;80;10355768311;S
20240514;100507;51.99;500;10355768361;B
20240514;100511;52;20;10355769151;B
20240514;100511;52;250;10355769182;B
20240514;100512;52;50;10355769316;B
20240514;100512;52;9640;10355769317;B
20240514;100512;52;130;10355769318;B
20240514;100512;52;7590;10355769319;B
20240514;100512;52;40;10355769320;B
20240514;100512;52.02;120;10355769337;B
20240514;100512;52.03;250;10355769343;B
20240514;100512;52.03;1000;10355769384;B
20240514;100512;52.03;200;10355769394;B
20240514;100512;52.03;250;10355769420;B
20240514;100513;52.02;130;10355769562;S
20240514;100513;52.02;50;10355769563;S
20240514;100513;52.02;20;10355769564;S
20240514;100513;52.03;30;10355769569;B
20240514;100513;52.03;1000;10355769578;B
20240514;100513;52.02;10;10355769580;S
20240514;100514;52.03;20;10355769701;B
20240514;100514;52.02;50;10355769790;S
20240514;100514;52.03;50;10355769795;B
20240514;100515;52.03;5000;10355769900;B
20240514;100515;52.03;10000;10355769912;B
20240514;100515;52.03;200;10355769953;B
20240514;100515;52.04;50;10355769954;B
20240514;100516;52.04;10;10355770079;B
20240514;100516;52.04;50;10355770086;B
20240514;100516;52.03;1350;10355770090;S
20240514;100516;52.03;10;10355770091;S
20240514;100516;52.03;630;10355770092;S
20240514;100517;52.04;2500;10355770148;B
20240514;100517;52.04;10;10355770174;B
20240514;100517;52.04;50;10355770232;B
20240514;100517;52.04;100;10355770233;B
20240514;100517;52.04;60;10355770234;B
20240514;100518;52.03;50;10355770539;S
20240514;100519;52.04;20;10355770584;B
20240514;100519;52.06;100;10355770691;B
20240514;100519;52.06;2500;10355770771;B
20240514;100520;52.06;2500;10355770828;B
20240514;100520;52.06;9430;10355770861;B
20240514;100520;52.06;5000;10355770888;B
20240514;100520;52.06;5000;10355770911;B
20240514;100520;52.06;100;10355770920;B
20240514;100521;52.06;120;10355770950;B
20240514;100521;52.06;70;10355771014;B
20240514;100521;52.06;70;10355771074;B
20240514;100521;52.05;10;10355771079;S
20240514;100522;52.06;110;10355771097;B
20240514;100522;52.06;590;10355771098;B
20240514;100522;52.07;500;10355771101;B
20240514;100524;52.07;170;10355771358;B
20240514;100524;52.08;1000;10355771359;B
20240514;100524;52.08;100;10355771360;B
20240514;100524;52.08;1840;10355771361;B
20240514;100524;52.08;1000;10355771362;B
20240514;100524;52.08;500;10355771363;B
20240514;100524;52.08;390;10355771364;B
20240514;100524;52.08;30;10355771386;B
20240514;100524;52.06;10;10355771440;S
20240514;100524;52.06;50;10355771441;S
20240514;100524;52.06;20;10355771442;S
20240514;100524;52.05;1340;10355771443;S
20240514;100524;52.05;1850;10355771444;S
20240514;100526;52.05;110;10355771822;S
20240514;100526;52.05;1350;10355771823;S
20240514;100526;52.05;2500;10355771824;S
20240514;100526;52.04;2040;10355771825;S
20240514;100527;52.07;10;10355771974;B
20240514;100527;52.07;10;10355772022;B
20240514;100530;52.05;10;10355772476;B
20240514;100530;52.05;10;10355772528;B
20240514;100533;52.05;5000;10355772996;B
20240514;100533;52.04;120;10355773012;S
20240514;100534;52.05;4580;10355773018;B
20240514;100534;52.05;420;10355773019;B
20240514;100534;52.05;1000;10355773102;B
20240514;100535;52.05;10;10355773409;B
20240514;100536;52.04;500;10355773536;S
20240514;100536;52.04;50;10355773566;S
20240514;100536;52.05;2270;10355773706;B
20240514;100538;52.05;1460;10355773924;B
20240514;100540;52.04;270;10355774306;S
20240514;100540;52.04;190;10355774307;S
20240514;100540;52.04;400;10355774372;S
20240514;100541;52.05;200;10355774448;B
20240514;100541;52.04;1430;10355774449;S
20240514;100543;52.02;1350;10355774695;B
20240514;100543;52.02;940;10355774696;B
20240514;100546;52.02;10;10355775275;B
20240514;100548;52.01;500;10355775620;S
20240514;100548;52.02;10;10355775679;B
20240514;100550;52.01;10;10355775997;S
20240514;100551;52.02;2500;10355776169;B
20240514;100553;52.02;3450;10355776443;B
20240514;100553;52.02;710;10355776444;B
20240514;100553;52.02;500;10355776445;B
20240514;100553;52.04;100;10355776447;B
20240514;100554;52.03;10;10355776735;S
20240514;100555;52.03;1000;10355776860;S
20240514;100555;52.04;20;10355776894;B
20240514;100555;52.04;50;10355776895;B
20240514;100557;52.04;830;10355777106;B
20240514;100557;52.04;2170;10355777107;B
20240514;100557;52.03;100;10355777117;S
20240514;100558;52.03;15300;10355777325;S
20240514;100559;52.04;130;10355777417;B
20240514;100559;52.03;10;10355777498;S
20240514;100559;52.03;2500;10355777518;S
20240514;100559;52.04;50;10355777523;B
20240514;100600;52.03;2500;10355777690;S
20240514;100600;52.03;10;10355777818;S
20240514;100602;52.04;2000;10355778072;B
20240514;100603;52.04;10;10355778565;B
20240514;100606;52.03;300;10355779000;S
20240514;100607;52.03;30;10355779078;S
20240514;100610;52.04;30;10355779633;B
20240514;100610;52.03;20;10355779679;S
20240514;100610;52.03;2500;10355779706;S
20240514;100611;52.03;190;10355779809;S
20240514;100612;52.03;20870;10355779959;S
20240514;100612;52.03;800;10355779960;S
20240514;100612;52.03;1000;10355779961;S
20240514;100614;52.02;10;10355780405;S
20240514;100615;52.02;90;10355780608;S
20240514;100615;52.01;390;10355780609;S
20240514;100615;52.01;50;10355780610;S
20240514;100615;52.01;830;10355780611;S
20240514;100615;52;2600;10355780612;S
20240514;100615;52;10;10355780613;S
20240514;100615;51.99;1000;10355780614;S
20240514;100615;51.98;80;10355780615;S
20240514;100615;51.98;440;10355780616;S
20240514;100615;51.97;20;10355780617;S
20240514;100615;51.96;2000;10355780618;S
20240514;100615;51.96;80;10355780619;S
20240514;100615;51.95;50;10355780620;S
20240514;100615;51.95;200;10355780621;S
20240514;100615;51.95;3760;10355780622;S
20240514;100615;52;400;10355780623;B
20240514;100615;52;40;10355780624;B
20240514;100615;52;60;10355780625;B
20240514;100616;52;10;10355780716;S
20240514;100622;51.96;820;10355781628;S
20240514;100622;51.95;10;10355781629;S
20240514;100622;51.95;6910;10355781630;S
20240514;100622;51.95;40;10355781631;S
20240514;100622;51.94;370;10355781632;S
20240514;100622;51.94;440;10355781633;S
20240514;100622;51.92;40;10355781634;S
20240514;100622;51.91;250;10355781635;S
20240514;100622;51.91;4230;10355781636;S
20240514;100622;51.91;6890;10355781637;S
20240514;100623;51.94;40;10355781906;B
20240514;100623;51.93;120;10355781908;S
20240514;100623;51.92;6920;10355781909;S
20240514;100623;51.91;15320;10355781910;S
20240514;100623;51.91;100;10355781911;S
20240514;100623;51.91;500;10355781912;S
20240514;100623;51.91;810;10355781913;S
20240514;100623;51.9;10;10355781914;S
20240514;100623;51.9;10;10355781915;S
20240514;100623;51.9;1000;10355781916;S
20240514;100623;51.9;10;10355781917;S
20240514;100623;51.89;10;10355781918;S
20240514;100623;51.89;440;10355781919;S
20240514;100623;51.88;10;10355781920;S
20240514;100623;51.88;1000;10355781921;S
20240514;100623;51.87;670;10355781922;S
20240514;100623;51.87;10;10355781923;S
20240514;100623;51.87;10;10355781924;S
20240514;100623;51.86;10;10355781925;S
20240514;100623;51.85;3040;10355781926;S
20240514;100623;51.91;160;10355781928;S
20240514;100623;51.87;440;10355781929;S
20240514;100623;51.86;400;10355781930;S
20240514;100623;51.86;10;10355781931;S
20240514;100623;51.86;100;10355781932;S
20240514;100623;51.86;10;10355781933;S
20240514;100623;51.86;30;10355781934;S
20240514;100623;51.86;20;10355781935;S
20240514;100623;51.86;60;10355781936;S
20240514;100623;51.86;20;10355781937;S
20240514;100623;51.88;20;10355781940;S
20240514;100623;51.88;180;10355781942;S
20240514;100623;51.86;70;10355781943;S
20240514;100623;51.86;500;10355781946;S
20240514;100623;51.86;80;10355781948;S
20240514;100623;51.86;60;10355781953;S
20240514;100623;51.86;10;10355781971;S
20240514;100623;51.86;40;10355781972;S
20240514;100623;51.86;10;10355781973;S
20240514;100623;51.86;140;10355781974;S
20240514;100623;51.86;240;10355781975;S
20240514;100624;51.86;500;10355781996;S
20240514;100624;51.86;2000;10355781997;S
20240514;100627;51.9;100;10355782508;B
20240514;100628;51.87;790;10355782746;S
20240514;100628;51.86;210;10355782747;S
20240514;100630;51.89;10;10355782978;B
20240514;100630;51.9;10;10355782996;B
20240514;100631;51.88;250;10355783106;S
20240514;100631;51.88;6930;10355783107;S
20240514;100631;51.86;520;10355783108;S
20240514;100631;51.86;10;10355783109;S
20240514;100631;51.86;10;10355783110;S
20240514;100631;51.86;1000;10355783111;S
20240514;100631;51.85;260;10355783112;S
20240514;100631;51.85;50;10355783113;S
20240514;100631;51.85;10;10355783114;S
20240514;100631;51.85;500;10355783115;S
20240514;100631;51.85;10;10355783116;S
20240514;100631;51.85;450;10355783117;S
20240514;100632;51.9;220;10355783290;B
20240514;100632;51.89;1000;10355783335;S
20240514;100632;51.89;10;10355783337;S
20240514;100638;51.88;130;10355784171;S
20240514;100639;51.9;20;10355784220;B
20240514;100640;51.88;5000;10355784390;S
20240514;100641;51.9;1330;10355784470;B
20240514;100641;51.9;2500;10355784471;B
20240514;100641;51.9;1000;10355784472;B
20240514;100641;51.91;170;10355784473;B
20240514;100642;51.9;10;10355784708;S
20240514;100644;51.9;10;10355784974;S
20240514;100644;51.9;500;10355784975;S
20240514;100644;51.9;790;10355784976;S
20240514;100644;51.89;500;10355784977;S
20240514;100644;51.91;10;10355784983;B
20240514;100644;51.86;1000;10355785059;S
20240514;100645;51.91;180;10355785196;B
20240514;100647;51.91;260;10355785528;B
20240514;100648;51.9;200;10355785824;S
20240514;100649;51.92;10;10355785836;B
20240514;100649;51.92;10;10355785969;B
20240514;100652;51.92;10;10355786312;B
20240514;100652;51.9;10;10355786374;S
20240514;100653;51.92;90;10355786549;B
20240514;100654;51.91;770;10355786687;S
20240514;100654;51.91;550;10355786688;B
20240514;100655;51.94;20;10355786881;B
20240514;100656;51.93;1350;10355787230;S
20240514;100656;51.93;280;10355787231;S
20240514;100656;51.93;870;10355787232;S
20240514;100657;51.95;10;10355787354;B
20240514;100658;51.95;1000;10355787492;B
20240514;100658;51.96;10;10355787493;B
20240514;100658;51.96;1980;10355787494;B
20240514;100658;51.96;440;10355787495;B
20240514;100658;51.97;3760;10355787528;B
20240514;100658;51.98;1950;10355787529;B
20240514;100658;51.98;770;10355787530;B
20240514;100658;51.99;6930;10355787531;B
20240514;100658;51.99;260;10355787532;B
20240514;100658;51.99;1230;10355787533;B
20240514;100658;51.99;100;10355787591;B
20240514;100658;51.96;10;10355787636;S
20240514;100659;51.99;310;10355787663;B
20240514;100659;51.99;140;10355787689;B
20240514;100659;51.96;1340;10355787696;S
20240514;100659;51.96;760;10355787697;S
20240514;100659;51.95;3720;10355787698;S
20240514;100711;51.96;10;10355789889;S
20240514;100712;51.96;10;10355789924;S
20240514;100712;51.96;10;10355789925;S
20240514;100712;51.96;10;10355789926;S
20240514;100712;51.96;10;10355789927;S
20240514;100712;51.96;10;10355789928;S
20240514;100712;51.96;10;10355789929;S
20240514;100712;51.96;20;10355789930;S
20240514;100712;51.95;280;10355789931;S
20240514;100712;51.95;440;10355789932;S
20240514;100712;51.95;200;10355789933;S
20240514;100712;51.97;130;10355790029;B
20240514;100713;51.97;70;10355790156;B
20240514;100713;51.98;740;10355790157;B
20240514;100713;51.99;220;10355790158;B
20240514;100713;51.99;40;10355790159;B
20240514;100713;51.99;2500;10355790160;B
20240514;100713;51.99;440;10355790161;B
20240514;100713;52;970;10355790162;B
20240514;100713;52;1000;10355790163;B
20240514;100713;52;5750;10355790164;B
20240514;100713;52;10;10355790165;B
20240514;100713;52;4390;10355790166;B
20240514;100713;52;10;10355790167;B
20240514;100713;52;70;10355790168;B
20240514;100713;52;660;10355790169;B
20240514;100713;52;20;10355790170;B
20240514;100714;52;10;10355790238;S
20240514;100714;52.01;2500;10355790256;B
20240514;100714;52.01;80;10355790257;B
20240514;100714;52.02;10;10355790258;B
20240514;100714;52.02;410;10355790259;B
20240514;100715;52.03;20;10355790352;B
20240514;100715;52.03;250;10355790427;B
20240514;100715;52.03;40;10355790428;B
20240514;100715;52.04;10;10355790429;B
20240514;100715;52.04;30;10355790430;B
20240514;100715;52.04;670;10355790431;B
20240514;100716;52.04;900;10355790503;B
20240514;100716;51.99;20;10355790525;B
20240514;100718;52.04;2500;10355790810;B
20240514;100718;52.04;10;10355790888;B
20240514;100718;52.04;1400;10355790919;B
20240514;100720;51.99;200;10355791081;S
20240514;100720;51.99;10;10355791205;S
20240514;100722;52;100;10355791427;B
20240514;100722;51.99;10;10355791464;S
20240514;100726;51.99;70;10355792119;S
20240514;100727;52;900;10355792244;B
20240514;100727;52.02;730;10355792245;B
20240514;100727;52.03;330;10355792246;B
20240514;100731;52.01;50;10355792712;S
20240514;100731;52.01;860;10355792713;S
20240514;100732;52.01;20;10355792926;B
20240514;100733;52;70;10355793047;S
20240514;100738;52;280;10355793803;S
20240514;100738;52;500;10355793823;S
20240514;100740;52.01;260;10355793950;B
20240514;100740;52.01;50;10355793951;B
20240514;100740;52.02;720;10355793952;B
20240514;100740;52.03;3970;10355793953;B
20240514;100743;52.01;40;10355794414;S
20240514;100743;52.01;30;10355794415;S
20240514;100746;52.02;10;10355794858;S
20240514;100746;52.02;2990;10355794859;S
20240514;100747;52;30;10355794969;S
20240514;100748;52;30;10355795084;S
20240514;100748;52;1940;10355795233;S
20240514;100748;52;20;10355795234;S
20240514;100748;52;500;10355795235;S
20240514;100748;51.99;9930;10355795236;S
20240514;100748;51.99;440;10355795237;S
20240514;100748;51.99;720;10355795238;S
20240514;100750;51.98;20;10355795458;B
20240514;100750;51.98;30;10355795459;B
20240514;100753;51.99;200;10355795898;B
20240514;100754;51.97;10;10355795958;S
20240514;100756;51.98;1000;10355796361;S
20240514;100756;51.98;720;10355796362;S
20240514;100756;51.96;10;10355796363;S
20240514;100756;51.96;10;10355796364;S
20240514;100756;51.96;380;10355796365;S
20240514;100756;51.95;10;10355796366;S
20240514;100756;51.95;10;10355796367;S
20240514;100756;51.95;10;10355796368;S
20240514;100756;51.95;10;10355796369;S
20240514;100756;51.95;10;10355796370;S
20240514;100756;51.95;1000;10355796371;S
20240514;100756;51.95;10;10355796372;S
20240514;100756;51.95;2500;10355796373;S
20240514;100756;51.95;1350;10355796374;S
20240514;100756;51.95;2970;10355796375;S
20240514;100758;51.96;2000;10355796824;S
20240514;100759;51.99;10;10355796867;B
20240514;100802;51.98;40;10355797477;B
20240514;100803;51.97;70;10355797617;S
20240514;100804;51.98;60;10355798176;B
20240514;100804;51.98;340;10355798177;B
20240514;100805;51.97;30;10355798314;S
20240514;100805;51.96;710;10355798315;S
20240514;100805;51.95;820;10355798316;S
20240514;100810;51.95;10;10355798954;S
20240514;100810;51.95;190;10355798955;S
20240514;100815;51.97;5000;10355799861;B
20240514;100815;51.97;150;10355799923;B
20240514;100816;51.96;2500;10355800025;S
20240514;100816;51.96;640;10355800026;S
20240514;100816;51.96;700;10355800027;S
20240514;100816;51.95;10;10355800028;S
20240514;100816;51.95;5000;10355800029;S
20240514;100816;51.94;150;10355800030;S
20240514;100816;51.94;600;10355800031;S
20240514;100818;51.95;1090;10355800368;S
20240514;100819;51.95;220;10355800501;S
20240514;100820;51.95;20;10355800580;S
20240514;100820;51.94;2210;10355800721;S
20240514;100821;51.95;30;10355800777;S
20240514;100824;51.94;90;10355801406;S
20240514;100827;51.97;730;10355802018;B
20240514;100830;51.97;30;10355802405;B
20240514;100830;51.95;2500;10355802427;S
20240514;100830;51.94;500;10355802428;S
20240514;100831;51.94;200;10355802528;S
20240514;100831;51.94;30;10355802536;S
20240514;100834;51.94;420;10355802941;S
20240514;100837;51.94;40;10355803499;S
20240514;100837;51.94;690;10355803500;S
20240514;100837;51.94;190;10355803501;S
20240514;100837;51.94;460;10355803502;S
20240514;100837;51.93;9220;10355803503;S
20240514;100839;51.93;100;10355803688;S
20240514;100840;51.93;10;10355803934;S
20240514;100842;51.93;420;10355804326;S
20240514;100845;51.93;160;10355804723;S
20240514;100846;51.93;90;10355804843;S
20240514;100846;51.93;50;10355804844;S
20240514;100846;51.93;690;10355804845;S
20240514;100846;51.92;1170;10355804846;S
20240514;100848;51.92;5760;10355805081;S
20240514;100848;51.92;2000;10355805082;S
20240514;100848;51.92;690;10355805083;S
20240514;100848;51.9;10;10355805084;S
20240514;100848;51.9;100;10355805085;S
20240514;100848;51.9;10;10355805086;S
20240514;100848;51.9;10;10355805087;S
20240514;100848;51.9;30;10355805088;S
20240514;100848;51.9;440;10355805089;S
20240514;100848;51.9;1000;10355805090;S
20240514;100848;51.9;2500;10355805091;S
20240514;100848;51.9;40;10355805092;S
20240514;100848;51.89;2000;10355805093;S
20240514;100848;51.89;7760;10355805094;S
20240514;100848;51.89;50;10355805095;S
20240514;100848;51.89;20;10355805096;S
20240514;100848;51.89;20000;10355805097;S
20240514;100848;51.88;20000;10355805098;S
20240514;100848;51.88;20;10355805099;S
20240514;100848;51.87;10;10355805100;S
20240514;100848;51.87;100;10355805101;S
20240514;100848;51.87;50;10355805102;S
20240514;100848;51.87;1000;10355805103;S
20240514;100848;51.86;20000;10355805104;S
20240514;100848;51.86;1380;10355805105;S
20240514;100848;51.85;550;10355805106;S
20240514;100848;51.85;10;10355805107;S
20240514;100848;51.85;10;10355805108;S
20240514;100848;51.85;20;10355805109;S
20240514;100848;51.85;2500;10355805110;S
20240514;100848;51.85;12080;10355805111;S
20240514;100848;51.9;10;10355805127;S
20240514;100848;51.88;80;10355805128;S
20240514;100848;51.88;10;10355805129;S
20240514;100849;51.89;500;10355805355;B
20240514;100849;51.88;500;10355805357;S
20240514;100849;51.89;100;10355805358;B
20240514;100850;51.88;6420;10355805514;S
20240514;100850;51.88;500;10355805515;S
20240514;100850;51.88;700;10355805516;S
20240514;100850;51.87;500;10355805517;B
20240514;100851;51.86;120;10355805662;S
20240514;100851;51.86;6930;10355805663;S
20240514;100851;51.85;2920;10355805664;S
20240514;100851;51.85;10;10355805665;S
20240514;100851;51.86;100;10355805666;B
20240514;100851;51.86;1000;10355805667;B
20240514;100851;51.86;30;10355805684;S
20240514;100851;51.87;10;10355805689;B
20240514;100854;51.86;10;10355806119;S
20240514;100854;51.87;800;10355806140;B
20240514;100855;51.86;100;10355806314;S
20240514;100857;51.87;10;10355806534;B
20240514;100857;51.86;30;10355806546;S
20240514;100857;51.86;30;10355806565;S
20240514;100857;51.85;690;10355806566;S
20240514;100857;51.84;10;10355806567;S
20240514;100857;51.84;70;10355806568;S
20240514;100857;51.87;180;10355806569;B
20240514;100857;51.87;20;10355806570;B
20240514;100858;51.87;50;10355806664;B
20240514;100858;51.87;20;10355806739;S
20240514;100858;51.87;20;10355806820;S
20240514;100859;51.87;10;10355806822;S
20240514;100900;51.87;280;10355807084;S
20240514;100900;51.87;20;10355807085;S
20240514;100900;51.87;600;10355807086;B
20240514;100900;51.86;150;10355807093;B
20240514;100903;51.86;10;10355807552;B
20240514;100904;51.85;690;10355807749;S
20240514;100904;51.85;1000;10355807750;S
20240514;100904;51.85;40;10355807751;S
20240514;100904;51.85;100;10355807752;S
20240514;100904;51.84;90;10355807753;S
20240514;100904;51.84;10000;10355807754;S
20240514;100904;51.84;10;10355807755;S
20240514;100904;51.84;300;10355807756;S
20240514;100904;51.84;5000;10355807757;S
20240514;100904;51.84;680;10355807758;S
20240514;100904;51.83;1910;10355807759;S
20240514;100904;51.83;10;10355807760;S
20240514;100904;51.83;5170;10355807761;S
20240514;100904;51.83;100;10355807803;S
20240514;100904;51.83;900;10355807862;S
20240514;100905;51.83;900;10355807901;S
20240514;100906;51.85;40;10355808096;B
20240514;100906;51.85;10;10355808097;B
20240514;100907;51.83;2500;10355808337;S
20240514;100909;51.83;1000;10355808531;S
20240514;100909;51.83;200;10355808565;S
20240514;100910;51.83;60;10355808647;S
20240514;100910;51.84;10;10355808808;B
20240514;100911;51.84;100;10355808969;B
20240514;100911;51.83;880;10355808971;S
20240514;100912;51.83;2000;10355809057;S
20240514;100912;51.83;10;10355809116;S
20240514;100912;51.84;60;10355809121;B
20240514;100913;51.83;50;10355809212;S
20240514;100915;51.84;30;10355809459;B
20240514;100915;51.84;30;10355809460;B
20240514;100915;51.84;40;10355809461;B
20240514;100915;51.83;90;10355809491;S
20240514;100916;51.83;1140;10355809558;S
20240514;100916;51.83;10;10355809559;S
20240514;100916;51.83;100;10355809560;S
20240514;100916;51.83;320;10355809561;S
20240514;100916;51.83;690;10355809562;S
20240514;100916;51.83;100;10355809563;S
20240514;100916;51.83;1350;10355809564;S
20240514;100916;51.82;50;10355809565;S
20240514;100916;51.82;50;10355809566;S
20240514;100916;51.82;10;10355809567;S
20240514;100916;51.82;250;10355809568;S
20240514;100916;51.82;1000;10355809569;S
20240514;100916;51.82;3610;10355809570;S
20240514;100917;51.83;100;10355809672;S
20240514;100917;51.83;120;10355809673;S
20240514;100917;51.83;4780;10355809674;S
20240514;100919;51.84;10;10355809926;B
20240514;100920;51.84;10;10355809948;B
20240514;100921;51.84;10;10355810150;B
20240514;100922;51.83;10;10355810315;S
20240514;100923;51.83;210;10355810381;S
20240514;100923;51.83;290;10355810382;S
20240514;100926;51.83;900;10355810684;S
20240514;100930;51.83;2500;10355811299;S
20240514;100933;51.84;30;10355811672;B
20240514;100933;51.84;30;10355811673;B
20240514;100933;51.85;30;10355811674;B
20240514;100933;51.84;30;10355811722;S
20240514;100936;51.84;160;10355812252;S
20240514;100938;51.86;100;10355812474;B
20240514;100938;51.86;20;10355812475;B
20240514;100938;51.87;550;10355812476;B
20240514;100938;51.87;2600;10355812477;B
20240514;100938;51.87;680;10355812478;B
20240514;100938;51.88;500;10355812479;B
20240514;100938;51.88;20;10355812480;B
20240514;100938;51.89;530;10355812481;B
20240514;100939;51.84;20;10355812699;S
20240514;100941;51.85;30;10355812840;B
20240514;100941;51.87;850;10355812885;S
20240514;100941;51.87;150;10355812886;S
20240514;100943;51.88;10;10355813062;B
20240514;100943;51.88;20;10355813081;B
20240514;100943;51.89;80;10355813082;B
20240514;100943;51.87;1010;10355813117;S
20240514;100944;51.87;40;10355813158;S
20240514;100944;51.87;100;10355813166;B
20240514;100946;51.87;2000;10355813459;B
20240514;100946;51.86;140;10355813520;S
20240514;100947;51.87;1000;10355813581;B
20240514;100947;51.86;1500;10355813624;S
20240514;100947;51.86;20;10355813663;S
20240514;100950;51.87;80;10355814049;B
20240514;100951;51.87;50;10355814112;B
20240514;100951;51.87;2500;10355814121;B
20240514;100951;51.86;1800;10355814155;S
20240514;100951;51.86;20;10355814257;S
20240514;100951;51.87;4900;10355814286;B
20240514;100952;51.87;9330;10355814506;B
20240514;100952;51.88;50;10355814513;S
20240514;100953;51.89;250;10355814629;B
20240514;100953;51.89;250;10355814630;B
20240514;100953;51.88;20;10355814658;S
20240514;100953;51.89;500;10355814677;B
20240514;100954;51.89;10;10355815124;B
20240514;100954;51.89;280;10355815185;B
20240514;100954;51.88;20;10355815195;S
20240514;100955;51.89;500;10355815320;B
20240514;100957;51.88;110;10355815737;S
20240514;100958;51.89;5300;10355815831;B
20240514;100959;51.89;10;10355815910;B
20240514;100959;51.88;20;10355815918;S
20240514;101000;51.89;110;10355816100;B
20240514;101003;51.89;800;10355816608;B
20240514;101003;51.89;20;10355816712;B
20240514;101004;51.89;440;10355816864;B
20240514;101004;51.89;3490;10355816865;B
20240514;101004;51.9;500;10355816866;B
20240514;101004;51.9;20;10355816867;B
20240514;101004;51.9;550;10355816868;B
20240514;101004;51.88;20;10355816880;S
20240514;101006;51.9;90;10355817213;S
20240514;101006;51.9;4610;10355817238;S
20240514;101006;51.89;740;10355817239;S
20240514;101006;51.88;360;10355817240;S
20240514;101007;51.9;10;10355817428;S
20240514;101007;51.9;10;10355817434;S
20240514;101008;51.9;20;10355817436;S
20240514;101010;51.91;10;10355817675;B
20240514;101012;51.9;10;10355817964;S
20240514;101012;51.9;200;10355817965;S
20240514;101012;51.89;410;10355817966;S
20240514;101013;51.89;10;10355818025;B
20240514;101015;51.89;10;10355818275;B
20240514;101015;51.9;740;10355818276;B
20240514;101015;51.91;2250;10355818277;B
20240514;101016;51.88;100;10355818392;S
20240514;101016;51.92;280;10355818396;B
20240514;101016;51.93;270;10355818397;B
20240514;101016;51.94;80;10355818398;B
20240514;101016;51.94;10;10355818399;B
20240514;101016;51.94;2000;10355818400;B
20240514;101016;51.94;400;10355818401;B
20240514;101016;51.94;6930;10355818402;B
20240514;101016;51.95;8000;10355818403;B
20240514;101016;51.95;2500;10355818404;B
20240514;101016;51.95;10;10355818405;B
20240514;101016;51.95;10000;10355818406;B
20240514;101016;51.95;1000;10355818407;B
20240514;101016;51.95;740;10355818408;B
20240514;101016;51.96;1000;10355818409;B
20240514;101016;51.96;1380;10355818410;B
20240514;101016;51.97;1100;10355818411;B
20240514;101016;51.98;450;10355818412;B
20240514;101016;51.98;760;10355818413;B
20240514;101016;51.98;20000;10355818414;B
20240514;101016;51.99;300;10355818415;B
20240514;101016;51.99;20;10355818416;B
20240514;101016;51.99;100;10355818417;B
20240514;101016;51.99;100;10355818418;B
20240514;101016;51.99;100;10355818419;B
20240514;101016;51.99;40;10355818420;B
20240514;101016;51.99;200;10355818421;B
20240514;101016;51.99;200;10355818422;B
20240514;101016;51.99;10000;10355818423;B
20240514;101016;52;4570;10355818424;B
20240514;101016;52;20000;10355818425;B
20240514;101016;52;20;10355818426;B
20240514;101016;52;60;10355818427;B
20240514;101016;52;240;10355818428;B
20240514;101016;52;10;10355818429;B
20240514;101016;52;50;10355818430;B
20240514;101016;52.02;20;10355818431;B
20240514;101016;52.03;1650;10355818432;B
20240514;101016;52.04;50;10355818433;B
20240514;101016;52.04;20;10355818434;B
20240514;101016;52.04;2000;10355818435;B
20240514;101016;52.05;10;10355818436;B
20240514;101016;52.05;10;10355818437;B
20240514;101016;52.05;300;10355818438;B
20240514;101016;52.05;20;10355818439;B
20240514;101016;52.07;20;10355818440;B
20240514;101016;52.08;500;10355818441;B
20240514;101016;52.09;200;10355818442;B
20240514;101016;52.09;1000;10355818443;B
20240514;101016;52.09;200;10355818444;B
20240514;101016;52.09;50;10355818445;B
20240514;101016;52.09;300;10355818446;B
20240514;101016;52.09;300;10355818447;B
20240514;101016;52.1;10;10355818448;B
20240514;101016;52.1;10;10355818449;B
20240514;101016;52.1;150;10355818450;B
20240514;101016;52.1;5000;10355818451;B
20240514;101016;52.1;2000;10355818452;B
20240514;101016;52.1;10;10355818453;B
20240514;101016;52.1;3970;10355818454;S
20240514;101016;52.1;6850;10355818455;S
20240514;101016;52.1;22200;10355818456;S
20240514;101016;52.1;1000;10355818458;S
20240514;101016;52.1;100;10355818459;S
20240514;101016;52.11;50;10355818460;B
20240514;101016;52.11;2010;10355818461;B
20240514;101016;52.11;500;10355818462;B
20240514;101016;52.11;6930;10355818463;B
20240514;101016;52.12;10;10355818464;B
20240514;101016;52.12;500;10355818465;B
20240514;101016;52.1;800;10355818466;S
20240514;101016;52.1;120;10355818467;S
20240514;101016;52.11;2490;10355818468;S
20240514;101016;52.11;1000;10355818474;S
20240514;101016;52.1;120;10355818477;S
20240514;101016;52.1;240;10355818479;S
20240514;101016;52.1;20;10355818481;S
20240514;101016;52.1;20;10355818513;S
20240514;101016;52.11;1000;10355818520;B
20240514;101017;52.11;400;10355818577;B
20240514;101017;52.1;1280;10355818581;S
20240514;101017;52.11;2210;10355818600;B
20240514;101017;52.11;1320;10355818601;B
20240514;101017;52.11;1000;10355818602;B
20240514;101017;52.11;940;10355818603;B
20240514;101017;52.12;2000;10355818605;B
20240514;101017;52.12;4900;10355818606;B
20240514;101017;52.13;560;10355818607;B
20240514;101017;52.13;850;10355818608;B
20240514;101017;52.14;1000;10355818609;B
20240514;101017;52.15;10;10355818610;B
20240514;101017;52.15;400;10355818611;B
20240514;101017;52.15;10;10355818612;B
20240514;101017;52.15;10;10355818613;B
20240514;101017;52.15;10;10355818614;B
20240514;101017;52.15;10;10355818615;B
20240514;101017;52.15;10;10355818616;B
20240514;101017;52.15;10;10355818617;B
20240514;101017;52.15;10;10355818618;B
20240514;101017;52.15;10;10355818619;B
20240514;101017;52.15;10;10355818620;B
20240514;101017;52.16;200;10355818621;B
20240514;101017;52.16;500;10355818622;B
20240514;101017;52.16;100;10355818623;B
20240514;101017;52.17;190;10355818624;B
20240514;101017;52.17;50;10355818625;B
20240514;101017;52.17;290;10355818626;B
20240514;101017;52.18;100;10355818627;B
20240514;101017;52.19;90;10355818628;B
20240514;101017;52.19;50;10355818629;B
20240514;101017;52.19;100;10355818630;B
20240514;101017;52.19;6920;10355818631;B
20240514;101017;52.19;2100;10355818632;B
20240514;101017;52.19;200;10355818633;B
20240514;101017;52.18;1950;10355818636;B
20240514;101017;52.15;400;10355818637;B
20240514;101017;52.14;20;10355818638;S
20240514;101017;52.14;20;10355818639;S
20240514;101017;52.14;20;10355818640;S
20240514;101017;52.14;20;10355818641;S
20240514;101017;52.14;20;10355818642;S
20240514;101017;52.14;20;10355818643;S
20240514;101017;52.14;20;10355818644;S
20240514;101017;52.14;20;10355818645;S
20240514;101017;52.14;20;10355818646;S
20240514;101017;52.13;340;10355818649;S
20240514;101017;52.13;1000;10355818651;B
20240514;101017;52.1;600;10355818653;S
20240514;101017;52.1;110;10355818654;S
20240514;101017;52.14;2000;10355818658;B
20240514;101018;52.11;1000;10355818758;B
20240514;101018;52.11;180;10355818762;B
20240514;101018;52.11;400;10355818777;B
20240514;101018;52.11;100;10355818797;B
20240514;101019;52.11;5000;10355818901;B
20240514;101019;52.11;10;10355818933;B
20240514;101020;52.1;300;10355819128;S
20240514;101023;52.1;200;10355819379;S
20240514;101024;52.1;2500;10355819646;S
20240514;101024;52.1;1000;10355819653;S
20240514;101025;52.1;200;10355819726;S
20240514;101025;52.11;210;10355819764;B
20240514;101025;52.11;1310;10355819765;B
20240514;101025;52.11;230;10355819766;B
20240514;101026;52.1;20;10355819829;S
20240514;101026;52.1;100;10355819842;S
20240514;101027;52.1;15000;10355820022;S
20240514;101027;52.1;10;10355820242;S
20240514;101028;52.1;20010;10355820316;S
20240514;101029;52.1;200;10355820427;S
20240514;101029;52.1;30;10355820529;S
20240514;101031;52.1;500;10355820693;S
20240514;101031;52.1;500;10355820694;S
20240514;101032;52.1;15250;10355821278;S
20240514;101034;52.07;450;10355821987;S
20240514;101035;52.05;20;10355822059;B
20240514;101035;52.05;10;10355822116;B
20240514;101037;52.05;20;10355822386;B
20240514;101038;52.05;30;10355822540;B
20240514;101041;52.03;10;10355822937;S
20240514;101043;52.04;10;10355823342;B
20240514;101045;52.04;140;10355823573;B
20240514;101047;52.03;80;10355823791;S
20240514;101047;52.03;200;10355823792;S
20240514;101047;52.02;990;10355823793;S
20240514;101047;52.02;1190;10355823794;B
20240514;101047;52.02;1160;10355823795;B
20240514;101047;52.02;1170;10355823796;B
20240514;101047;52.04;100;10355823824;B
20240514;101047;52.04;500;10355823825;B
20240514;101047;52.04;400;10355823826;B
20240514;101049;52.01;1000;10355823934;S
20240514;101049;52.01;120;10355823935;S
20240514;101049;52;1040;10355823936;S
20240514;101053;52.01;980;10355824481;S
20240514;101053;52.01;20;10355824482;S
20240514;101057;52.01;20;10355824976;S
20240514;101104;52.01;160;10355826111;S
20240514;101104;52.01;970;10355826112;S
20240514;101104;52.01;1910;10355826113;S
20240514;101104;52.01;200;10355826114;S
20240514;101104;52;10;10355826115;S
20240514;101104;52;2500;10355826116;S
20240514;101104;52;80;10355826117;S
20240514;101104;51.99;1000;10355826118;S
20240514;101104;51.98;10000;10355826119;S
20240514;101104;51.98;6920;10355826120;S
20240514;101104;51.97;4000;10355826121;S
20240514;101104;51.97;10000;10355826122;S
20240514;101104;51.97;440;10355826123;S
20240514;101104;51.96;7200;10355826124;S
20240514;101104;51.97;10;10355826130;S
20240514;101104;51.97;190;10355826229;S
20240514;101104;51.96;810;10355826230;S
20240514;101104;52;1350;10355826256;B
20240514;101104;52;270;10355826257;B
20240514;101104;52;90;10355826282;B
20240514;101104;52.01;520;10355826283;B
20240514;101104;52.02;870;10355826284;B
20240514;101107;51.97;390;10355826876;S
20240514;101108;51.97;30;10355826956;S
20240514;101111;51.98;500;10355827291;B
20240514;101118;51.97;160;10355828366;S
20240514;101118;51.97;840;10355828367;S
20240514;101121;51.96;5000;10355828799;S
20240514;101121;51.96;300;10355828801;B
20240514;101121;51.98;660;10355828805;B
20240514;101121;51.99;2500;10355828806;B
20240514;101121;51.99;1500;10355828807;B
20240514;101121;51.99;1350;10355828808;B
20240514;101121;51.99;960;10355828809;B
20240514;101121;52;4000;10355828810;B
20240514;101121;52;1000;10355828811;B
20240514;101121;52;1000;10355828812;B
20240514;101121;52;260;10355828813;B
20240514;101121;52;1000;10355828814;B
20240514;101122;52;10;10355829016;S
20240514;101123;52;80;10355829162;S
20240514;101125;52;1000;10355829409;S
20240514;101125;52;500;10355829428;S
20240514;101126;52;1000;10355829541;S
20240514;101128;52;250;10355829954;S
20240514;101130;52.01;20;10355830120;B
20240514;101130;52;100;10355830204;S
20240514;101132;52;610;10355830496;S
20240514;101133;52;930;10355830592;S
20240514;101133;52;10;10355830619;S
20240514;101134;52.01;30;10355830859;B
20240514;101138;52;1950;10355831479;S
20240514;101139;52;200;10355831660;S
20240514;101140;52;110;10355831822;S
20240514;101140;52.01;1950;10355831898;B
20240514;101140;52.01;50;10355831899;B
20240514;101140;52.01;2500;10355831900;B
20240514;101140;52.01;1350;10355831901;B
20240514;101140;52.01;970;10355831902;B
20240514;101140;52.01;250;10355831903;B
20240514;101141;52.02;130;10355831935;B
20240514;101141;52.02;870;10355831936;B
20240514;101144;52.02;10;10355832331;B
20240514;101145;52.02;1120;10355832517;B
20240514;101145;52.02;3380;10355832518;B
20240514;101149;52.02;620;10355832887;B
20240514;101149;52.01;100;10355832967;S
20240514;101152;52.02;10;10355833253;B
20240514;101153;52.01;630;10355833377;S
20240514;101154;52;8740;10355833487;S
20240514;101154;52;280;10355833488;S
20240514;101154;52;3010;10355833489;S
20240514;101154;52;1990;10355833492;S
20240514;101154;51.99;970;10355833493;S
20240514;101154;51.98;510;10355833494;S
20240514;101154;51.98;420;10355833495;S
20240514;101154;51.96;120;10355833496;S
20240514;101154;51.95;10;10355833497;S
20240514;101154;51.95;50;10355833498;S
20240514;101154;51.95;1140;10355833499;S
20240514;101154;51.96;1510;10355833540;S
20240514;101154;51.96;160;10355833599;S
20240514;101154;51.96;930;10355833613;S
20240514;101154;51.96;1070;10355833616;S
20240514;101154;51.96;810;10355833618;S
20240514;101154;52;10;10355833645;B
20240514;101155;52;750;10355833731;B
20240514;101155;51.96;970;10355833732;S
20240514;101155;51.96;420;10355833733;S
20240514;101155;51.96;1060;10355833734;S
20240514;101155;51.96;3920;10355833744;S
20240514;101155;51.95;10;10355833745;S
20240514;101155;51.95;70;10355833746;S
20240514;101156;51.95;880;10355833916;S
20240514;101156;51.95;570;10355833917;S
20240514;101156;51.95;60;10355833919;S
20240514;101156;51.95;60;10355833920;S
20240514;101156;51.95;830;10355833921;S
20240514;101157;51.95;1320;10355834144;S
20240514;101157;51.94;280;10355834147;S
20240514;101157;51.93;10;10355834148;S
20240514;101202;51.95;10;10355834780;S
20240514;101202;51.94;960;10355834781;S
20240514;101202;51.94;1030;10355834782;S
20240514;101204;51.93;950;10355835150;S
20240514;101204;51.93;2340;10355835151;S
20240514;101204;51.93;4580;10355835182;S
20240514;101204;51.92;2000;10355835183;S
20240514;101204;51.92;960;10355835184;S
20240514;101204;51.92;120;10355835185;S
20240514;101204;51.91;50;10355835186;S
20240514;101204;51.91;10;10355835187;S
20240514;101204;51.91;750;10355835188;S
20240514;101204;51.91;150;10355835189;S
20240514;101204;51.91;120;10355835190;S
20240514;101204;51.91;360;10355835346;S
20240514;101204;51.9;500;10355835347;S
20240514;101204;51.9;10;10355835348;S
20240514;101204;51.9;580;10355835349;S
20240514;101204;51.9;10;10355835350;S
20240514;101204;51.9;10;10355835351;S
20240514;101204;51.9;40;10355835352;S
20240514;101205;51.9;480;10355835385;S
20240514;101205;51.9;490;10355835386;S
20240514;101205;51.9;510;10355835387;S
20240514;101205;51.9;550;10355835388;S
20240514;101205;51.9;70;10355835390;S
20240514;101205;51.9;830;10355835391;S
20240514;101205;51.9;1320;10355835506;S
20240514;101205;51.9;50;10355835507;S
20240514;101205;51.9;290;10355835508;S
20240514;101205;51.9;1060;10355835509;S
20240514;101207;51.9;160;10355835987;S
20240514;101207;51.9;880;10355835989;S
20240514;101207;51.9;810;10355835998;S
20240514;101207;51.9;430;10355836000;S
20240514;101207;51.89;100;10355836041;S
20240514;101208;51.89;360;10355836348;S
20240514;101208;51.88;10;10355836349;S
20240514;101208;51.88;200;10355836350;S
20240514;101208;51.89;920;10355836356;S
20240514;101208;51.88;10;10355836357;S
20240514;101211;51.91;1840;10355837041;S
20240514;101211;51.89;2050;10355837042;S
20240514;101212;51.89;500;10355837076;S
20240514;101212;51.93;10;10355837136;B
20240514;101212;51.93;10;10355837174;B
20240514;101213;51.9;100;10355837342;B
20240514;101214;51.93;10;10355837392;B
20240514;101214;51.89;1320;10355837409;S
20240514;101214;51.89;3060;10355837465;S
20240514;101214;51.88;240;10355837466;S
20240514;101217;51.88;20;10355837877;S
20240514;101219;51.89;20;10355838207;S
20240514;101220;51.89;90;10355838278;S
20240514;101220;51.89;500;10355838378;S
20240514;101220;51.89;410;10355838402;S
20240514;101220;51.88;590;10355838403;S
20240514;101221;51.88;1380;10355838659;S
20240514;101221;51.88;10;10355838660;S
20240514;101221;51.88;1000;10355838661;S
20240514;101221;51.87;1510;10355838662;S
20240514;101222;51.89;500;10355838740;B
20240514;101224;51.89;500;10355839038;S
20240514;101224;51.88;1000;10355839039;S
20240514;101224;51.87;2500;10355839040;S
20240514;101224;51.88;740;10355839067;S
20240514;101224;51.87;580;10355839068;S
20240514;101224;51.91;20;10355839072;B
20240514;101224;51.91;230;10355839073;B
20240514;101225;51.91;20;10355839271;B
20240514;101226;51.91;200;10355839377;B
20240514;101226;51.91;1350;10355839378;B
20240514;101226;51.92;500;10355839379;B
20240514;101226;51.92;450;10355839380;B
20240514;101228;51.88;150;10355839661;S
20240514;101229;51.89;100;10355839703;B
20240514;101229;51.88;30;10355839743;S
20240514;101229;51.89;100;10355839751;B
20240514;101229;51.89;100;10355839823;B
20240514;101230;51.89;100;10355839873;B
20240514;101230;51.89;100;10355839912;B
20240514;101230;51.89;40;10355839994;B
20240514;101231;51.89;10;10355840132;B
20240514;101233;51.88;80;10355840302;S
20240514;101234;51.89;50;10355840472;B
20240514;101234;51.89;100;10355840473;B
20240514;101234;51.89;100;10355840474;B
20240514;101234;51.89;100;10355840475;B
20240514;101234;51.89;100;10355840476;B
20240514;101234;51.89;100;10355840477;B
20240514;101234;51.9;100;10355840478;B
20240514;101235;51.9;1570;10355840638;S
20240514;101237;51.9;20;10355840938;S
20240514;101237;51.9;1510;10355840994;S
20240514;101238;51.9;1320;10355841073;S
20240514;101238;51.9;560;10355841075;S
20240514;101238;51.9;280;10355841077;S
20240514;101239;51.91;10;10355841346;B
20240514;101239;51.9;880;10355841443;S
20240514;101239;51.9;920;10355841446;S
20240514;101239;51.9;420;10355841449;S
20240514;101240;51.9;150;10355841574;S
20240514;101240;51.9;50;10355841576;S
20240514;101240;51.9;970;10355841579;S
20240514;101240;51.9;60;10355841581;S
20240514;101240;51.9;820;10355841582;S
20240514;101240;51.9;800;10355841583;S
20240514;101241;51.9;2800;10355841665;S
20240514;101241;51.9;1060;10355841688;S
20240514;101241;51.9;160;10355841690;S
20240514;101241;51.89;100;10355841691;S
20240514;101241;51.89;790;10355841692;S
20240514;101242;51.88;740;10355841779;S
20240514;101242;51.88;50;10355841780;S
20240514;101242;51.88;100;10355841781;S
20240514;101242;51.88;100;10355841782;S
20240514;101242;51.88;6930;10355841830;S
20240514;101242;51.88;1000;10355841831;S
20240514;101242;51.87;810;10355841832;S
20240514;101242;51.88;100;10355841902;B
20240514;101242;51.89;100;10355841903;B
20240514;101242;51.9;100;10355841904;B
20240514;101247;51.91;50;10355842538;B
20240514;101250;51.91;10;10355842836;B
20240514;101251;51.9;20;10355842995;S
20240514;101251;51.9;10;10355843020;S
20240514;101252;51.9;170;10355843201;S
20240514;101252;51.9;600;10355843202;S
20240514;101252;51.87;230;10355843203;S
20240514;101255;51.88;100;10355843524;B
20240514;101255;51.89;100;10355843525;B
20240514;101255;51.89;100;10355843563;B
20240514;101255;51.89;100;10355843600;B
20240514;101256;51.89;100;10355843653;B
20240514;101256;51.89;100;10355843700;B
20240514;101256;51.89;100;10355843756;B
20240514;101256;51.89;100;10355843782;B
20240514;101257;51.88;100;10355843886;B
20240514;101258;51.89;100;10355843999;B
20240514;101258;51.89;100;10355844000;B
20240514;101258;51.89;100;10355844001;B
20240514;101258;51.9;500;10355844002;B
20240514;101258;51.9;880;10355844003;B
20240514;101258;51.91;20;10355844004;B
20240514;101258;51.91;1350;10355844005;B
20240514;101258;51.92;950;10355844006;B
20240514;101259;51.88;870;10355844218;S
20240514;101259;51.88;40;10355844219;S
20240514;101259;51.87;550;10355844220;S
20240514;101259;51.89;100;10355844261;B
20240514;101259;51.9;100;10355844262;B
20240514;101259;51.91;100;10355844263;B
20240514;101259;51.91;450;10355844264;B
20240514;101301;51.89;50;10355844611;B
20240514;101307;51.9;200;10355845736;S
20240514;101307;51.9;10690;10355845758;S
20240514;101307;51.89;870;10355845759;S
20240514;101307;51.88;120;10355845760;S
20240514;101307;51.87;1920;10355845761;S
20240514;101307;51.87;5000;10355845762;S
20240514;101307;51.87;930;10355845763;S
20240514;101307;51.87;1470;10355845764;S
20240514;101308;51.91;20;10355845908;B
20240514;101309;51.87;400;10355846144;S
20240514;101311;51.88;870;10355846562;S
20240514;101312;51.87;10;10355846595;S
20240514;101312;51.88;10;10355846602;B
20240514;101314;51.88;50;10355847050;B
20240514;101315;51.88;1280;10355847074;B
20240514;101318;51.88;30;10355847495;B
20240514;101318;51.88;20;10355847559;B
20240514;101319;51.88;300;10355847643;B
20240514;101320;51.88;10;10355847828;B
20240514;101320;51.87;100;10355847830;S
20240514;101321;51.87;200;10355847876;S
20240514;101321;51.87;10;10355847884;S
20240514;101322;51.87;240;10355848088;S
20240514;101324;51.87;930;10355848256;S
20240514;101324;51.87;300;10355848261;S
20240514;101325;51.88;30;10355848568;B
20240514;101326;51.88;100;10355848608;B
20240514;101326;51.88;20;10355848614;B
20240514;101326;51.88;50;10355848616;B
20240514;101326;51.87;10;10355848623;S
20240514;101328;51.88;10;10355848811;B
20240514;101328;51.87;300;10355848876;S
20240514;101330;51.88;2010;10355849095;B
20240514;101330;51.88;110;10355849096;B
20240514;101330;51.89;1000;10355849097;B
20240514;101330;51.89;450;10355849098;B
20240514;101336;51.9;2630;10355850087;S
20240514;101336;51.9;370;10355850088;S
20240514;101342;51.91;100;10355850746;B
20240514;101344;51.9;100;10355851012;S
20240514;101345;51.9;20;10355851119;B
20240514;101345;51.9;10;10355851174;B
20240514;101346;51.9;10;10355851211;B
20240514;101346;51.91;90;10355851212;B
20240514;101351;51.89;30;10355851859;S
20240514;101353;51.89;310;10355852159;S
20240514;101353;51.88;50;10355852160;S
20240514;101353;51.88;100;10355852161;S
20240514;101354;51.88;40;10355852217;B
20240514;101354;51.88;270;10355852218;B
20240514;101354;51.88;10;10355852269;B
20240514;101358;51.87;420;10355852846;S
20240514;101400;51.89;20;10355853325;B
20240514;101404;51.89;60;10355853870;S
20240514;101415;51.9;600;10355855216;B
20240514;101423;51.9;10;10355856052;B
20240514;101424;51.9;10000;10355856304;B
20240514;101425;51.89;10;10355856381;S
20240514;101427;51.9;30;10355856743;B
20240514;101428;51.89;180;10355856786;S
20240514;101428;51.89;20;10355856787;S
20240514;101428;51.88;100;10355856788;S
20240514;101428;51.88;10;10355856789;S
20240514;101428;51.88;1350;10355856790;S
20240514;101428;51.88;2500;10355856791;S
20240514;101428;51.87;3610;10355856792;S
20240514;101428;51.87;100;10355856793;S
20240514;101428;51.87;30;10355856794;S
20240514;101428;51.87;50;10355856795;S
20240514;101428;51.87;9500;10355856796;S
20240514;101428;51.87;10;10355856797;S
20240514;101428;51.87;300;10355856798;S
20240514;101428;51.87;900;10355856799;S
20240514;101428;51.86;6490;10355856800;S
20240514;101428;51.86;1000;10355856801;S
20240514;101428;51.86;500;10355856802;S
20240514;101428;51.86;10;10355856803;S
20240514;101428;51.86;50000;10355856804;S
20240514;101428;51.86;200;10355856805;S
20240514;101428;51.86;200;10355856806;S
20240514;101428;51.86;500;10355856807;S
20240514;101428;51.86;10;10355856808;S
20240514;101428;51.85;240;10355856809;S
20240514;101428;51.85;40;10355856810;S
20240514;101428;51.85;880;10355856811;S
20240514;101428;51.85;10000;10355856812;S
20240514;101428;51.85;10;10355856813;S
20240514;101428;51.85;10;10355856814;S
20240514;101428;51.85;50;10355856815;S
20240514;101428;51.85;5600;10355856816;S
20240514;101428;51.85;500;10355856817;S
20240514;101428;51.84;30;10355856818;S
20240514;101428;51.84;100;10355856819;S
20240514;101428;51.84;500;10355856820;S
20240514;101428;51.84;6930;10355856821;S
20240514;101428;51.84;320;10355856822;S
20240514;101428;51.84;1380;10355856823;S
20240514;101428;51.83;1000;10355856824;S
20240514;101428;51.83;100;10355856825;S
20240514;101428;51.83;10;10355856826;S
20240514;101428;51.83;100;10355856827;S
20240514;101428;51.82;6390;10355856828;S
20240514;101428;51.82;15000;10355856829;S
20240514;101428;51.82;200;10355856830;S
20240514;101428;51.82;200;10355856831;S
20240514;101428;51.82;10;10355856832;S
20240514;101428;51.82;5000;10355856833;S
20240514;101428;51.82;2000;10355856834;S
20240514;101428;51.81;1910;10355856835;S
20240514;101428;51.81;5000;10355856836;S
20240514;101428;51.81;10;10355856837;S
20240514;101428;51.81;20;10355856838;S
20240514;101428;51.81;30;10355856839;S
20240514;101428;51.81;200;10355856840;S
20240514;101428;51.81;20;10355856841;S
20240514;101428;51.81;7000;10355856842;S
20240514;101428;51.81;10;10355856843;S
20240514;101428;51.81;10;10355856844;S
20240514;101428;51.81;30;10355856845;S
20240514;101428;51.81;440;10355856846;S
20240514;101428;51.81;500;10355856847;S
20240514;101428;51.8;30;10355856848;S
20240514;101428;51.8;800;10355856849;S
20240514;101428;51.8;20;10355856850;S
20240514;101428;51.8;10;10355856851;S
20240514;101428;51.8;10;10355856852;S
20240514;101428;51.8;50;10355856853;S
20240514;101428;51.8;1000;10355856854;S
20240514;101428;51.8;3000;10355856855;S
20240514;101428;51.8;360;10355856856;S
20240514;101428;51.8;100;10355856857;S
20240514;101428;51.8;100;10355856858;S
20240514;101428;51.8;20;10355856859;S
20240514;101428;51.8;400;10355856860;S
20240514;101428;51.8;1000;10355856861;S
20240514;101428;51.8;2990;10355856862;S
20240514;101428;51.8;3000;10355856863;S
20240514;101428;51.8;7000;10355856864;S
20240514;101428;51.8;10000;10355856865;S
20240514;101428;51.8;20000;10355856866;S
20240514;101428;51.8;760;10355856867;S
20240514;101428;51.83;500;10355856875;B
20240514;101428;51.81;300;10355856876;S
20240514;101428;51.81;100;10355856877;S
20240514;101428;51.8;100;10355856878;S
20240514;101428;51.8;1000;10355856879;S
20240514;101428;51.82;500;10355856895;B
20240514;101428;51.83;570;10355856896;B
20240514;101428;51.84;840;10355856897;B
20240514;101428;51.8;1350;10355856905;S
20240514;101428;51.79;1160;10355856906;S
20240514;101428;51.79;750;10355856909;S
20240514;101428;51.79;370;10355856910;S
20240514;101428;51.79;630;10355856911;S
20240514;101428;51.79;60;10355856912;S
20240514;101428;51.79;40;10355856935;S
20240514;101428;51.79;560;10355856936;S
20240514;101428;51.79;100;10355856937;S
20240514;101428;51.78;1190;10355856938;S
20240514;101428;51.8;300;10355856945;S
20240514;101428;51.78;100;10355856946;S
20240514;101428;51.81;1350;10355856951;B
20240514;101428;51.82;8650;10355856952;B
20240514;101428;51.79;1000;10355856971;B
20240514;101428;51.79;300;10355856972;B
20240514;101429;51.79;600;10355857004;B
20240514;101429;51.78;1020;10355857026;S
20240514;101429;51.79;130;10355857027;B
20240514;101429;51.78;4000;10355857062;S
20240514;101429;51.78;140;10355857089;S
20240514;101429;51.78;100;10355857128;S
20240514;101430;51.79;10;10355857163;B
20240514;101430;51.79;200;10355857209;B
20240514;101430;51.78;410;10355857278;S
20240514;101431;51.78;3040;10355857315;S
20240514;101431;51.78;1730;10355857316;S
20240514;101431;51.78;350;10355857317;S
20240514;101431;51.78;890;10355857318;S
20240514;101431;51.78;10;10355857319;S
20240514;101431;51.77;1910;10355857320;S
20240514;101431;51.77;60;10355857321;S
20240514;101431;51.77;50;10355857322;S
20240514;101431;51.77;10;10355857323;S
20240514;101431;51.77;190;10355857324;S
20240514;101431;51.77;1770;10355857325;S
20240514;101431;51.77;800;10355857357;S
20240514;101432;51.78;10;10355857437;B
20240514;101433;51.77;20;10355857816;S
20240514;101433;51.78;10;10355857884;B
20240514;101435;51.77;7410;10355858190;S
20240514;101435;51.77;390;10355858191;S
20240514;101435;51.78;10;10355858253;B
20240514;101435;51.78;20;10355858333;B
20240514;101435;51.78;50;10355858334;B
20240514;101435;51.78;180;10355858335;B
20240514;101436;51.77;10;10355858396;S
20240514;101436;51.77;600;10355858428;S
20240514;101436;51.77;3600;10355858429;S
20240514;101436;51.77;800;10355858430;S
20240514;101436;51.78;500;10355858440;B
20240514;101437;51.77;1350;10355858622;B
20240514;101437;51.78;500;10355858623;B
20240514;101437;51.78;100;10355858624;B
20240514;101437;51.78;3380;10355858625;B
20240514;101437;51.78;890;10355858626;B
20240514;101437;51.79;60;10355858627;B
20240514;101437;51.79;2500;10355858628;B
20240514;101437;51.8;7000;10355858629;B
20240514;101437;51.8;30;10355858630;B
20240514;101437;51.8;1000;10355858631;B
20240514;101437;51.81;1000;10355858632;B
20240514;101437;51.82;450;10355858633;B
20240514;101437;51.82;1380;10355858634;B
20240514;101437;51.82;4350;10355858635;B
20240514;101438;51.81;150;10355858675;B
20240514;101438;51.78;230;10355858747;B
20240514;101438;51.77;50;10355858757;S
20240514;101442;51.78;10;10355859236;B
20240514;101444;51.77;50;10355859453;S
20240514;101444;51.77;10;10355859506;S
20240514;101446;51.78;30;10355859815;B
20240514;101449;51.77;270;10355859999;S
20240514;101453;51.78;250;10355860747;B
20240514;101453;51.78;10;10355860847;B
20240514;101454;51.77;10;10355860876;S
20240514;101454;51.77;90;10355860877;S
20240514;101454;51.78;690;10355860942;B
20240514;101454;51.78;110;10355860943;B
20240514;101454;51.8;870;10355860944;B
20240514;101454;51.81;1330;10355860945;B
20240514;101454;51.78;660;10355860947;S
20240514;101454;51.78;400;10355860948;S
20240514;101454;51.77;910;10355860949;S
20240514;101454;51.77;10;10355860950;S
20240514;101454;51.77;590;10355860951;S
20240514;101454;51.77;20;10355860952;S
20240514;101454;51.77;870;10355860953;S
20240514;101454;51.76;1000;10355860954;S
20240514;101454;51.76;500;10355860955;S
20240514;101454;51.76;590;10355860956;S
20240514;101454;51.76;970;10355860957;S
20240514;101454;51.76;1350;10355860958;S
20240514;101454;51.75;50;10355860959;S
20240514;101454;51.75;10;10355860960;S
20240514;101454;51.75;3000;10355860961;S
20240514;101454;51.75;2000;10355860962;S
20240514;101454;51.75;200;10355860963;S
20240514;101454;51.75;10;10355860964;S
20240514;101454;51.75;10;10355860965;S
20240514;101454;51.75;10;10355860966;S
20240514;101454;51.75;1000;10355860967;S
20240514;101454;51.75;3000;10355860968;S
20240514;101454;51.75;600;10355860969;S
20240514;101454;51.75;10;10355860970;S
20240514;101454;51.74;80;10355860971;S
20240514;101454;51.74;39050;10355860972;S
20240514;101454;51.75;20;10355860977;S
20240514;101454;51.75;710;10355861074;S
20240514;101454;51.74;290;10355861075;S
20240514;101454;51.75;100;10355861087;S
20240514;101454;51.75;500;10355861088;B
20240514;101455;51.74;1000;10355861128;S
20240514;101455;51.74;40;10355861133;S
20240514;101455;51.75;600;10355861135;B
20240514;101455;51.75;10;10355861166;B
20240514;101455;51.75;20;10355861171;B
20240514;101455;51.74;10;10355861181;S
20240514;101455;51.74;1400;10355861186;S
20240514;101456;51.74;10;10355861343;S
20240514;101457;51.75;1970;10355861408;B
20240514;101458;51.77;50;10355861593;B
20240514;101501;51.76;10;10355862459;S
20240514;101502;51.77;100;10355862479;B
20240514;101502;51.76;170;10355862486;S
20240514;101502;51.76;10;10355862494;S
20240514;101505;51.77;20;10355863319;B
20240514;101506;51.76;50;10355863719;S
20240514;101506;51.76;500;10355863720;S
20240514;101506;51.76;450;10355863721;S
20240514;101509;51.76;510;10355864436;S
20240514;101509;51.76;490;10355864437;S
20240514;101512;51.77;20;10355864974;B
20240514;101512;51.76;50;10355865016;S
20240514;101513;51.77;240;10355865171;B
20240514;101513;51.77;50;10355865172;B
20240514;101513;51.77;3000;10355865173;B
20240514;101513;51.77;670;10355865174;B
20240514;101513;51.78;730;10355865175;B
20240514;101513;51.78;880;10355865176;B
20240514;101513;51.8;130;10355865177;B
20240514;101513;51.8;20;10355865178;B
20240514;101513;51.81;1350;10355865179;B
20240514;101513;51.81;6950;10355865180;B
20240514;101513;51.82;1000;10355865181;B
20240514;101513;51.82;2000;10355865182;B
20240514;101513;51.83;400;10355865183;B
20240514;101513;51.83;2580;10355865184;B
20240514;101517;51.78;300;10355866333;S
20240514;101517;51.78;520;10355866334;S
20240514;101522;51.8;140;10355867552;B
20240514;101526;51.79;10;10355868236;S
20240514;101526;51.79;90;10355868237;S
20240514;101527;51.8;20;10355868428;B
20240514;101527;51.79;300;10355868551;S
20240514;101528;51.8;140;10355868678;B
20240514;101528;51.81;500;10355868679;B
20240514;101528;51.81;860;10355868680;B
20240514;101528;51.81;1730;10355868681;B
20240514;101528;51.82;590;10355868682;B
20240514;101528;51.83;130;10355868683;B
20240514;101528;51.84;1350;10355868684;B
20240514;101528;51.84;700;10355868685;B
20240514;101529;51.8;10;10355869007;B
20240514;101531;51.79;10;10355869289;S
20240514;101531;51.79;70;10355869293;S
20240514;101533;51.8;20;10355869670;B
20240514;101533;51.8;10;10355869705;B
20240514;101533;51.8;60;10355869805;B
20240514;101535;51.79;100;10355869990;S
20240514;101538;51.8;30;10355870611;B
20240514;101546;51.79;20;10355872170;S
20240514;101546;51.78;10;10355872171;S
20240514;101546;51.78;20;10355872172;S
20240514;101548;51.82;1350;10355872472;B
