<DATE>;<TIME>;<LAST>;<VOL>;<ID>;<OPER>
20240427;095931;52.18;4020;10217729428;B
20240427;095931;52.18;1960;10217729429;B
20240427;095931;52.18;10;10217729430;B
20240427;095931;52.18;20;10217729431;B
20240427;095931;52.18;10;10217729432;B
20240427;095931;52.18;5000;10217729433;B
20240427;095931;52.18;690;10217729434;B
20240427;095931;52.18;10;10217729435;B
20240427;095931;52.18;10;10217729436;B
20240427;095931;52.18;10;10217729437;B
20240427;095931;52.18;5000;10217729438;B
20240427;095931;52.18;10;10217729439;B
20240427;095931;52.18;1910;10217729440;B
20240427;095931;52.18;20;10217729441;B
20240427;095931;52.18;14000;10217729442;B
20240427;095931;52.18;1000;10217729443;B
20240427;095931;52.18;10;10217729444;B
20240427;095931;52.18;1800;10217729445;B
20240427;095931;52.18;20;10217729446;B
20240427;095931;52.18;10;10217729447;B
20240427;095931;52.18;8820;10217729448;B
20240427;095931;52.18;200;10217729449;B
20240427;095931;52.18;100;10217729450;B
20240427;095931;52.18;10;10217729451;B
20240427;095931;52.18;30;10217729452;B
20240427;095931;52.18;200;10217729453;B
20240427;095931;52.18;120;10217729454;B
20240427;095931;52.18;840;10217729455;B
20240427;095931;52.18;40;10217729456;S
20240427;095931;52.18;10;10217729457;S
20240427;095931;52.18;210;10217729458;S
20240427;095931;52.18;100;10217729459;S
20240427;095931;52.18;680;10217729460;S
20240427;095931;52.18;10;10217729461;S
20240427;095931;52.18;100;10217729462;S
20240427;095931;52.18;60;10217729463;S
20240427;095931;52.18;250;10217729464;S
20240427;095931;52.18;900;10217729465;S
20240427;095931;52.18;10;10217729466;S
20240427;095931;52.18;40;10217729467;S
20240427;095931;52.18;20;10217729468;S
20240427;095931;52.18;530;10217729469;S
20240427;095931;52.18;50;10217729470;S
20240427;095931;52.18;500;10217729471;S
20240427;095931;52.18;20;10217729472;S
20240427;095931;52.18;10;10217729473;S
20240427;095931;52.18;30;10217729474;S
20240427;095931;52.18;860;10217729475;S
20240427;095931;52.18;1240;10217729476;B
20240427;095931;52.18;2200;10217729477;B
20240427;095931;52.18;1920;10217729478;B
20240427;095931;52.18;40;10217729479;B
20240427;095931;52.18;30;10217729480;S
20240427;095931;52.18;20;10217729481;S
20240427;095931;52.18;10;10217729482;S
20240427;095931;52.18;10;10217729483;S
20240427;095931;52.18;500;10217729484;S
20240427;095931;52.18;10;10217729485;S
20240427;095931;52.18;20;10217729486;S
20240427;095931;52.18;10;10217729487;S
20240427;095931;52.18;20;10217729488;S
20240427;095931;52.18;50;10217729489;S
20240427;095931;52.18;40;10217729490;S
20240427;095931;52.18;30;10217729491;S
20240427;095931;52.18;10;10217729492;S
20240427;095931;52.18;10;10217729493;S
20240427;095931;52.18;10;10217729494;S
20240427;095931;52.18;10;10217729495;S
20240427;095931;52.18;10;10217729496;S
20240427;095931;52.18;10;10217729497;S
20240427;095931;52.18;10;10217729498;S
20240427;095931;52.18;10;10217729499;S
20240427;095931;52.18;10;10217729500;S
20240427;095931;52.18;10;10217729501;S
20240427;095931;52.18;10;10217729502;S
20240427;095931;52.18;10;10217729503;S
20240427;095931;52.18;10;10217729504;S
20240427;095931;52.18;220;10217729505;S
20240427;095931;52.18;10;10217729506;S
20240427;095931;52.18;10;10217729507;S
20240427;095931;52.18;100;10217729508;S
20240427;095931;52.18;10;10217729509;S
20240427;095931;52.18;10;10217729510;S
20240427;095931;52.18;500;10217729511;S
20240427;095931;52.18;20;10217729512;S
20240427;095931;52.18;10;10217729513;S
20240427;095931;52.18;10;10217729514;B
20240427;095931;52.18;100;10217729515;B
20240427;095931;52.18;900;10217729516;B
20240427;095931;52.18;1820;10217729517;B
20240427;095931;52.18;1960;10217729518;B
20240427;095931;52.18;20;10217729519;B
20240427;095931;52.18;20;10217729520;B
20240427;095931;52.18;20;10217729521;B
20240427;095931;52.18;3500;10217729522;B
20240427;095931;52.18;360;10217729523;S
20240427;095931;52.18;800;10217729524;S
20240427;095931;52.18;1500;10217729525;S
20240427;095931;52.18;200;10217729526;S
20240427;095931;52.18;5100;10217729527;S
20240427;095931;52.18;2320;10217729528;S
20240427;095931;52.18;100;10217729529;S
20240427;095931;52.18;80;10217729530;S
20240427;095931;52.18;40;10217729531;S
20240427;095931;52.18;200;10217729532;S
20240427;095931;52.18;40;10217729533;S
20240427;095931;52.18;20;10217729534;S
20240427;095931;52.18;200;10217729535;S
20240427;095931;52.18;2610;10217729536;S
20240427;095931;52.18;300;10217729537;B
20240427;095931;52.18;20;10217729538;B
20240427;095931;52.18;2070;10217729539;B
20240427;095931;52.18;200;10217729540;B
20240427;095931;52.18;20;10217729541;S
20240427;095931;52.18;120;10217729542;S
20240427;095931;52.18;2090;10217729543;S
20240427;095931;52.18;60;10217729544;S
20240427;095931;52.18;2000;10217729545;S
20240427;095931;52.18;100;10217729546;S
20240427;095931;52.18;20;10217729547;S
20240427;095931;52.18;250;10217729548;S
20240427;095931;52.18;1000;10217729549;S
20240427;095931;52.18;150;10217729550;S
20240427;095931;52.18;50;10217729551;S
20240427;095931;52.18;30;10217729552;S
20240427;095931;52.18;10;10217729553;S
20240427;095931;52.18;1000;10217729554;S
20240427;095931;52.18;580;10217729555;S
20240427;100000;52.19;170;10217734110;B
20240427;100000;52.18;2660;10217734138;S
20240427;100000;52.18;10;10217734139;S
20240427;100000;52.18;1000;10217734140;S
20240427;100000;52.18;1330;10217734141;S
20240427;100000;52.18;670;10217734240;S
20240427;100001;52.15;80;10217734388;S
20240427;100001;52.14;230;10217734389;S
20240427;100001;52.17;50;10217734404;B
20240427;100001;52.14;1000;10217734495;S
20240427;100001;52.17;1000;10217734510;B
20240427;100001;52.17;250;10217734546;B
20240427;100001;52.14;1000;10217734550;S
20240427;100002;52.14;3800;10217734639;S
20240427;100002;52.14;20;10217734785;S
20240427;100002;52.14;2000;10217734793;S
20240427;100002;52.15;600;10217734932;B
20240427;100002;52.15;2000;10217734957;B
20240427;100002;52.14;10;10217735001;S
20240427;100002;52.14;1910;10217735117;S
20240427;100003;52.14;5000;10217735421;S
20240427;100004;52.14;400;10217735673;S
20240427;100004;52.15;10;10217735684;B
20240427;100004;52.14;30;10217735685;S
20240427;100004;52.15;50;10217735703;B
20240427;100004;52.15;10;10217735705;B
20240427;100004;52.15;10;10217735706;B
20240427;100004;52.15;1270;10217736034;B
20240427;100004;52.15;730;10217736035;B
20240427;100004;52.15;10;10217736037;B
20240427;100004;52.15;20;10217736113;B
20240427;100004;52.14;10;10217736118;S
20240427;100004;52.14;10;10217736120;S
20240427;100004;52.15;10;10217736247;B
20240427;100004;52.15;10;10217736250;B
20240427;100004;52.14;40;10217736252;S
20240427;100004;52.15;10;10217736254;B
20240427;100005;52.15;400;10217736497;B
20240427;100005;52.14;10;10217736565;S
20240427;100005;52.15;10;10217736566;B
20240427;100005;52.15;200;10217736578;B
20240427;100005;52.15;10;10217736742;B
20240427;100005;52.15;10;10217736743;B
20240427;100005;52.15;20;10217736744;B
20240427;100005;52.15;200;10217736745;B
20240427;100005;52.14;9570;10217736768;S
20240427;100005;52.14;13000;10217736770;S
20240427;100005;52.14;300;10217736850;S
20240427;100005;52.14;10;10217736851;S
20240427;100005;52.14;190;10217736852;S
20240427;100005;52.14;600;10217736853;S
20240427;100005;52.14;10;10217736998;B
20240427;100005;52.14;10;10217736999;B
20240427;100005;52.13;10;10217737001;S
20240427;100005;52.11;10;10217737211;S
20240427;100005;52.11;90;10217737212;S
20240427;100005;52.14;10;10217737213;B
20240427;100005;52.14;10;10217737214;B
20240427;100005;52.14;10;10217737331;B
20240427;100005;52.14;1000;10217737332;B
20240427;100005;52.11;40;10217737337;S
20240427;100005;52.11;170;10217737484;S
20240427;100006;52.11;20;10217737626;S
20240427;100006;52.12;10;10217737635;B
20240427;100006;52.12;10;10217737715;B
20240427;100006;52.11;20;10217737717;S
20240427;100006;52.11;50;10217737733;S
20240427;100006;52.11;10;10217737751;S
20240427;100006;52.12;10;10217737752;B
20240427;100006;52.12;10;10217737762;B
20240427;100006;52.12;10;10217737763;B
20240427;100006;52.11;180;10217737766;S
20240427;100006;52.11;10;10217738154;S
20240427;100006;52.12;10;10217738155;B
20240427;100006;52.12;50;10217738156;B
20240427;100006;52.12;10;10217738157;B
20240427;100006;52.11;100;10217738158;S
20240427;100006;52.11;110;10217738316;S
20240427;100006;52.1;10;10217738317;S
20240427;100006;52.12;10;10217738318;B
20240427;100006;52.12;20;10217738321;B
20240427;100006;52.11;10;10217738322;B
20240427;100006;52.1;20;10217738323;S
20240427;100006;52.1;10;10217738326;S
20240427;100006;52.1;80;10217738545;S
20240427;100006;52.1;10;10217738546;S
20240427;100006;52.1;1910;10217738547;S
20240427;100007;52.1;2220;10217738574;S
20240427;100007;52.1;10;10217738667;S
20240427;100007;52.1;50;10217738834;S
20240427;100007;52.11;170;10217738835;B
20240427;100007;52.11;10;10217738836;B
20240427;100007;52.11;10;10217738881;B
20240427;100007;52.11;10;10217738902;B
20240427;100007;52.1;10;10217738909;S
20240427;100007;52.11;10;10217738915;B
20240427;100007;52.1;10;10217739068;S
20240427;100007;52.11;10;10217739079;B
20240427;100007;52.11;10;10217739082;B
20240427;100007;52.11;10;10217739100;B
20240427;100007;52.1;10;10217739119;S
20240427;100007;52.11;10;10217739128;B
20240427;100007;52.1;1500;10217739374;S
20240427;100007;52.1;3540;10217739423;S
20240427;100007;52.1;10;10217739424;S
20240427;100007;52.1;600;10217739425;S
20240427;100007;52.08;1000;10217739426;S
20240427;100007;52.08;440;10217739427;S
20240427;100007;52.06;40;10217739428;S
20240427;100007;52.06;700;10217739429;S
20240427;100007;52.06;800;10217739430;S
20240427;100007;52.05;2000;10217739431;S
20240427;100007;52.05;870;10217739432;S
20240427;100007;52.06;1000;10217739498;S
20240427;100007;52.05;510;10217739499;S
20240427;100007;52.06;10;10217739575;S
20240427;100007;52.1;10;10217739577;B
20240427;100007;52.1;20;10217739578;B
20240427;100007;52.1;10;10217739579;B
20240427;100007;52.1;10;10217739580;B
20240427;100008;52.07;10;10217739860;B
20240427;100008;52.06;10;10217739861;S
20240427;100008;52.06;10;10217740023;S
20240427;100009;52.06;200;10217740305;S
20240427;100009;52.06;20;10217740308;S
20240427;100009;52.07;190;10217740335;B
20240427;100009;52.07;280;10217740336;B
20240427;100009;52.06;260;10217740430;S
20240427;100009;52.06;480;10217740431;S
20240427;100009;52.06;200;10217740432;S
20240427;100009;52.05;230;10217740433;S
20240427;100009;52.05;1000;10217740434;S
20240427;100009;52.05;220;10217740435;S
20240427;100009;52.04;100;10217740436;S
20240427;100009;52.04;100;10217740437;S
20240427;100009;52.04;200;10217740438;S
20240427;100009;52.04;20;10217740439;S
20240427;100009;52.04;4190;10217740440;S
20240427;100009;52.06;300;10217740441;B
20240427;100010;52.05;1000;10217740558;S
20240427;100010;52.04;800;10217740559;S
20240427;100010;52.03;160;10217740560;S
20240427;100010;52.02;1350;10217740561;S
20240427;100010;52.02;6690;10217740562;S
20240427;100010;52.02;10;10217740669;S
20240427;100010;52.02;500;10217740672;S
20240427;100010;52.02;1000;10217740716;S
20240427;100010;52.01;470;10217740717;S
20240427;100010;52.01;1000;10217740718;S
20240427;100010;52.01;20;10217740719;S
20240427;100010;52.01;1470;10217740720;S
20240427;100010;52.01;440;10217740721;S
20240427;100010;52.01;200;10217740722;S
20240427;100010;52;100;10217740723;S
20240427;100010;52;10;10217740724;S
20240427;100010;52;20;10217740725;S
20240427;100010;52;20;10217740726;S
20240427;100010;52;10;10217740727;S
20240427;100010;52;3000;10217740728;S
20240427;100010;52;10;10217740729;S
20240427;100010;52;10;10217740730;S
20240427;100010;52;200;10217740731;S
20240427;100010;52;1000;10217740732;S
20240427;100010;52;250;10217740733;S
20240427;100010;52;500;10217740734;S
20240427;100010;52;250;10217740735;S
20240427;100010;52;250;10217740736;S
20240427;100010;52;960;10217740737;S
20240427;100010;51.99;6910;10217740738;S
20240427;100010;51.98;1150;10217740739;S
20240427;100010;51.99;400;10217740742;S
20240427;100010;51.99;10;10217740743;S
20240427;100010;51.99;30;10217740761;S
20240427;100010;52.04;440;10217740764;B
20240427;100010;52.04;560;10217740765;B
20240427;100010;51.99;60;10217740767;S
20240427;100010;51.99;510;10217740804;S
20240427;100010;51.99;610;10217740805;S
20240427;100010;51.98;380;10217740806;S
20240427;100010;51.98;470;10217740808;S
20240427;100010;51.98;50;10217740809;S
20240427;100010;51.98;20;10217740810;S
20240427;100010;51.98;10;10217740811;S
20240427;100010;51.98;40;10217740812;S
20240427;100010;51.98;110;10217740813;S
20240427;100011;51.98;800;10217740851;S
20240427;100011;51.98;50;10217740855;S
20240427;100011;51.98;150;10217740879;S
20240427;100011;51.97;6910;10217740880;S
20240427;100011;51.97;1000;10217740881;S
20240427;100011;51.96;10;10217740882;S
20240427;100011;51.96;1200;10217740883;S
20240427;100011;51.95;30;10217740884;S
20240427;100011;51.95;10;10217740885;S
20240427;100011;51.95;690;10217740886;S
20240427;100011;51.95;2000;10217740889;S
20240427;100011;51.99;20;10217740920;B
20240427;100011;51.99;200;10217740931;B
20240427;100011;51.95;30;10217740958;S
20240427;100011;51.95;680;10217740975;S
20240427;100011;51.99;220;10217741005;B
20240427;100011;52;3480;10217741006;B
20240427;100011;51.99;60;10217741007;B
20240427;100011;52;1940;10217741008;B
20240427;100011;51.95;1020;10217741035;S
20240427;100011;51.95;250;10217741043;S
20240427;100011;51.95;300;10217741044;S
20240427;100011;51.95;1400;10217741052;S
20240427;100011;51.98;400;10217741082;B
20240427;100012;51.98;10;10217741092;B
20240427;100012;51.95;800;10217741094;S
20240427;100012;51.95;20;10217741099;S
20240427;100012;51.95;6000;10217741109;S
20240427;100013;51.95;130;10217741179;S
20240427;100013;51.95;300;10217741188;S
20240427;100013;51.96;100;10217741249;B
20240427;100014;51.96;100;10217741329;B
20240427;100014;51.96;100;10217741330;B
20240427;100014;51.97;100;10217741331;B
20240427;100014;51.97;5000;10217741358;S
20240427;100014;51.98;90;10217741368;B
20240427;100014;51.99;910;10217741369;B
20240427;100014;51.97;5020;10217741370;S
20240427;100014;51.98;2800;10217741396;B
20240427;100014;51.97;4680;10217741416;S
20240427;100014;51.95;9760;10217741417;S
20240427;100014;51.95;20;10217741418;S
20240427;100014;51.95;5540;10217741419;S
20240427;100014;51.98;1830;10217741423;B
20240427;100014;51.99;1090;10217741424;B
20240427;100014;52;2350;10217741425;B
20240427;100014;52;60;10217741426;B
20240427;100014;52;80;10217741427;B
20240427;100014;52;30;10217741428;B
20240427;100014;52;20;10217741429;B
20240427;100014;52;280;10217741430;B
20240427;100014;52;1200;10217741431;B
20240427;100014;52;100;10217741432;B
20240427;100015;52.01;40;10217741496;B
20240427;100015;52.02;1070;10217741497;B
20240427;100015;52.05;10;10217741501;B
20240427;100016;52.02;10;10217741675;S
20240427;100016;52.06;2500;10217741684;B
20240427;100016;52.06;500;10217741699;B
20240427;100017;52.06;1000;10217741826;B
20240427;100017;52.04;300;10217741868;S
20240427;100017;52.04;120;10217741897;S
20240427;100018;52.05;200;10217741938;S
20240427;100019;52.05;50;10217742125;S
20240427;100019;52.03;200;10217742126;S
20240427;100019;52.02;280;10217742127;S
20240427;100021;52.05;1000;10217742318;B
20240427;100021;52.02;1200;10217742399;S
20240427;100022;52.05;1000;10217742475;B
20240427;100022;52.06;2910;10217742476;B
20240427;100022;52.06;10;10217742477;B
20240427;100022;52.06;300;10217742478;B
20240427;100022;52.07;780;10217742479;B
20240427;100022;52.07;740;10217742558;B
20240427;100022;52.07;6910;10217742559;B
20240427;100022;52.07;280;10217742560;B
20240427;100022;52.08;70;10217742561;B
20240427;100023;52.08;1930;10217742627;B
20240427;100023;52.08;6910;10217742628;B
20240427;100023;52.09;11160;10217742629;B
20240427;100023;52.09;2170;10217742681;B
20240427;100023;52.1;20;10217742737;B
20240427;100023;52.1;1000;10217742738;B
20240427;100023;52.1;40;10217742739;B
20240427;100023;52.11;940;10217742740;B
20240427;100024;52.12;600;10217742798;B
20240427;100025;52.12;990;10217742875;B
20240427;100025;52.14;500;10217742935;B
20240427;100025;52.13;40;10217742941;B
20240427;100025;52.13;6900;10217742942;B
20240427;100025;52.15;20;10217742943;B
20240427;100025;52.15;700;10217742944;B
20240427;100025;52.16;7340;10217742945;B
20240427;100025;52.15;10;10217742958;B
20240427;100025;52.11;20;10217742976;S
20240427;100025;52.15;500;10217742981;B
20240427;100026;52.15;100;10217743069;B
20240427;100026;52.15;6290;10217743075;B
20240427;100026;52.15;80;10217743076;B
20240427;100026;52.16;18630;10217743077;B
20240427;100026;52.16;5000;10217743091;B
20240427;100026;52.16;500;10217743138;B
20240427;100026;52.16;1000;10217743139;B
20240427;100026;52.16;1020;10217743142;B
20240427;100027;52.17;10;10217743191;B
20240427;100027;52.17;500;10217743222;B
20240427;100027;52.17;3330;10217743225;B
20240427;100027;52.18;100;10217743230;B
20240427;100027;52.18;100;10217743231;B
20240427;100027;52.18;10;10217743251;B
20240427;100027;52.18;5000;10217743275;B
20240427;100027;52.18;1040;10217743307;B
20240427;100027;52.18;2500;10217743312;B
20240427;100028;52.18;580;10217743336;B
20240427;100028;52.18;200;10217743337;B
20240427;100028;52.18;80;10217743338;B
20240427;100028;52.19;3240;10217743339;B
20240427;100028;52.19;110;10217743340;B
20240427;100028;52.19;790;10217743341;B
20240427;100028;52.19;11210;10217743345;B
20240427;100028;52.19;6900;10217743346;B
20240427;100028;52.2;20;10217743347;B
20240427;100028;52.2;10;10217743348;B
20240427;100028;52.2;10;10217743349;B
20240427;100028;52.2;50;10217743350;B
20240427;100028;52.2;2130;10217743351;B
20240427;100028;52.2;30;10217743352;B
20240427;100028;52.2;2000;10217743353;B
20240427;100028;52.2;30;10217743354;B
20240427;100028;52.2;20;10217743355;B
20240427;100028;52.2;1000;10217743356;B
20240427;100028;52.2;160;10217743357;B
20240427;100028;52.2;10;10217743358;B
20240427;100028;52.2;70;10217743359;B
20240427;100028;52.2;10;10217743360;B
20240427;100028;52.2;1340;10217743361;B
20240427;100028;52.2;10;10217743370;B
20240427;100028;52.2;1000;10217743379;B
20240427;100028;52.2;1150;10217743409;B
20240427;100028;52.2;30;10217743410;B
20240427;100028;52.2;140;10217743411;B
20240427;100028;52.2;10;10217743412;B
20240427;100028;52.2;3670;10217743413;B
20240427;100028;52.2;5000;10217743424;B
20240427;100028;52.2;2000;10217743427;B
20240427;100028;52.2;10;10217743437;B
20240427;100028;52.2;7500;10217743447;B
20240427;100028;52.2;1040;10217743457;B
20240427;100028;52.2;2780;10217743458;B
20240427;100028;52.2;10;10217743459;B
20240427;100028;52.2;10;10217743460;B
20240427;100028;52.2;10;10217743461;B
20240427;100028;52.2;100;10217743462;B
20240427;100028;52.2;1000;10217743463;B
20240427;100028;52.2;1090;10217743464;B
20240427;100028;52.2;10;10217743465;B
20240427;100028;52.2;1000;10217743470;B
20240427;100028;52.2;1200;10217743471;B
20240427;100028;52.2;110;10217743472;B
20240427;100028;52.2;40;10217743473;B
20240427;100028;52.2;20;10217743474;B
20240427;100028;52.2;14830;10217743475;B
20240427;100028;52.17;1000;10217743476;S
20240427;100028;52.2;1000;10217743498;B
20240427;100029;52.2;2000;10217743546;B
20240427;100029;52.2;2900;10217743552;B
20240427;100029;52.2;100;10217743553;B
20240427;100029;52.21;10;10217743555;B
20240427;100029;52.21;30;10217743556;B
20240427;100029;52.21;20;10217743557;B
20240427;100029;52.21;40;10217743558;B
20240427;100029;52.21;500;10217743559;B
20240427;100029;52.21;10;10217743560;B
20240427;100029;52.22;10;10217743561;B
20240427;100029;52.23;20;10217743602;B
20240427;100029;52.23;740;10217743603;B
20240427;100029;52.23;260;10217743606;B
20240427;100029;52.23;4760;10217743607;B
20240427;100029;52.24;20;10217743680;B
20240427;100029;52.24;440;10217743681;B
20240427;100029;52.25;10;10217743682;B
20240427;100029;52.25;20;10217743683;B
20240427;100029;52.25;100;10217743684;B
20240427;100029;52.25;20;10217743685;B
20240427;100029;52.25;20;10217743686;B
20240427;100029;52.25;10;10217743687;B
20240427;100029;52.25;360;10217743688;B
20240427;100029;52.25;10;10217743697;B
20240427;100029;52.25;110;10217743709;B
20240427;100029;52.25;250;10217743710;B
20240427;100029;52.25;4270;10217743711;B
20240427;100029;52.25;200;10217743712;B
20240427;100029;52.25;5530;10217743713;B
20240427;100029;52.25;1300;10217743717;B
20240427;100029;52.25;700;10217743719;B
20240427;100029;52.25;520;10217743720;B
20240427;100029;52.26;20;10217743721;B
20240427;100029;52.26;2530;10217743722;B
20240427;100029;52.26;470;10217743728;B
20240427;100029;52.26;800;10217743729;B
20240427;100029;52.26;880;10217743730;B
20240427;100029;52.27;650;10217743731;B
20240427;100030;52.27;200;10217743753;B
20240427;100030;52.27;1000;10217743757;B
20240427;100030;52.27;100;10217743782;B
20240427;100030;52.27;1000;10217743786;B
20240427;100030;52.27;10;10217743840;B
20240427;100030;52.27;1000;10217743880;B
20240427;100030;52.27;4000;10217743900;B
20240427;100030;52.27;2040;10217743906;B
20240427;100030;52.27;20;10217743907;B
20240427;100030;52.27;10;10217743908;B
20240427;100030;52.27;200;10217743909;B
20240427;100030;52.27;6890;10217743910;B
20240427;100030;52.27;10;10217743911;B
20240427;100030;52.28;20;10217743912;B
20240427;100030;52.28;170;10217743913;B
20240427;100030;52.28;1500;10217743914;B
20240427;100030;52.28;90;10217743915;B
20240427;100030;52.28;20000;10217743916;B
20240427;100030;52.28;840;10217743917;B
20240427;100030;52.29;40;10217743918;B
20240427;100030;52.29;20;10217743919;B
20240427;100030;52.29;2000;10217743920;B
20240427;100030;52.29;25200;10217743921;B
20240427;100030;52.29;100;10217743922;B
20240427;100030;52.29;4200;10217743923;S
20240427;100030;52.29;100;10217743924;S
20240427;100030;52.29;100;10217743925;S
20240427;100030;52.29;900;10217743926;S
20240427;100030;52.29;300;10217743927;S
20240427;100030;52.29;200;10217743928;S
20240427;100030;52.29;200;10217743929;S
20240427;100030;52.29;1920;10217743932;S
20240427;100030;52.3;60;10217743950;B
20240427;100030;52.3;30;10217743951;B
20240427;100030;52.3;20;10217743952;B
20240427;100030;52.3;10;10217743953;B
20240427;100030;52.3;10;10217743954;B
20240427;100030;52.3;10;10217743955;B
20240427;100030;52.3;20;10217743956;B
20240427;100030;52.3;10;10217743957;B
20240427;100030;52.3;110;10217743958;B
20240427;100030;52.3;10;10217743959;B
20240427;100030;52.3;10;10217743960;B
20240427;100030;52.3;700;10217743961;B
20240427;100030;52.3;10;10217743963;B
20240427;100030;52.3;2500;10217743972;B
20240427;100030;52.3;200;10217743980;B
20240427;100030;52.3;1590;10217743981;B
20240427;100030;52.3;10;10217743982;B
20240427;100030;52.3;1000;10217743983;B
20240427;100030;52.3;200;10217743984;B
20240427;100030;52.3;420;10217743985;B
20240427;100030;52.3;11100;10217743990;B
20240427;100030;52.3;3480;10217743991;B
20240427;100030;52.31;10;10217743992;B
20240427;100030;52.31;10;10217743993;B
20240427;100030;52.31;10;10217743994;B
20240427;100030;52.31;30;10217743995;B
20240427;100030;52.32;10;10217743996;B
20240427;100030;52.32;10;10217743997;B
20240427;100030;52.32;4000;10217743998;B
20240427;100030;52.32;2080;10217743999;B
20240427;100030;52.33;540;10217744000;B
20240427;100030;52.33;10;10217744001;B
20240427;100030;52.33;20;10217744002;B
20240427;100030;52.33;10;10217744003;B
20240427;100030;52.33;470;10217744004;B
20240427;100030;52.33;3530;10217744019;B
20240427;100030;52.34;100;10217744020;B
20240427;100030;52.34;10;10217744021;B
20240427;100030;52.34;90;10217744022;B
20240427;100030;52.34;10;10217744023;B
20240427;100030;52.34;20;10217744024;B
20240427;100030;52.34;5810;10217744025;B
20240427;100030;52.3;100;10217744026;S
20240427;100030;52.3;100;10217744027;S
20240427;100030;52.32;300;10217744031;S
20240427;100030;52.32;100;10217744032;S
20240427;100031;52.34;1160;10217744033;B
20240427;100031;52.35;30;10217744034;B
20240427;100031;52.35;50;10217744035;B
20240427;100031;52.35;1100;10217744036;B
20240427;100031;52.35;10;10217744037;B
20240427;100031;52.35;10;10217744038;B
20240427;100031;52.35;30;10217744039;B
20240427;100031;52.35;10;10217744040;B
20240427;100031;52.35;2010;10217744041;B
20240427;100031;52.35;5300;10217744042;B
20240427;100031;52.35;10;10217744043;B
20240427;100031;52.35;10;10217744044;B
20240427;100031;52.35;10;10217744045;B
20240427;100031;52.35;10;10217744046;B
20240427;100031;52.35;200;10217744047;B
20240427;100031;52.35;2500;10217744048;B
20240427;100031;52.36;10;10217744049;B
20240427;100031;52.36;15000;10217744050;B
20240427;100031;52.36;40;10217744051;S
20240427;100031;52.36;100;10217744052;S
20240427;100031;52.36;100;10217744053;S
20240427;100031;52.36;100;10217744057;S
20240427;100031;52.36;100;10217744058;S
20240427;100031;52.37;50;10217744060;B
20240427;100031;52.37;10;10217744061;B
20240427;100031;52.37;20;10217744062;B
20240427;100031;52.37;220;10217744063;B
20240427;100031;52.37;60;10217744064;B
20240427;100031;52.37;60;10217744065;B
20240427;100031;52.37;100;10217744069;B
20240427;100031;52.37;250;10217744097;B
20240427;100031;52.37;630;10217744106;B
20240427;100031;52.37;10;10217744111;S
20240427;100031;52.37;10;10217744123;S
20240427;100031;52.38;50;10217744125;B
20240427;100031;52.38;50;10217744130;B
20240427;100031;52.38;10;10217744131;B
20240427;100031;52.38;600;10217744132;B
20240427;100031;52.38;390;10217744133;B
20240427;100031;52.38;10;10217744134;B
20240427;100031;52.38;1350;10217744135;B
20240427;100031;52.39;500;10217744136;B
20240427;100031;52.39;200;10217744137;B
20240427;100031;52.39;10;10217744138;B
20240427;100031;52.39;10;10217744139;B
20240427;100031;52.39;10;10217744140;B
20240427;100031;52.39;50;10217744141;B
20240427;100031;52.39;100;10217744142;B
20240427;100031;52.39;20;10217744143;B
20240427;100031;52.39;690;10217744144;B
20240427;100031;52.39;1660;10217744145;B
20240427;100031;52.39;1000;10217744146;B
20240427;100031;52.39;7000;10217744147;B
20240427;100031;52.39;1910;10217744149;B
20240427;100031;52.39;140;10217744150;B
20240427;100031;52.39;1000;10217744151;B
20240427;100031;52.39;1910;10217744157;B
20240427;100031;52.37;100;10217744158;S
20240427;100031;52.37;100;10217744164;S
20240427;100031;52.39;2500;10217744187;B
20240427;100031;52.37;10;10217744197;S
20240427;100031;52.39;1000;10217744199;B
20240427;100031;52.37;10;10217744200;S
20240427;100031;52.37;10;10217744201;S
20240427;100031;52.39;10000;10217744202;B
20240427;100031;52.39;500;10217744203;B
20240427;100031;52.39;10;10217744204;B
20240427;100031;52.39;200;10217744205;B
20240427;100031;52.39;500;10217744206;B
20240427;100031;52.37;10;10217744209;S
20240427;100031;52.38;10;10217744211;B
20240427;100031;52.39;350;10217744212;B
20240427;100031;52.38;10;10217744213;S
20240427;100031;52.38;10;10217744216;S
20240427;100031;52.39;1000;10217744217;B
20240427;100031;52.38;1970;10217744220;S
20240427;100031;52.37;110;10217744221;S
20240427;100031;52.37;1000;10217744222;S
20240427;100031;52.37;210;10217744223;S
20240427;100031;52.39;500;10217744225;B
20240427;100031;52.36;50;10217744226;S
20240427;100031;52.39;600;10217744228;B
20240427;100031;52.39;50;10217744229;B
20240427;100031;52.39;10000;10217744230;B
20240427;100031;52.37;100;10217744238;S
20240427;100031;52.39;100;10217744239;B
20240427;100031;52.39;4000;10217744246;B
20240427;100031;52.39;500;10217744247;B
20240427;100031;52.39;2000;10217744253;B
20240427;100031;52.39;110;10217744254;B
20240427;100031;52.38;10;10217744255;S
20240427;100031;52.38;200;10217744256;S
20240427;100031;52.37;390;10217744257;S
20240427;100031;52.39;200;10217744258;B
20240427;100031;52.37;300;10217744284;S
20240427;100031;52.37;100;10217744286;S
20240427;100031;52.39;450;10217744287;B
20240427;100031;52.36;1050;10217744291;S
20240427;100031;52.36;200;10217744292;S
20240427;100031;52.35;440;10217744293;S
20240427;100031;52.35;800;10217744294;S
20240427;100031;52.35;120;10217744295;S
20240427;100031;52.39;800;10217744296;B
20240427;100031;52.39;10;10217744297;B
20240427;100031;52.39;30;10217744298;B
20240427;100031;52.35;10;10217744299;S
20240427;100031;52.38;500;10217744300;B
20240427;100031;52.39;100;10217744301;B
20240427;100031;52.35;200;10217744306;S
20240427;100031;52.38;100;10217744307;B
20240427;100031;52.38;1250;10217744308;B
20240427;100031;52.39;910;10217744309;B
20240427;100031;52.39;7840;10217744310;B
20240427;100031;52.39;3830;10217744311;B
20240427;100031;52.39;500;10217744313;B
20240427;100031;52.39;10;10217744314;B
20240427;100031;52.39;400;10217744317;B
20240427;100031;52.39;7000;10217744319;B
20240427;100031;52.39;10;10217744320;B
20240427;100031;52.39;400;10217744321;B
20240427;100031;52.39;200;10217744338;B
20240427;100031;52.39;500;10217744342;B
20240427;100031;52.38;10;10217744343;B
20240427;100031;52.38;1910;10217744344;B
20240427;100032;52.38;10;10217744346;B
20240427;100032;52.38;20;10217744347;B
20240427;100032;52.38;860;10217744348;B
20240427;100032;52.39;1640;10217744349;B
20240427;100032;52.36;30;10217744352;S
20240427;100032;52.36;20;10217744353;S
20240427;100032;52.36;300;10217744354;S
20240427;100032;52.35;170;10217744355;S
20240427;100032;52.34;10;10217744356;S
20240427;100032;52.39;350;10217744357;B
20240427;100032;52.39;200;10217744361;B
20240427;100032;52.34;20;10217744377;S
20240427;100032;52.34;10;10217744380;S
20240427;100032;52.34;1350;10217744381;S
20240427;100032;52.34;1640;10217744382;S
20240427;100032;52.38;10;10217744383;B
20240427;100032;52.39;150;10217744384;B
20240427;100032;52.39;3000;10217744385;B
20240427;100032;52.39;2800;10217744389;B
20240427;100032;52.39;10;10217744395;B
20240427;100032;52.38;20;10217744397;S
20240427;100032;52.39;10000;10217744398;B
20240427;100032;52.38;10;10217744408;S
20240427;100032;52.39;600;10217744416;B
20240427;100032;52.39;50;10217744423;B
20240427;100032;52.38;10;10217744430;S
20240427;100032;52.38;10;10217744431;S
20240427;100032;52.38;10;10217744432;S
20240427;100032;52.38;10;10217744451;S
20240427;100032;52.39;50;10217744452;B
20240427;100032;52.38;30;10217744458;S
20240427;100032;52.37;10;10217744459;S
20240427;100032;52.35;100;10217744460;S
20240427;100032;52.34;860;10217744461;S
20240427;100032;52.38;1350;10217744469;B
20240427;100032;52.39;650;10217744470;B
20240427;100032;52.34;1350;10217744475;S
20240427;100032;52.33;440;10217744476;S
20240427;100032;52.33;6000;10217744477;S
20240427;100032;52.32;7210;10217744478;S
20240427;100032;52.39;500;10217744483;B
20240427;100032;52.36;10;10217744498;B
20240427;100032;52.37;10;10217744499;B
20240427;100032;52.38;4000;10217744500;B
20240427;100032;52.39;15080;10217744501;B
20240427;100032;52.32;110;10217744510;S
20240427;100032;52.38;1350;10217744512;B
20240427;100032;52.38;1000;10217744513;B
20240427;100032;52.39;17150;10217744514;B
20240427;100032;52.33;10;10217744545;B
20240427;100032;52.38;990;10217744546;B
20240427;100032;52.34;500;10217744553;S
20240427;100033;52.36;10;10217744603;S
20240427;100033;52.36;100;10217744625;S
20240427;100033;52.37;1000;10217744639;B
20240427;100033;52.36;10;10217744646;S
20240427;100033;52.36;10;10217744647;S
20240427;100033;52.37;10;10217744648;B
20240427;100033;52.36;10;10217744661;S
20240427;100033;52.36;10;10217744694;S
20240427;100033;52.37;440;10217744734;B
20240427;100033;52.38;20;10217744735;B
20240427;100033;52.38;500;10217744736;B
20240427;100033;52.38;7500;10217744737;B
20240427;100033;52.39;20890;10217744738;B
20240427;100033;52.39;440;10217744739;B
20240427;100033;52.39;20;10217744740;B
20240427;100033;52.39;10;10217744741;B
20240427;100033;52.39;20;10217744742;B
20240427;100033;52.4;10;10217744743;B
20240427;100033;52.4;20;10217744744;B
20240427;100033;52.4;100;10217744745;B
20240427;100033;52.4;10;10217744746;B
20240427;100033;52.4;10;10217744747;B
20240427;100033;52.4;10;10217744748;B
20240427;100033;52.4;10;10217744749;B
20240427;100033;52.4;3000;10217744750;B
20240427;100033;52.4;120;10217744751;B
20240427;100033;52.4;20000;10217744752;B
20240427;100033;52.4;30;10217744753;B
20240427;100033;52.4;10;10217744754;B
20240427;100033;52.4;10;10217744755;B
20240427;100033;52.4;10;10217744756;B
20240427;100033;52.4;200;10217744757;B
20240427;100033;52.4;10000;10217744758;B
20240427;100033;52.41;10;10217744759;B
20240427;100033;52.41;10;10217744760;B
20240427;100033;52.41;20;10217744761;B
20240427;100033;52.41;170;10217744762;B
20240427;100033;52.42;10;10217744763;B
20240427;100033;52.42;150;10217744764;B
20240427;100033;52.42;10;10217744765;B
20240427;100033;52.42;250;10217744766;B
20240427;100033;52.42;100;10217744767;B
20240427;100033;52.43;10;10217744768;B
20240427;100033;52.43;20;10217744769;B
20240427;100033;52.44;10;10217744770;B
20240427;100033;52.44;20;10217744771;B
20240427;100033;52.44;20;10217744772;B
20240427;100033;52.44;50;10217744773;B
20240427;100033;52.44;1120;10217744774;B
20240427;100033;52.44;40;10217744775;B
20240427;100033;52.44;1350;10217744776;B
20240427;100033;52.44;1000;10217744777;S
20240427;100033;52.44;100;10217744778;S
20240427;100033;52.44;500;10217744779;S
20240427;100033;52.44;100;10217744780;S
20240427;100033;52.44;100;10217744781;S
20240427;100033;52.44;500;10217744782;S
20240427;100033;52.44;500;10217744783;S
20240427;100033;52.44;440;10217744784;S
20240427;100033;52.39;380;10217744785;B
20240427;100033;52.39;10000;10217744789;B
20240427;100033;52.37;10;10217744795;S
20240427;100033;52.37;10;10217744796;S
20240427;100033;52.37;1330;10217744805;S
20240427;100033;52.37;1670;10217744806;S
20240427;100033;52.39;50;10217744810;B
20240427;100033;52.39;50;10217744811;B
20240427;100033;52.39;200;10217744812;B
20240427;100033;52.39;130;10217744819;B
20240427;100033;52.39;200;10217744820;B
20240427;100033;52.39;40;10217744821;B
20240427;100033;52.38;5000;10217744826;B
20240427;100033;52.39;2000;10217744827;B
20240427;100033;52.39;2500;10217744828;B
20240427;100033;52.39;2000;10217744830;B
20240427;100033;52.39;10;10217744831;B
20240427;100033;52.37;1350;10217744832;S
20240427;100033;52.36;30;10217744833;S
20240427;100034;52.36;10;10217744841;S
20240427;100034;52.39;2440;10217744842;B
20240427;100034;52.39;100;10217744843;B
20240427;100034;52.4;10;10217744844;B
20240427;100034;52.4;500;10217744855;S
20240427;100034;52.41;440;10217744860;B
20240427;100034;52.41;100;10217744861;B
20240427;100034;52.44;60;10217744862;B
20240427;100034;52.44;100;10217744863;B
20240427;100034;52.44;300;10217744864;B
20240427;100034;52.44;10;10217744865;B
20240427;100034;52.4;10;10217744866;S
20240427;100034;52.4;100;10217744927;S
20240427;100034;52.4;80;10217744928;S
20240427;100034;52.4;10;10217744930;S
20240427;100034;52.4;10;10217744932;S
20240427;100034;52.4;10;10217744939;S
20240427;100034;52.41;20;10217744954;B
20240427;100034;52.42;140;10217744955;B
20240427;100034;52.43;20;10217744956;B
20240427;100034;52.44;1340;10217744957;B
20240427;100034;52.44;1000;10217744958;B
20240427;100034;52.44;2500;10217744959;B
20240427;100034;52.45;10;10217744960;B
20240427;100034;52.45;100;10217744961;B
20240427;100034;52.45;10;10217744962;B
20240427;100034;52.45;10;10217744963;B
20240427;100034;52.45;10;10217744964;B
20240427;100034;52.45;200;10217744965;B
20240427;100034;52.45;5000;10217744966;B
20240427;100034;52.46;10;10217744967;B
20240427;100034;52.46;10;10217744968;B
20240427;100034;52.46;140;10217744969;B
20240427;100034;52.46;500;10217744970;B
20240427;100034;52.46;20;10217744971;B
20240427;100034;52.46;1980;10217744972;B
20240427;100034;52.46;1000;10217744973;B
20240427;100034;52.47;5980;10217744974;B
20240427;100034;52.46;1000;10217744990;B
20240427;100034;52.43;10;10217745001;S
20240427;100034;52.43;20;10217745004;S
20240427;100034;52.43;10;10217745007;S
20240427;100034;52.43;20;10217745012;S
20240427;100034;52.43;400;10217745023;S
20240427;100034;52.43;20;10217745025;S
20240427;100034;52.46;760;10217745035;B
20240427;100034;52.47;3620;10217745036;B
20240427;100034;52.47;10;10217745037;B
20240427;100034;52.47;100;10217745038;B
20240427;100034;52.47;10;10217745039;B
20240427;100034;52.47;500;10217745040;B
20240427;100034;52.43;100;10217745041;S
20240427;100034;52.43;500;10217745046;S
20240427;100034;52.47;100;10217745048;B
20240427;100034;52.43;280;10217745080;S
20240427;100034;52.46;1000;10217745094;B
20240427;100034;52.47;4760;10217745095;B
20240427;100034;52.47;110;10217745097;B
20240427;100034;52.43;1920;10217745101;S
20240427;100034;52.43;40;10217745103;S
20240427;100034;52.46;1210;10217745104;B
20240427;100034;52.47;40;10217745105;B
20240427;100034;52.45;10;10217745112;B
20240427;100034;52.47;3820;10217745113;B
20240427;100035;52.45;90;10217745129;B
20240427;100035;52.47;670;10217745130;B
20240427;100035;52.48;10;10217745131;B
20240427;100035;52.48;10;10217745132;B
20240427;100035;52.48;1020;10217745133;B
20240427;100035;52.43;20;10217745139;S
20240427;100035;52.46;100;10217745147;S
20240427;100035;52.46;10;10217745150;S
20240427;100035;52.43;990;10217745151;S
20240427;100035;52.48;5000;10217745153;B
20240427;100035;52.48;500;10217745155;B
20240427;100035;52.48;10;10217745156;B
20240427;100035;52.48;1000;10217745158;B
20240427;100035;52.43;20;10217745161;S
20240427;100035;52.43;60;10217745170;S
20240427;100035;52.43;800;10217745179;S
20240427;100035;52.43;790;10217745182;S
20240427;100035;52.42;440;10217745183;S
20240427;100035;52.42;2000;10217745184;S
20240427;100035;52.42;170;10217745185;S
20240427;100035;52.45;10;10217745196;B
20240427;100035;52.45;10;10217745197;B
20240427;100035;52.45;20;10217745198;B
20240427;100035;52.47;320;10217745199;B
20240427;100035;52.42;40;10217745202;S
20240427;100035;52.43;40;10217745222;S
20240427;100035;52.44;100;10217745223;B
20240427;100035;52.44;600;10217745224;B
20240427;100035;52.43;10;10217745248;S
20240427;100035;52.42;190;10217745249;S
20240427;100035;52.42;10;10217745256;S
20240427;100035;52.42;10;10217745257;S
20240427;100035;52.42;20;10217745259;S
20240427;100035;52.42;4560;10217745261;S
20240427;100035;52.42;6860;10217745262;S
20240427;100036;52.42;1000;10217745264;B
20240427;100036;52.42;7580;10217745341;B
20240427;100036;52.42;10;10217745342;B
20240427;100036;52.42;500;10217745343;B
20240427;100036;52.42;1350;10217745344;B
20240427;100036;52.42;6800;10217745345;B
20240427;100036;52.43;10;10217745346;B
20240427;100036;52.43;500;10217745347;B
20240427;100036;52.43;200;10217745348;B
20240427;100036;52.43;20;10217745349;B
20240427;100036;52.44;280;10217745350;B
20240427;100036;52.44;200;10217745351;B
20240427;100036;52.44;20;10217745352;B
20240427;100036;52.44;100;10217745353;B
20240427;100036;52.45;1000;10217745354;B
20240427;100036;52.46;1900;10217745355;B
20240427;100036;52.46;2500;10217745356;B
20240427;100036;52.46;1000;10217745357;B
20240427;100036;52.47;120;10217745358;B
20240427;100036;52.47;1500;10217745359;B
20240427;100036;52.47;20;10217745360;B
20240427;100036;52.47;10;10217745361;B
20240427;100036;52.47;2500;10217745362;B
20240427;100036;52.48;470;10217745363;B
20240427;100036;52.48;3000;10217745364;B
20240427;100036;52.48;300;10217745365;B
20240427;100036;52.48;500;10217745366;B
20240427;100036;52.48;10;10217745367;B
20240427;100036;52.48;7600;10217745368;B
20240427;100036;52.42;10;10217745383;S
20240427;100036;52.43;10;10217745416;B
20240427;100037;52.42;500;10217745438;B
20240427;100037;52.43;1340;10217745439;B
20240427;100037;52.43;2500;10217745440;B
20240427;100037;52.44;2160;10217745441;B
20240427;100037;52.43;1000;10217745450;B
20240427;100037;52.42;50;10217745500;B
20240427;100037;52.41;1920;10217745501;S
20240427;100037;52.42;450;10217745511;B
20240427;100037;52.43;850;10217745512;B
20240427;100037;52.41;1380;10217745538;S
20240427;100037;52.42;190;10217745541;B
20240427;100037;52.43;1650;10217745542;B
20240427;100037;52.43;160;10217745543;B
20240427;100037;52.42;10;10217745588;B
20240427;100038;52.42;90;10217745608;B
20240427;100038;52.42;1900;10217745674;B
20240427;100038;52.42;10;10217745675;B
20240427;100038;52.43;90;10217745676;B
20240427;100038;52.43;50;10217745720;B
20240427;100038;52.43;1050;10217745743;B
20240427;100038;52.43;2500;10217745744;B
20240427;100038;52.44;6450;10217745745;B
20240427;100038;52.41;700;10217745765;S
20240427;100038;52.41;40;10217745766;S
20240427;100038;52.41;260;10217745767;S
20240427;100038;52.42;10;10217745798;B
20240427;100039;52.42;1790;10217745802;S
20240427;100039;52.41;210;10217745803;S
20240427;100039;52.43;1000;10217745818;B
20240427;100039;52.43;1000;10217745837;B
20240427;100039;52.43;1500;10217745852;B
20240427;100039;52.43;1350;10217745853;B
20240427;100039;52.43;100;10217745854;B
20240427;100039;52.44;11390;10217745855;B
20240427;100039;52.44;500;10217745856;B
20240427;100039;52.44;50;10217745857;B
20240427;100039;52.45;20;10217745858;B
20240427;100039;52.45;100;10217745859;B
20240427;100039;52.46;10;10217745860;B
20240427;100039;52.46;20;10217745861;B
20240427;100039;52.47;100;10217745862;B
20240427;100039;52.47;20;10217745863;B
20240427;100039;52.48;2400;10217745864;B
20240427;100039;52.48;100;10217745865;B
20240427;100039;52.48;2500;10217745866;B
20240427;100039;52.48;2840;10217745867;B
20240427;100039;52.47;100;10217745868;B
20240427;100039;52.41;30;10217745874;S
20240427;100039;52.41;440;10217745875;S
20240427;100039;52.4;210;10217745892;S
20240427;100039;52.4;1000;10217745893;S
20240427;100039;52.4;10;10217745894;S
20240427;100039;52.4;330;10217745895;S
20240427;100039;52.4;500;10217745896;S
20240427;100039;52.4;40;10217745915;B
20240427;100039;52.39;40;10217745916;S
20240427;100039;52.39;5750;10217745917;S
20240427;100039;52.4;1630;10217745918;B
20240427;100039;52.41;1450;10217745919;B
20240427;100039;52.44;440;10217745920;B
20240427;100039;52.46;1000;10217745921;B
20240427;100039;52.46;480;10217745922;B
20240427;100039;52.39;440;10217745934;S
20240427;100039;52.38;560;10217745935;S
20240427;100039;52.45;500;10217745938;B
20240427;100040;52.45;500;10217745979;B
20240427;100040;52.43;50;10217746016;B
20240427;100040;52.43;20;10217746033;B
20240427;100040;52.43;300;10217746034;B
20240427;100040;52.41;500;10217746041;S
20240427;100040;52.41;200;10217746042;S
20240427;100040;52.41;10;10217746065;S
20240427;100040;52.41;1920;10217746092;S
20240427;100041;52.42;30;10217746142;B
20240427;100042;52.42;70;10217746326;B
20240427;100042;52.41;10;10217746344;S
20240427;100042;52.39;10;10217746345;S
20240427;100042;52.39;780;10217746365;S
20240427;100043;52.41;10;10217746407;B
20240427;100043;52.39;40;10217746420;S
20240427;100043;52.4;10;10217746474;B
20240427;100043;52.39;110;10217746475;S
20240427;100043;52.39;480;10217746502;S
20240427;100044;52.39;100;10217746519;S
20240427;100044;52.38;1440;10217746576;S
20240427;100044;52.37;3560;10217746577;S
20240427;100044;52.39;50;10217746578;B
20240427;100044;52.39;10;10217746592;B
20240427;100044;52.37;400;10217746594;S
20240427;100044;52.37;2910;10217746597;S
20240427;100044;52.36;90;10217746598;S
20240427;100044;52.36;500;10217746627;S
20240427;100044;52.36;410;10217746634;S
20240427;100044;52.35;1590;10217746635;S
20240427;100045;52.37;500;10217746637;S
20240427;100045;52.38;10;10217746640;B
20240427;100045;52.37;4500;10217746677;S
20240427;100045;52.35;5280;10217746678;S
20240427;100045;52.34;20;10217746679;S
20240427;100045;52.34;200;10217746680;S
20240427;100045;52.34;110;10217746686;S
20240427;100046;52.34;60;10217746780;S
20240427;100046;52.34;200;10217746791;S
20240427;100046;52.34;540;10217746809;S
20240427;100046;52.33;2660;10217746810;S
20240427;100046;52.33;390;10217746814;S
20240427;100046;52.32;110;10217746815;S
20240427;100046;52.32;10000;10217746817;S
20240427;100046;52.36;500;10217746822;B
20240427;100046;52.36;100;10217746823;B
20240427;100046;52.36;50;10217746824;B
20240427;100046;52.37;440;10217746825;B
20240427;100046;52.37;2500;10217746826;B
20240427;100046;52.37;1350;10217746827;B
20240427;100046;52.38;190;10217746828;B
20240427;100046;52.38;500;10217746829;B
20240427;100046;52.38;100;10217746830;B
20240427;100046;52.38;10;10217746831;B
20240427;100046;52.38;4260;10217746832;B
20240427;100047;52.35;10;10217746974;B
20240427;100047;52.33;440;10217746999;S
20240427;100047;52.32;40;10217747000;S
20240427;100047;52.32;10;10217747022;S
20240427;100047;52.35;190;10217747023;B
20240427;100047;52.35;1300;10217747024;B
20240427;100047;52.32;4120;10217747126;S
20240427;100047;52.3;930;10217747127;S
20240427;100047;52.3;10;10217747157;S
20240427;100048;52.31;100;10217747253;B
20240427;100048;52.3;590;10217747267;S
20240427;100048;52.3;1650;10217747268;S
20240427;100048;52.3;1000;10217747269;S
20240427;100048;52.3;100;10217747270;S
20240427;100048;52.28;1660;10217747271;S
20240427;100048;52.31;100;10217747308;B
20240427;100049;52.32;50;10217747336;B
20240427;100049;52.3;50;10217747373;S
20240427;100049;52.28;1150;10217747374;S
20240427;100049;52.28;10;10217747421;S
20240427;100050;52.3;500;10217747467;B
20240427;100050;52.31;1350;10217747468;B
20240427;100050;52.32;550;10217747469;B
20240427;100050;52.32;440;10217747470;B
20240427;100050;52.32;160;10217747471;B
20240427;100050;52.29;10;10217747495;S
20240427;100050;52.28;180;10217747496;S
20240427;100050;52.28;810;10217747497;S
20240427;100050;52.28;480;10217747500;S
20240427;100050;52.31;30;10217747513;B
20240427;100050;52.31;1000;10217747517;B
20240427;100050;52.32;840;10217747525;B
20240427;100050;52.32;700;10217747526;B
20240427;100050;52.33;2630;10217747527;B
20240427;100050;52.34;200;10217747528;B
20240427;100050;52.34;1350;10217747529;B
20240427;100050;52.35;2500;10217747530;B
20240427;100050;52.35;990;10217747531;B
20240427;100050;52.32;800;10217747554;B
20240427;100051;52.29;10;10217747659;S
20240427;100051;52.29;1350;10217747660;S
20240427;100051;52.28;3710;10217747661;S
20240427;100051;52.28;440;10217747662;S
20240427;100051;52.27;50;10217747663;S
20240427;100051;52.27;6870;10217747664;S
20240427;100051;52.26;600;10217747665;B
20240427;100051;52.26;100;10217747666;B
20240427;100051;52.26;60;10217747669;B
20240427;100051;52.25;1160;10217747689;S
20240427;100051;52.26;5000;10217747784;B
20240427;100051;52.26;30;10217747793;B
20240427;100051;52.25;2840;10217747854;S
20240427;100051;52.24;930;10217747855;S
20240427;100052;52.24;500;10217747869;S
20240427;100052;52.25;2500;10217747908;B
20240427;100052;52.25;400;10217747909;B
20240427;100052;52.26;1080;10217747910;B
20240427;100052;52.23;2000;10217747919;S
20240427;100052;52.23;2000;10217747923;S
20240427;100052;52.22;1800;10217747924;S
20240427;100052;52.2;6200;10217747925;S
20240427;100052;52.2;680;10217747964;S
20240427;100052;52.2;440;10217747965;S
20240427;100052;52.19;40;10217747966;S
20240427;100052;52.2;3000;10217747985;S
20240427;100052;52.24;440;10217748003;B
20240427;100052;52.24;3210;10217748004;B
20240427;100052;52.25;1350;10217748005;B
20240427;100052;52.26;280;10217748006;B
20240427;100052;52.25;440;10217748009;B
20240427;100052;52.26;2140;10217748010;B
20240427;100053;52.2;440;10217748045;S
20240427;100053;52.19;460;10217748046;S
20240427;100053;52.19;1350;10217748047;S
20240427;100053;52.19;370;10217748048;S
20240427;100053;52.25;110;10217748057;B
20240427;100053;52.22;50;10217748059;B
20240427;100053;52.25;490;10217748060;B
20240427;100053;52.25;440;10217748061;B
20240427;100053;52.25;1520;10217748062;B
20240427;100053;52.21;440;10217748068;S
20240427;100053;52.21;720;10217748069;S
20240427;100053;52.22;10;10217748097;S
20240427;100053;52.25;10;10217748103;B
20240427;100053;52.22;40;10217748118;S
20240427;100053;52.22;1800;10217748120;S
20240427;100054;52.22;1160;10217748157;S
20240427;100054;52.25;430;10217748176;B
20240427;100054;52.26;220;10217748177;B
20240427;100054;52.26;10;10217748193;B
20240427;100055;52.26;200;10217748317;B
20240427;100055;52.26;2000;10217748440;B
20240427;100055;52.25;2420;10217748481;S
20240427;100055;52.25;30;10217748488;S
20240427;100056;52.26;540;10217748500;B
20240427;100056;52.25;10;10217748502;S
20240427;100056;52.26;700;10217748607;B
20240427;100056;52.26;9610;10217748622;B
20240427;100056;52.28;1000;10217748623;B
20240427;100056;52.29;40;10217748624;B
20240427;100056;52.3;3000;10217748625;B
20240427;100056;52.32;1150;10217748626;B
20240427;100056;52.32;6890;10217748627;B
20240427;100056;52.33;970;10217748628;B
20240427;100056;52.34;1930;10217748629;B
20240427;100056;52.34;2880;10217748630;B
20240427;100056;52.34;100;10217748631;S
20240427;100056;52.35;100;10217748632;B
20240427;100057;52.34;1900;10217748685;S
20240427;100057;52.35;500;10217748689;B
20240427;100057;52.34;270;10217748690;S
20240427;100057;52.34;800;10217748691;S
20240427;100057;52.34;500;10217748700;S
20240427;100057;52.34;4080;10217748702;S
20240427;100057;52.34;100;10217748749;S
20240427;100058;52.35;170;10217748790;B
20240427;100058;52.35;90;10217748806;B
20240427;100058;52.35;950;10217748825;B
20240427;100059;52.35;1000;10217748906;B
20240427;100059;52.34;29780;10217748922;S
20240427;100059;52.34;50;10217748923;S
20240427;100059;52.34;1350;10217748924;S
20240427;100059;52.34;5640;10217748925;S
20240427;100059;52.34;610;10217748926;S
20240427;100059;52.34;6720;10217748929;B
20240427;100059;52.34;130;10217748950;B
20240427;100059;52.34;500;10217749043;B
20240427;100059;52.29;440;10217749044;S
20240427;100059;52.28;40;10217749045;S
20240427;100059;52.28;1350;10217749046;S
20240427;100059;52.28;170;10217749047;S
20240427;100059;52.33;440;10217749052;B
20240427;100059;52.34;9560;10217749053;B
20240427;100059;52.34;20;10217749062;B
20240427;100059;52.28;440;10217749063;S
20240427;100059;52.27;560;10217749064;S
20240427;100100;52.32;1000;10217749090;B
20240427;100100;52.33;30;10217749123;B
20240427;100100;52.32;100;10217749156;B
20240427;100100;52.33;410;10217749157;B
20240427;100100;52.33;1000;10217749158;B
20240427;100100;52.34;640;10217749159;B
20240427;100100;52.34;350;10217749160;B
20240427;100100;52.29;1000;10217749162;S
20240427;100100;52.28;1350;10217749163;S
20240427;100100;52.28;1000;10217749164;S
20240427;100100;52.28;440;10217749165;S
20240427;100100;52.28;1920;10217749166;S
20240427;100100;52.3;40;10217749224;B
20240427;100100;52.3;30;10217749227;B
20240427;100101;52.3;10;10217749332;B
20240427;100102;52.29;10;10217749388;S
20240427;100102;52.27;30;10217749389;S
20240427;100102;52.27;30;10217749401;S
20240427;100102;52.27;380;10217749426;S
20240427;100102;52.27;1000;10217749427;S
20240427;100102;52.27;520;10217749428;S
20240427;100102;52.27;180;10217749443;S
20240427;100102;52.26;570;10217749444;S
20240427;100103;52.26;430;10217749478;S
20240427;100103;52.26;440;10217749479;S
20240427;100103;52.26;100;10217749480;S
20240427;100103;52.25;1000;10217749481;S
20240427;100103;52.25;60;10217749482;S
20240427;100103;52.25;700;10217749483;S
20240427;100103;52.25;1000;10217749484;S
20240427;100103;52.25;50;10217749485;S
20240427;100103;52.24;1000;10217749486;S
20240427;100103;52.24;1000;10217749487;S
20240427;100103;52.24;4220;10217749488;S
20240427;100103;52.27;50;10217749538;B
20240427;100103;52.23;30;10217749551;S
20240427;100103;52.27;50;10217749603;B
20240427;100103;52.28;440;10217749604;B
20240427;100103;52.28;1350;10217749605;B
20240427;100103;52.28;100;10217749606;B
20240427;100104;52.27;1040;10217749645;B
20240427;100104;52.27;100;10217749646;B
20240427;100104;52.28;1350;10217749647;B
20240427;100104;52.28;500;10217749648;B
20240427;100104;52.28;1000;10217749649;B
20240427;100104;52.29;1000;10217749650;B
20240427;100104;52.29;2500;10217749651;B
20240427;100104;52.29;440;10217749652;B
20240427;100104;52.3;70;10217749653;B
20240427;100104;52.24;100;10217749683;S
20240427;100104;52.28;950;10217749706;B
20240427;100104;52.24;340;10217749707;S
20240427;100104;52.23;1460;10217749708;S
20240427;100104;52.23;10;10217749736;S
20240427;100105;52.23;5230;10217749884;S
20240427;100105;52.26;960;10217749897;B
20240427;100105;52.26;2500;10217749933;B
20240427;100105;52.26;500;10217749934;B
20240427;100106;52.23;150;10217749973;S
20240427;100106;52.22;830;10217749974;S
20240427;100106;52.23;130;10217750031;S
20240427;100107;52.23;20;10217750050;S
20240427;100107;52.23;100;10217750107;S
20240427;100108;52.22;10;10217750257;S
20240427;100108;52.22;710;10217750346;S
20240427;100109;52.24;1350;10217750364;B
20240427;100109;52.25;100;10217750365;B
20240427;100109;52.25;3390;10217750366;B
20240427;100109;52.25;10;10217750374;B
20240427;100109;52.22;380;10217750419;S
20240427;100109;52.23;10;10217750442;S
20240427;100109;52.22;4770;10217750443;S
20240427;100110;52.22;40;10217750516;S
20240427;100110;52.24;1000;10217750536;B
20240427;100110;52.25;600;10217750537;B
20240427;100110;52.26;440;10217750538;B
20240427;100110;52.26;1350;10217750539;B
20240427;100110;52.26;610;10217750540;B
20240427;100110;52.22;30;10217750549;S
20240427;100110;52.22;30;10217750564;S
20240427;100112;52.22;750;10217750798;S
20240427;100112;52.22;50;10217750799;S
20240427;100115;52.24;960;10217751113;B
20240427;100115;52.25;500;10217751114;B
20240427;100115;52.25;440;10217751115;B
20240427;100116;52.25;60;10217751241;B
20240427;100116;52.23;100;10217751286;S
20240427;100116;52.22;450;10217751287;S
20240427;100116;52.21;10;10217751288;S
20240427;100116;52.21;440;10217751289;S
20240427;100116;52.21;10;10217751355;S
20240427;100116;52.21;100;10217751362;S
20240427;100118;52.25;2000;10217751514;B
20240427;100118;52.25;30;10217751515;B
20240427;100118;52.21;10;10217751545;S
20240427;100119;52.23;1350;10217751692;S
20240427;100119;52.22;2150;10217751693;S
20240427;100120;52.22;420;10217751761;S
20240427;100120;52.24;10;10217751855;B
20240427;100120;52.24;90;10217751856;B
20240427;100121;52.24;150;10217751980;B
20240427;100121;52.24;260;10217751995;B
20240427;100121;52.25;470;10217751996;B
20240427;100121;52.25;30;10217751997;B
20240427;100121;52.26;240;10217751998;B
20240427;100122;52.23;10;10217752116;S
20240427;100122;52.22;6990;10217752117;S
20240427;100122;52.22;440;10217752118;S
20240427;100122;52.22;410;10217752119;S
20240427;100123;52.22;50;10217752133;S
20240427;100123;52.24;50;10217752145;B
20240427;100123;52.22;540;10217752147;S
20240427;100123;52.21;10;10217752148;S
20240427;100123;52.2;350;10217752149;S
20240427;100123;52.24;150;10217752227;B
20240427;100124;52.24;2300;10217752253;B
20240427;100124;52.27;10;10217752310;B
20240427;100125;52.26;20;10217752380;S
20240427;100127;52.26;10;10217752537;S
20240427;100127;52.27;1990;10217752548;B
20240427;100127;52.27;1010;10217752549;B
20240427;100128;52.26;500;10217752599;S
20240427;100129;52.26;820;10217752679;S
20240427;100129;52.26;100;10217752680;S
20240427;100129;52.26;100;10217752681;S
20240427;100129;52.26;60;10217752682;S
20240427;100129;52.25;2350;10217752683;S
20240427;100129;52.27;100;10217752727;B
20240427;100129;52.27;100;10217752756;B
20240427;100130;52.27;10;10217752876;B
20240427;100131;52.26;200;10217752994;S
20240427;100131;52.27;100;10217753003;B
20240427;100132;52.26;250;10217753092;S
20240427;100132;52.27;100;10217753096;B
20240427;100132;52.27;100;10217753107;B
20240427;100133;52.27;10;10217753123;B
20240427;100133;52.27;10;10217753159;B
20240427;100134;52.27;200;10217753262;B
20240427;100135;52.27;10;10217753381;B
20240427;100135;52.27;50;10217753409;B
20240427;100136;52.26;2750;10217753479;S
20240427;100136;52.25;2250;10217753480;S
20240427;100138;52.27;100;10217753688;B
20240427;100139;52.26;1350;10217753769;S
20240427;100139;52.26;2500;10217753770;S
20240427;100139;52.26;6150;10217753771;S
20240427;100139;52.27;100;10217753810;B
20240427;100139;52.27;1000;10217753811;B
20240427;100139;52.27;500;10217753812;B
20240427;100139;52.28;10;10217753813;B
20240427;100139;52.28;1000;10217753814;B
20240427;100139;52.28;30;10217753815;B
20240427;100139;52.28;1000;10217753816;B
20240427;100139;52.29;600;10217753834;B
20240427;100139;52.29;600;10217753835;B
20240427;100139;52.29;1000;10217753836;B
20240427;100139;52.3;350;10217753837;B
20240427;100139;52.3;2450;10217753838;B
20240427;100139;52.3;2500;10217753866;B
20240427;100140;52.3;420;10217753938;B
20240427;100140;52.3;2500;10217753967;B
20240427;100140;52.3;2130;10217753990;B
20240427;100140;52.3;370;10217753991;B
20240427;100140;52.3;1630;10217754000;B
20240427;100140;52.3;1400;10217754001;B
20240427;100140;52.31;1000;10217754002;B
20240427;100140;52.31;970;10217754003;B
20240427;100140;52.31;1530;10217754026;B
20240427;100140;52.32;970;10217754027;B
20240427;100140;52.33;600;10217754210;B
20240427;100141;52.31;600;10217754225;S
20240427;100141;52.31;1000;10217754226;S
20240427;100141;52.3;10;10217754227;S
20240427;100141;52.3;200;10217754228;S
20240427;100141;52.3;190;10217754247;B
20240427;100141;52.33;400;10217754248;B
20240427;100141;52.33;70;10217754249;B
20240427;100141;52.33;3830;10217754250;B
20240427;100141;52.33;510;10217754251;B
20240427;100141;52.32;10;10217754261;S
20240427;100141;52.32;90;10217754285;S
20240427;100141;52.32;500;10217754286;S
20240427;100141;52.3;100;10217754287;S
20240427;100141;52.29;100;10217754288;S
20240427;100141;52.29;50;10217754289;S
20240427;100141;52.29;510;10217754290;S
20240427;100141;52.33;10;10217754291;B
20240427;100141;52.32;1040;10217754294;S
20240427;100141;52.29;840;10217754295;S
20240427;100141;52.28;440;10217754296;S
20240427;100141;52.28;1000;10217754297;S
20240427;100141;52.28;2500;10217754298;S
20240427;100141;52.27;1000;10217754299;S
20240427;100141;52.27;1000;10217754300;S
20240427;100141;52.27;220;10217754301;S
20240427;100142;52.31;500;10217754361;B
20240427;100142;52.32;440;10217754362;B
20240427;100142;52.33;60;10217754363;B
20240427;100142;52.32;500;10217754378;B
20240427;100142;52.33;1130;10217754379;B
20240427;100143;52.29;200;10217754455;B
20240427;100143;52.29;1000;10217754464;B
20240427;100143;52.33;3000;10217754465;B
20240427;100143;52.32;10;10217754479;B
20240427;100144;52.3;100;10217754537;S
20240427;100144;52.3;400;10217754538;S
20240427;100144;52.29;200;10217754545;B
20240427;100145;52.28;500;10217754662;S
20240427;100145;52.28;500;10217754674;S
20240427;100145;52.29;100;10217754681;B
20240427;100145;52.28;10;10217754689;S
20240427;100146;52.28;50;10217754757;S
20240427;100146;52.28;80;10217754758;S
20240427;100146;52.29;80;10217754774;B
20240427;100146;52.28;600;10217754779;S
20240427;100147;52.28;50;10217754843;S
20240427;100148;52.29;190;10217754936;B
20240427;100149;52.29;100;10217755239;B
20240427;100150;52.28;250;10217755340;S
20240427;100150;52.29;130;10217755363;B
20240427;100150;52.29;370;10217755364;S
20240427;100150;52.29;1350;10217755365;S
20240427;100150;52.28;20;10217755366;S
20240427;100150;52.28;1000;10217755367;S
20240427;100150;52.28;1000;10217755368;S
20240427;100150;52.28;6750;10217755369;S
20240427;100150;52.28;150;10217755370;S
20240427;100150;52.28;1000;10217755371;S
20240427;100150;52.28;20;10217755372;S
20240427;100150;52.28;10;10217755373;S
20240427;100150;52.27;2500;10217755374;S
20240427;100150;52.27;2200;10217755375;S
20240427;100150;52.27;440;10217755376;S
20240427;100150;52.27;200;10217755377;S
20240427;100150;52.27;100;10217755378;S
20240427;100150;52.27;2890;10217755379;S
20240427;100151;52.27;2610;10217755431;S
20240427;100151;52.26;2390;10217755432;S
20240427;100151;52.26;110;10217755460;S
20240427;100151;52.26;890;10217755461;S
20240427;100151;52.25;2000;10217755561;S
20240427;100151;52.25;1100;10217755570;S
20240427;100151;52.25;10;10217755571;S
20240427;100151;52.25;28890;10217755572;S
20240427;100152;52.26;100;10217755599;B
20240427;100152;52.25;10000;10217755633;S
20240427;100152;52.25;350;10217755634;S
20240427;100152;52.26;100;10217755638;B
20240427;100152;52.25;10000;10217755640;S
20240427;100152;52.25;10;10217755647;S
20240427;100152;52.25;2000;10217755648;S
20240427;100152;52.25;8640;10217755650;S
20240427;100152;52.25;5000;10217755652;S
20240427;100152;52.25;600;10217755654;S
20240427;100152;52.25;1000;10217755655;S
20240427;100152;52.25;15000;10217755677;S
20240427;100152;52.25;50;10217755691;S
20240427;100152;52.25;600;10217755693;S
20240427;100152;52.25;200;10217755694;S
20240427;100152;52.26;100;10217755696;B
20240427;100152;52.25;350;10217755698;S
20240427;100152;52.25;100;10217755712;S
20240427;100152;52.25;50;10217755721;S
20240427;100152;52.26;80;10217755731;B
20240427;100153;52.25;220;10217755760;S
20240427;100153;52.26;970;10217755766;B
20240427;100153;52.26;3690;10217755767;B
20240427;100153;52.26;1800;10217755768;B
20240427;100153;52.26;100;10217755769;B
20240427;100153;52.26;2200;10217755770;B
20240427;100153;52.26;50;10217755771;B
20240427;100153;52.27;200;10217755772;B
20240427;100153;52.27;100;10217755773;B
20240427;100153;52.27;1000;10217755774;B
20240427;100153;52.28;1000;10217755775;B
20240427;100153;52.28;2500;10217755776;B
20240427;100153;52.28;1390;10217755777;B
20240427;100153;52.27;100;10217755778;B
20240427;100153;52.25;50;10217755796;S
20240427;100153;52.26;20;10217755925;B
20240427;100153;52.26;2000;10217755926;B
20240427;100153;52.27;2400;10217755931;B
20240427;100153;52.27;1350;10217755932;B
20240427;100153;52.28;2250;10217755933;B
20240427;100154;52.26;980;10217756023;S
20240427;100154;52.25;16890;10217756024;S
20240427;100154;52.25;10;10217756025;S
20240427;100154;52.25;10;10217756026;S
20240427;100154;52.25;1000;10217756027;S
20240427;100154;52.24;10;10217756028;S
20240427;100154;52.23;10;10217756029;S
20240427;100154;52.23;2000;10217756030;S
20240427;100154;52.23;1000;10217756031;S
20240427;100154;52.22;1000;10217756032;S
20240427;100154;52.22;10;10217756033;S
20240427;100154;52.22;440;10217756034;S
20240427;100154;52.22;1350;10217756035;S
20240427;100154;52.21;1000;10217756036;S
20240427;100154;52.21;2330;10217756037;S
20240427;100154;52.21;20;10217756076;S
20240427;100154;52.21;990;10217756082;S
20240427;100154;52.21;1500;10217756083;S
20240427;100154;52.21;1000;10217756084;S
20240427;100154;52.2;650;10217756085;S
20240427;100154;52.2;300;10217756086;S
20240427;100154;52.2;1000;10217756087;S
20240427;100154;52.2;1500;10217756088;S
20240427;100154;52.2;10;10217756089;S
20240427;100154;52.2;220;10217756090;S
20240427;100154;52.19;1000;10217756091;S
20240427;100154;52.19;300;10217756092;S
20240427;100154;52.19;10;10217756093;S
20240427;100154;52.19;6520;10217756094;S
20240427;100154;52.19;440;10217756095;S
20240427;100154;52.19;60;10217756096;S
20240427;100154;52.19;100;10217756097;S
20240427;100155;52.21;450;10217756103;B
20240427;100155;52.21;150;10217756131;S
20240427;100155;52.17;1000;10217756132;S
20240427;100155;52.17;480;10217756133;S
20240427;100155;52.16;1000;10217756134;S
20240427;100155;52.16;500;10217756135;S
20240427;100155;52.16;6000;10217756136;S
20240427;100155;52.15;10;10217756137;S
20240427;100155;52.15;1000;10217756138;S
20240427;100155;52.15;3260;10217756139;S
20240427;100155;52.19;440;10217756160;B
20240427;100155;52.2;1350;10217756161;B
20240427;100155;52.2;1000;10217756162;B
20240427;100155;52.21;1000;10217756163;B
20240427;100155;52.22;1000;10217756164;B
20240427;100155;52.22;2500;10217756165;B
20240427;100155;52.22;700;10217756166;B
20240427;100155;52.23;1000;10217756167;B
20240427;100155;52.23;6010;10217756168;B
20240427;100155;52.2;100;10217756190;B
20240427;100157;52.18;500;10217756359;S
20240427;100157;52.16;100;10217756360;S
20240427;100157;52.16;900;10217756374;S
20240427;100157;52.15;100;10217756375;S
20240427;100158;52.19;180;10217756450;B
20240427;100158;52.16;10;10217756471;S
20240427;100158;52.16;990;10217756473;S
20240427;100158;52.15;900;10217756474;S
20240427;100158;52.15;700;10217756475;S
20240427;100158;52.15;680;10217756476;S
20240427;100158;52.14;1000;10217756477;S
20240427;100158;52.14;6890;10217756478;S
20240427;100158;52.13;10;10217756479;S
20240427;100158;52.13;1000;10217756480;S
20240427;100158;52.13;5000;10217756481;S
20240427;100158;52.13;4000;10217756482;S
20240427;100158;52.13;1800;10217756483;S
20240427;100158;52.12;1000;10217756484;S
20240427;100158;52.12;10;10217756485;S
20240427;100158;52.12;1000;10217756486;S
20240427;100158;52.12;1000;10217756487;S
20240427;100158;52.11;4020;10217756488;S
20240427;100158;52.12;160;10217756491;S
20240427;100158;52.12;10;10217756521;S
20240427;100158;52.16;10;10217756524;B
20240427;100158;52.13;40;10217756548;S
20240427;100159;52.13;1200;10217756558;S
20240427;100159;52.13;700;10217756559;S
20240427;100159;52.16;420;10217756561;B
20240427;100159;52.16;50;10217756562;B
20240427;100159;52.17;10;10217756563;B
20240427;100159;52.17;1350;10217756564;B
20240427;100159;52.17;1000;10217756565;B
20240427;100159;52.18;1000;10217756566;B
20240427;100159;52.18;1430;10217756567;B
20240427;100159;52.13;460;10217756642;S
20240427;100159;52.13;1000;10217756643;S
20240427;100159;52.12;260;10217756644;S
20240427;100159;52.12;570;10217756647;S
20240427;100159;52.12;3070;10217756648;S
20240427;100159;52.15;10;10217756652;B
20240427;100200;52.12;3820;10217756674;S
20240427;100200;52.12;1000;10217756675;S
20240427;100200;52.12;180;10217756676;S
20240427;100200;52.15;1000;10217756745;B
20240427;100200;52.16;1500;10217756746;B
20240427;100200;52.14;500;10217756788;S
20240427;100200;52.14;110;10217756789;S
20240427;100200;52.13;1350;10217756790;S
20240427;100200;52.13;2500;10217756791;S
20240427;100200;52.12;560;10217756792;S
20240427;100200;52.13;1350;10217756797;S
20240427;100200;52.12;260;10217756798;S
20240427;100200;52.12;1000;10217756799;S
20240427;100200;52.12;3000;10217756800;S
20240427;100200;52.12;1000;10217756801;S
20240427;100200;52.11;16390;10217756802;S
20240427;100201;52.14;10;10217756947;B
20240427;100204;52.13;100;10217757287;S
20240427;100204;52.13;1350;10217757288;S
20240427;100204;52.13;110;10217757289;S
20240427;100206;52.12;2200;10217757452;S
20240427;100206;52.12;1800;10217757453;S
20240427;100206;52.12;520;10217757472;S
20240427;100206;52.12;1350;10217757513;B
20240427;100206;52.12;50;10217757514;B
20240427;100207;52.12;900;10217757515;S
20240427;100207;52.12;100;10217757517;S
20240427;100208;52.13;600;10217757650;B
20240427;100208;52.13;10;10217757710;B
20240427;100210;52.13;2830;10217757851;B
20240427;100210;52.13;1000;10217757852;B
20240427;100210;52.13;2080;10217757853;B
20240427;100210;52.14;10;10217757854;B
20240427;100210;52.14;1000;10217757855;B
20240427;100210;52.14;500;10217757856;B
20240427;100210;52.15;1000;10217757857;B
20240427;100210;52.15;100;10217757858;B
20240427;100210;52.16;400;10217757859;B
20240427;100210;52.16;1000;10217757860;B
20240427;100210;52.16;40;10217757861;B
20240427;100210;52.16;40;10217757862;B
20240427;100210;52.15;70;10217757868;B
20240427;100212;52.15;10;10217758046;S
20240427;100212;52.16;50;10217758189;B
20240427;100213;52.16;100;10217758247;B
20240427;100213;52.15;150;10217758271;S
20240427;100213;52.13;1350;10217758272;S
20240427;100213;52.13;500;10217758273;S
20240427;100214;52.13;2000;10217758316;S
20240427;100214;52.12;600;10217758317;S
20240427;100214;52.12;480;10217758318;S
20240427;100214;52.12;490;10217758319;S
20240427;100214;52.12;880;10217758320;S
20240427;100214;52.12;1550;10217758321;S
20240427;100215;52.12;5350;10217758466;S
20240427;100215;52.12;4650;10217758467;S
20240427;100215;52.12;10;10217758474;S
20240427;100219;52.12;2770;10217758866;S
20240427;100219;52.12;130;10217758869;S
20240427;100219;52.12;100;10217758872;S
20240427;100221;52.13;50;10217759013;B
20240427;100221;52.13;50;10217759014;B
20240427;100221;52.14;400;10217759015;B
20240427;100222;52.13;50;10217759163;B
20240427;100222;52.13;50;10217759164;B
20240427;100222;52.14;100;10217759165;B
20240427;100223;52.12;7340;10217759275;S
20240427;100223;52.12;60;10217759276;S
20240427;100223;52.11;150;10217759277;S
20240427;100223;52.11;320;10217759278;S
20240427;100223;52.1;10;10217759279;S
20240427;100223;52.1;10;10217759280;S
20240427;100223;52.1;10;10217759281;S
20240427;100223;52.1;10;10217759282;S
20240427;100223;52.1;1000;10217759283;S
20240427;100223;52.1;1090;10217759284;S
20240427;100225;52.12;50;10217759406;B
20240427;100225;52.13;50;10217759407;B
20240427;100225;52.13;1350;10217759408;B
20240427;100225;52.14;500;10217759409;B
20240427;100225;52.14;100;10217759410;B
20240427;100225;52.14;100;10217759411;B
20240427;100225;52.14;190;10217759412;B
20240427;100225;52.14;490;10217759413;B
20240427;100225;52.14;1000;10217759414;B
20240427;100225;52.14;10;10217759418;S
20240427;100226;52.14;90;10217759486;S
20240427;100226;52.15;1000;10217759512;B
20240427;100226;52.15;300;10217759513;B
20240427;100226;52.16;310;10217759514;B
20240427;100226;52.16;1000;10217759515;B
20240427;100226;52.16;10;10217759516;B
20240427;100226;52.16;1000;10217759517;B
20240427;100226;52.16;1000;10217759518;B
20240427;100226;52.16;1350;10217759519;B
20240427;100226;52.17;1000;10217759520;B
20240427;100226;52.17;100;10217759521;B
20240427;100226;52.17;100;10217759522;B
20240427;100226;52.17;3130;10217759523;B
20240427;100226;52.14;1070;10217759641;S
20240427;100226;52.13;480;10217759642;S
20240427;100226;52.12;1350;10217759643;S
20240427;100226;52.12;1000;10217759644;S
20240427;100226;52.11;950;10217759645;S
20240427;100226;52.16;100;10217759647;B
20240427;100227;52.11;10;10217759656;S
20240427;100227;52.12;300;10217759717;B
20240427;100227;52.12;100;10217759760;B
20240427;100229;52.12;100;10217759878;B
20240427;100229;52.12;100;10217759910;S
20240427;100229;52.1;20;10217759911;S
20240427;100230;52.11;600;10217759985;S
20240427;100230;52.1;5400;10217759986;S
20240427;100233;52.1;20;10217760212;S
20240427;100233;52.12;110;10217760256;B
20240427;100233;52.12;2500;10217760257;B
20240427;100233;52.13;1350;10217760258;B
20240427;100233;52.13;6040;10217760259;B
20240427;100233;52.11;10;10217760321;B
20240427;100234;52.1;70;10217760346;S
20240427;100234;52.1;50;10217760385;S
20240427;100234;52.11;90;10217760394;B
20240427;100234;52.13;1020;10217760395;B
20240427;100238;52.11;10;10217760735;S
20240427;100239;52.11;80;10217760806;S
20240427;100239;52.1;1020;10217760807;S
20240427;100239;52.1;240;10217760808;S
20240427;100239;52.09;1350;10217760809;S
20240427;100239;52.09;1000;10217760810;S
20240427;100239;52.09;2500;10217760811;S
20240427;100239;52.08;1000;10217760812;S
20240427;100239;52.08;5000;10217760813;S
20240427;100239;52.08;40;10217760814;S
20240427;100239;52.08;1440;10217760815;S
20240427;100239;52.07;1000;10217760816;S
20240427;100239;52.07;1000;10217760817;S
20240427;100239;52.07;1110;10217760818;S
20240427;100239;52.06;100;10217760819;S
20240427;100239;52.06;1000;10217760820;S
20240427;100239;52.06;480;10217760821;S
20240427;100239;52.06;1000;10217760822;S
20240427;100239;52.06;2500;10217760823;S
20240427;100239;52.05;10;10217760824;S
20240427;100239;52.05;1000;10217760825;S
20240427;100239;52.05;6900;10217760826;S
20240427;100239;52.05;130;10217760827;S
20240427;100239;52.05;2000;10217760828;S
20240427;100239;52.04;1500;10217760829;S
20240427;100239;52.04;1500;10217760830;S
20240427;100239;52.04;20;10217760831;S
20240427;100239;52.04;1000;10217760832;S
20240427;100239;52.04;10;10217760833;S
20240427;100239;52.03;20;10217760834;S
20240427;100239;52.03;1000;10217760835;S
20240427;100239;52.03;10000;10217760836;S
20240427;100239;52.03;10000;10217760837;S
20240427;100239;52.02;6400;10217760838;S
20240427;100239;52.02;920;10217760839;S
20240427;100239;52.02;200;10217760840;S
20240427;100239;52.02;1000;10217760841;S
20240427;100239;52.01;80;10217760842;S
20240427;100239;52.01;1000;10217760843;S
20240427;100239;52.01;5320;10217760844;S
20240427;100239;52.01;20;10217760845;S
20240427;100239;52;1110;10217760846;S
20240427;100239;52;30;10217760847;S
20240427;100239;52;10;10217760848;S
20240427;100239;52;20;10217760849;S
20240427;100239;52;1000;10217760850;S
20240427;100239;52;4830;10217760851;S
20240427;100239;52;50;10217760852;S
20240427;100239;52;100;10217760853;S
20240427;100239;52;60;10217760854;S
20240427;100239;52;100;10217760855;S
20240427;100239;52;500;10217760856;S
20240427;100239;52;1000;10217760857;S
20240427;100239;52;1350;10217760858;S
20240427;100239;51.99;4800;10217760859;S
20240427;100239;51.99;720;10217760860;S
20240427;100239;51.99;100;10217760861;S
20240427;100239;51.99;1000;10217760862;S
20240427;100239;51.98;640;10217760863;S
20240427;100239;52.04;1200;10217760864;B
20240427;100239;52.06;100;10217760872;S
20240427;100239;52.06;1000;10217760885;S
20240427;100239;52.03;200;10217760886;S
20240427;100239;52.03;2660;10217760887;S
20240427;100239;52.02;1170;10217760888;S
20240427;100239;51.99;5640;10217760889;S
20240427;100239;51.99;200;10217760894;S
20240427;100239;51.99;200;10217760899;S
20240427;100239;51.99;10;10217760901;S
20240427;100240;52;1160;10217760954;B
20240427;100240;52;720;10217760955;B
20240427;100240;51.99;1000;10217760968;S
20240427;100240;51.99;1350;10217760972;S
20240427;100240;51.98;6920;10217760973;S
20240427;100240;51.97;350;10217760974;S
20240427;100240;51.97;220;10217760975;S
20240427;100240;51.97;520;10217760976;S
20240427;100240;51.96;10;10217760977;S
20240427;100240;51.96;300;10217760978;S
20240427;100240;51.96;40;10217760979;S
20240427;100240;51.96;500;10217760980;S
20240427;100240;51.96;200;10217760981;S
20240427;100240;51.96;1000;10217760982;S
20240427;100240;51.95;4590;10217760983;S
20240427;100240;52;10;10217760991;B
20240427;100240;51.97;1350;10217761009;S
20240427;100240;51.97;2500;10217761010;S
20240427;100240;51.96;6920;10217761011;S
20240427;100240;51.95;2160;10217761012;S
20240427;100240;51.95;10;10217761013;S
20240427;100240;51.94;1000;10217761014;S
20240427;100240;51.94;1520;10217761015;S
20240427;100240;51.93;200;10217761016;S
20240427;100240;51.93;340;10217761017;S
20240427;100241;51.98;540;10217761020;B
20240427;100241;51.98;1000;10217761021;B
20240427;100241;51.99;1000;10217761022;B
20240427;100241;51.99;1460;10217761026;S
20240427;100241;51.95;40;10217761027;S
20240427;100241;51.94;20;10217761029;S
20240427;100241;51.94;1000;10217761035;S
20240427;100241;51.94;50;10217761038;S
20240427;100241;51.94;800;10217761044;S
20240427;100241;51.94;4000;10217761090;S
20240427;100241;51.94;350;10217761100;S
20240427;100241;51.94;700;10217761103;S
20240427;100241;51.94;1350;10217761104;S
20240427;100241;51.94;1950;10217761105;S
20240427;100241;51.95;2500;10217761125;S
20240427;100241;51.94;6920;10217761126;S
20240427;100241;51.94;500;10217761127;S
20240427;100241;51.94;200;10217761129;B
20240427;100241;51.94;500;10217761130;B
20240427;100241;51.94;800;10217761131;B
20240427;100242;51.94;1000;10217761147;B
20240427;100242;51.94;400;10217761157;B
20240427;100242;51.93;50;10217761158;S
20240427;100242;51.93;250;10217761159;S
20240427;100242;51.93;40;10217761161;S
20240427;100242;51.93;20;10217761168;S
20240427;100242;51.94;10120;10217761198;B
20240427;100242;51.94;500;10217761199;B
20240427;100242;51.95;1000;10217761200;B
20240427;100242;51.95;1780;10217761201;B
20240427;100242;51.92;320;10217761203;S
20240427;100242;51.92;500;10217761204;S
20240427;100242;51.92;1000;10217761205;S
20240427;100242;51.92;1350;10217761206;S
20240427;100242;51.91;100;10217761207;S
20240427;100242;51.91;20;10217761208;S
20240427;100242;51.91;2000;10217761209;S
20240427;100242;51.91;720;10217761210;S
20240427;100242;51.95;10;10217761222;B
20240427;100243;51.95;210;10217761231;B
20240427;100243;51.96;1000;10217761232;B
20240427;100243;51.98;10;10217761258;B
20240427;100243;51.96;140;10217761266;S
20240427;100243;51.97;500;10217761267;S
20240427;100243;51.96;150;10217761273;S
20240427;100243;51.93;1000;10217761281;S
20240427;100243;51.92;540;10217761282;S
20240427;100243;51.92;1000;10217761283;S
20240427;100243;51.92;200;10217761284;S
20240427;100243;51.92;210;10217761285;S
20240427;100243;51.91;280;10217761286;S
20240427;100243;51.91;50;10217761287;S
20240427;100243;51.91;1000;10217761288;S
20240427;100243;51.91;120;10217761289;S
20240427;100243;51.91;2500;10217761290;S
20240427;100243;51.91;1350;10217761291;S
20240427;100243;51.9;670;10217761292;S
20240427;100243;51.9;870;10217761293;S
20240427;100243;51.9;10;10217761294;S
20240427;100243;51.9;1000;10217761295;S
20240427;100243;51.9;1100;10217761296;S
20240427;100243;51.9;1110;10217761297;S
20240427;100243;51.9;2400;10217761298;S
20240427;100243;51.9;3840;10217761299;S
20240427;100243;51.9;30;10217761300;S
20240427;100243;51.9;60;10217761301;S
20240427;100243;51.9;5010;10217761304;S
20240427;100243;51.94;500;10217761305;B
20240427;100243;51.9;3480;10217761321;S
20240427;100243;51.94;50;10217761334;B
20240427;100243;51.95;1350;10217761335;B
20240427;100243;51.95;100;10217761336;B
20240427;100243;51.91;200;10217761351;S
20240427;100244;51.92;250;10217761366;S
20240427;100244;51.91;320;10217761367;S
20240427;100244;51.91;10;10217761368;S
20240427;100244;51.91;1000;10217761396;S
20240427;100244;51.9;900;10217761397;S
20240427;100244;51.9;5000;10217761405;S
20240427;100244;51.9;10;10217761406;S
20240427;100244;51.9;20;10217761415;S
20240427;100244;51.95;40;10217761416;B
20240427;100244;51.95;160;10217761417;B
20240427;100244;51.92;1000;10217761434;S
20240427;100244;51.92;1000;10217761449;S
20240427;100244;51.91;500;10217761450;S
20240427;100244;51.9;11640;10217761451;S
20240427;100244;51.9;550;10217761452;S
20240427;100244;51.9;10;10217761453;S
20240427;100244;51.9;5000;10217761454;S
20240427;100244;51.9;1000;10217761455;S
20240427;100244;51.9;1100;10217761456;B
20240427;100244;51.9;1000;10217761457;B
20240427;100244;51.9;1000;10217761458;B
20240427;100244;51.9;900;10217761459;B
20240427;100244;51.9;100;10217761460;B
20240427;100244;51.9;500;10217761461;B
20240427;100244;51.9;1300;10217761462;B
20240427;100244;51.9;100;10217761463;B
20240427;100244;51.89;100;10217761469;S
20240427;100244;51.9;1000;10217761475;B
20240427;100244;51.9;10;10217761476;B
20240427;100244;51.9;10;10217761477;B
20240427;100245;51.9;10;10217761492;B
20240427;100245;51.9;1000;10217761493;B
20240427;100245;51.9;600;10217761503;B
20240427;100245;51.9;1110;10217761514;B
20240427;100245;51.89;10;10217761550;S
20240427;100245;51.9;30;10217761551;B
20240427;100246;51.89;850;10217761573;S
20240427;100246;51.89;60;10217761574;S
20240427;100246;51.88;20;10217761575;S
20240427;100246;51.88;2000;10217761576;S
20240427;100246;51.88;90;10217761577;S
20240427;100246;51.88;40;10217761578;S
20240427;100246;51.88;820;10217761579;S
20240427;100246;51.89;80;10217761582;B
20240427;100246;51.88;10;10217761599;S
20240427;100246;51.88;170;10217761616;S
20240427;100246;51.88;20;10217761617;S
20240427;100246;51.87;1350;10217761618;S
20240427;100246;51.87;2500;10217761619;S
20240427;100246;51.87;240;10217761620;S
20240427;100246;51.86;7790;10217761621;S
20240427;100246;51.86;12930;10217761622;S
20240427;100246;51.87;180;10217761629;S
20240427;100247;51.88;500;10217761647;S
20240427;100247;51.87;360;10217761648;S
20240427;100247;51.87;2500;10217761649;S
20240427;100247;51.86;1640;10217761650;S
20240427;100247;51.87;1350;10217761651;S
20240427;100247;51.86;1150;10217761652;S
20240427;100247;51.87;1350;10217761653;S
20240427;100247;51.86;1150;10217761654;S
20240427;100247;51.89;250;10217761656;B
20240427;100247;51.88;50;10217761687;B
20240427;100247;51.88;650;10217761688;B
20240427;100247;51.88;170;10217761690;B
20240427;100247;51.88;180;10217761693;B
20240427;100247;51.89;670;10217761696;B
20240427;100247;51.89;3500;10217761697;B
20240427;100247;51.9;6830;10217761698;B
20240427;100247;51.88;40;10217761715;S
20240427;100248;51.89;1000;10217761742;B
20240427;100248;51.89;400;10217761751;S
20240427;100249;51.9;2000;10217761821;B
20240427;100249;51.9;100;10217761845;B
20240427;100249;51.9;500;10217761870;B
20240427;100249;51.9;11110;10217761873;B
20240427;100249;51.91;1000;10217761874;B
20240427;100249;51.92;1000;10217761875;B
20240427;100249;51.92;1360;10217761876;B
20240427;100249;51.92;550;10217761877;B
20240427;100249;51.93;1000;10217761878;B
20240427;100249;51.94;1000;10217761879;B
20240427;100249;51.95;1000;10217761880;B
20240427;100249;51.95;1980;10217761881;B
20240427;100249;51.92;110;10217761883;S
20240427;100249;51.92;1000;10217761886;S
20240427;100249;51.95;20;10217761903;B
20240427;100249;51.95;980;10217761905;B
20240427;100249;51.96;20;10217761906;B
20240427;100250;51.94;50;10217761935;S
20240427;100250;51.95;10;10217761942;S
20240427;100250;51.94;2490;10217761943;S
20240427;100250;51.96;130;10217761975;B
20240427;100250;51.96;370;10217761976;B
20240427;100251;51.95;10;10217762022;S
20240427;100251;51.94;1460;10217762023;S
20240427;100251;51.93;1780;10217762024;S
20240427;100251;51.92;1350;10217762025;S
20240427;100251;51.92;400;10217762026;S
20240427;100251;51.94;500;10217762061;S
20240427;100251;51.93;500;10217762062;S
20240427;100252;51.95;2000;10217762123;S
20240427;100252;51.93;850;10217762124;S
20240427;100252;51.93;2150;10217762125;S
20240427;100252;51.93;50;10217762181;S
20240427;100252;51.93;1300;10217762219;S
20240427;100252;51.93;1170;10217762220;S
20240427;100253;51.95;400;10217762281;B
20240427;100253;51.94;50;10217762301;S
20240427;100253;51.94;10;10217762339;S
20240427;100253;51.94;240;10217762344;S
20240427;100253;51.93;1330;10217762345;S
20240427;100253;51.93;1350;10217762346;S
20240427;100253;51.93;1730;10217762347;S
20240427;100253;51.93;270;10217762348;S
20240427;100253;51.92;730;10217762349;S
20240427;100254;51.93;2500;10217762403;S
20240427;100254;51.93;1350;10217762404;S
20240427;100254;51.92;2870;10217762405;S
20240427;100254;51.92;2000;10217762406;S
20240427;100254;51.92;60;10217762407;S
20240427;100254;51.92;1000;10217762408;S
20240427;100254;51.91;550;10217762409;S
20240427;100254;51.91;1000;10217762410;S
20240427;100254;51.91;1800;10217762411;S
20240427;100254;51.91;4000;10217762412;S
20240427;100254;51.91;500;10217762413;S
20240427;100254;51.91;2500;10217762414;S
20240427;100254;51.91;1110;10217762415;S
20240427;100254;51.9;1000;10217762416;S
20240427;100254;51.9;500;10217762417;S
20240427;100254;51.9;500;10217762418;S
20240427;100254;51.9;6000;10217762419;S
20240427;100254;51.89;2000;10217762420;S
20240427;100254;51.89;500;10217762421;S
20240427;100254;51.89;10;10217762422;S
20240427;100254;51.89;1000;10217762423;S
20240427;100254;51.89;4000;10217762424;S
20240427;100254;51.88;4780;10217762425;S
20240427;100254;51.88;2000;10217762426;S
20240427;100254;51.88;12720;10217762427;S
20240427;100254;51.88;1000;10217762428;S
20240427;100254;51.88;1000;10217762429;S
20240427;100254;51.88;50;10217762430;S
20240427;100254;51.87;1000;10217762431;S
20240427;100254;51.87;2000;10217762432;S
20240427;100254;51.87;1000;10217762433;S
20240427;100254;51.86;7700;10217762434;S
20240427;100254;51.92;1000;10217762513;B
20240427;100254;51.93;500;10217762514;B
20240427;100254;51.88;50;10217762569;S
20240427;100254;51.88;100;10217762576;S
20240427;100255;51.89;320;10217762615;S
20240427;100255;51.89;1000;10217762634;S
20240427;100256;51.89;750;10217762718;S
20240427;100256;51.9;20;10217762795;S
20240427;100256;51.89;1750;10217762796;S
20240427;100256;51.89;1350;10217762797;S
20240427;100256;51.88;3880;10217762798;S
20240427;100257;51.89;2500;10217762809;S
20240427;100257;51.88;6120;10217762810;S
20240427;100257;51.88;1380;10217762811;S
20240427;100257;51.89;1990;10217762855;S
20240427;100259;51.89;10;10217762998;S
20240427;100259;51.9;300;10217763013;B
20240427;100300;51.89;250;10217763149;S
20240427;100300;51.89;10;10217763150;S
20240427;100300;51.88;240;10217763151;S
20240427;100300;51.9;150;10217763176;B
20240427;100300;51.9;100;10217763179;B
20240427;100301;51.9;450;10217763252;B
20240427;100301;51.91;250;10217763253;B
20240427;100301;51.91;1000;10217763254;B
20240427;100301;51.92;50;10217763335;B
20240427;100302;51.92;950;10217763366;B
20240427;100302;51.93;50;10217763367;B
20240427;100302;51.93;1000;10217763368;B
20240427;100302;51.93;770;10217763369;B
20240427;100302;51.94;100;10217763488;B
20240427;100303;51.93;2230;10217763594;S
20240427;100303;51.93;200;10217763595;S
20240427;100303;51.93;1520;10217763596;S
20240427;100303;51.94;250;10217763634;B
20240427;100304;51.94;1190;10217763674;B
20240427;100304;51.95;100;10217763675;B
20240427;100304;51.95;500;10217763676;B
20240427;100304;51.95;1000;10217763677;B
20240427;100304;51.96;1000;10217763678;B
20240427;100304;51.97;1000;10217763679;B
20240427;100304;51.97;210;10217763680;B
20240427;100304;51.97;10;10217763694;B
20240427;100304;51.94;1350;10217763710;S
20240427;100304;51.94;650;10217763711;S
20240427;100305;51.97;990;10217763753;B
20240427;100305;51.98;810;10217763754;B
20240427;100306;51.97;20;10217763867;S
20240427;100306;51.95;300;10217763868;S
20240427;100306;51.94;1350;10217763869;S
20240427;100306;51.94;400;10217763870;S
20240427;100306;51.93;130;10217763871;S
20240427;100306;51.94;20;10217763899;S
20240427;100306;51.93;270;10217763900;S
20240427;100306;51.93;60;10217763901;S
20240427;100306;51.93;570;10217763902;S
20240427;100306;51.93;60;10217763903;S
20240427;100306;51.97;500;10217763920;B
20240427;100306;51.93;1630;10217763927;S
20240427;100307;51.97;500;10217764020;B
20240427;100307;51.98;2880;10217764021;B
20240427;100307;51.99;1000;10217764022;B
20240427;100307;51.99;320;10217764023;B
20240427;100307;51.94;450;10217764048;S
20240427;100307;51.95;1000;10217764066;S
20240427;100307;51.95;580;10217764067;S
20240427;100307;51.94;1350;10217764068;S
20240427;100308;51.95;600;10217764103;S
20240427;100309;51.96;10;10217764243;S
20240427;100310;51.98;500;10217764274;B
20240427;100310;51.99;1200;10217764275;B
20240427;100310;51.99;1000;10217764321;B
20240427;100311;51.96;2500;10217764368;S
20240427;100311;51.96;500;10217764369;S
20240427;100311;51.95;400;10217764370;S
20240427;100311;51.95;600;10217764371;S
20240427;100311;51.96;470;10217764376;S
20240427;100311;51.97;50;10217764408;S
20240427;100311;51.99;30;10217764411;B
20240427;100311;51.97;20;10217764427;S
20240427;100311;51.96;980;10217764428;S
20240427;100312;51.95;100;10217764442;S
20240427;100312;51.95;450;10217764443;S
20240427;100313;51.97;200;10217764724;S
20240427;100313;51.96;440;10217764725;S
20240427;100313;51.95;850;10217764726;S
20240427;100313;51.95;1000;10217764727;S
20240427;100313;51.95;2080;10217764728;S
20240427;100314;51.96;2000;10217764827;S
20240427;100315;51.98;100;10217764923;B
20240427;100315;51.98;250;10217764924;B
20240427;100315;51.98;150;10217764925;B
20240427;100315;51.94;1000;10217764948;S
20240427;100315;51.94;1500;10217764949;S
20240427;100315;51.94;500;10217764980;S
20240427;100315;51.94;500;10217764981;S
20240427;100315;51.94;1000;10217764982;S
20240427;100315;51.94;1110;10217764983;S
20240427;100315;51.93;50;10217764984;S
20240427;100315;51.93;1000;10217764985;S
20240427;100315;51.93;2000;10217764986;S
20240427;100315;51.93;840;10217764987;S
20240427;100317;51.93;10;10217765173;S
20240427;100318;51.94;10;10217765258;B
20240427;100318;51.93;40;10217765309;S
20240427;100320;51.94;20;10217765412;B
20240427;100320;51.94;400;10217765446;B
20240427;100320;51.94;1570;10217765451;B
20240427;100320;51.94;1430;10217765477;S
20240427;100320;51.93;500;10217765478;S
20240427;100320;51.93;3800;10217765479;S
20240427;100320;51.93;2000;10217765480;S
20240427;100320;51.93;500;10217765481;S
20240427;100320;51.92;470;10217765482;S
20240427;100321;51.94;70;10217765568;S
20240427;100321;51.95;10;10217765655;B
20240427;100321;51.94;10;10217765668;S
20240427;100322;51.95;200;10217765678;B
20240427;100322;51.94;920;10217765719;S
20240427;100322;51.93;2000;10217765720;S
20240427;100322;51.92;530;10217765721;S
20240427;100322;51.92;550;10217765722;S
20240427;100322;51.95;290;10217765723;B
20240427;100322;51.95;500;10217765724;B
20240427;100322;51.96;210;10217765725;B
20240427;100323;51.93;2000;10217765878;B
20240427;100324;51.92;1450;10217765963;S
20240427;100324;51.92;200;10217765964;S
20240427;100324;51.92;500;10217765965;S
20240427;100326;51.94;100;10217766094;S
20240427;100326;51.94;1000;10217766095;S
20240427;100326;51.92;2480;10217766096;S
20240427;100326;51.92;220;10217766097;S
20240427;100326;51.92;360;10217766098;S
20240427;100326;51.91;20;10217766099;S
20240427;100326;51.91;180;10217766100;S
20240427;100326;51.96;300;10217766101;B
20240427;100326;51.97;200;10217766102;B
20240427;100327;51.95;2000;10217766269;B
20240427;100329;51.93;2500;10217766447;S
20240427;100329;51.94;200;10217766473;B
20240427;100329;51.95;2500;10217766474;B
20240427;100329;51.96;1140;10217766492;B
20240427;100330;51.96;10;10217766525;B
20240427;100330;51.95;1530;10217766545;S
20240427;100330;51.96;30;10217766552;B
20240427;100330;51.95;2770;10217766582;S
20240427;100330;51.94;1340;10217766583;S
20240427;100330;51.94;180;10217766591;S
20240427;100331;51.96;380;10217766603;B
20240427;100332;51.94;10;10217766772;S
20240427;100332;51.95;1500;10217766781;B
20240427;100333;51.94;2310;10217766891;S
20240427;100333;51.93;1690;10217766892;S
20240427;100336;51.94;50;10217767136;B
20240427;100337;51.93;850;10217767255;S
20240427;100337;51.93;150;10217767256;S
20240427;100337;51.94;50;10217767270;B
20240427;100337;51.94;300;10217767296;B
20240427;100337;51.94;1000;10217767297;B
20240427;100337;51.94;2000;10217767298;B
20240427;100337;51.94;5000;10217767299;B
20240427;100337;51.94;300;10217767300;B
20240427;100337;51.94;1350;10217767301;B
20240427;100337;51.94;50;10217767302;B
20240427;100338;51.93;4850;10217767328;S
20240427;100338;51.93;5000;10217767329;S
20240427;100338;51.91;1820;10217767330;S
20240427;100338;51.91;500;10217767331;S
20240427;100338;51.91;5000;10217767332;S
20240427;100338;51.91;2830;10217767333;S
20240427;100338;51.93;200;10217767334;B
20240427;100338;51.91;5770;10217767373;S
20240427;100338;51.91;400;10217767374;S
20240427;100338;51.9;1200;10217767375;S
20240427;100338;51.9;5000;10217767376;S
20240427;100338;51.9;500;10217767377;S
20240427;100338;51.9;20000;10217767378;S
20240427;100338;51.9;100;10217767379;S
20240427;100338;51.9;200;10217767380;S
20240427;100338;51.9;5000;10217767381;S
20240427;100338;51.9;10;10217767382;S
20240427;100338;51.9;240;10217767383;S
20240427;100339;51.9;2000;10217767429;S
20240427;100339;51.9;760;10217767430;S
20240427;100339;51.89;600;10217767444;S
20240427;100339;51.89;10;10217767445;S
20240427;100339;51.89;10;10217767446;S
20240427;100339;51.88;50;10217767447;S
20240427;100339;51.88;250;10217767448;S
20240427;100339;51.88;1000;10217767449;S
20240427;100339;51.88;80;10217767450;S
20240427;100339;51.88;420;10217767468;S
20240427;100339;51.88;150;10217767469;S
20240427;100339;51.87;1000;10217767470;S
20240427;100339;51.87;430;10217767471;S
20240427;100340;51.89;100;10217767558;B
20240427;100340;51.87;300;10217767566;S
20240427;100341;51.88;20;10217767629;B
20240427;100343;51.87;100;10217767792;S
20240427;100343;51.88;20;10217767837;B
20240427;100343;51.87;6000;10217767848;S
20240427;100343;51.88;380;10217767877;B
20240427;100345;51.88;100;10217768012;B
20240427;100345;51.88;500;10217768013;B
20240427;100345;51.88;2000;10217768014;B
20240427;100345;51.89;2400;10217768015;B
20240427;100345;51.89;1000;10217768016;B
20240427;100345;51.87;1000;10217768034;S
20240427;100345;51.88;1000;10217768049;B
20240427;100346;51.89;500;10217768076;B
20240427;100346;51.89;10;10217768138;B
20240427;100348;51.89;500;10217768277;B
20240427;100349;51.88;40;10217768392;S
20240427;100349;51.88;5000;10217768409;S
20240427;100350;51.88;200;10217768507;S
20240427;100350;51.89;490;10217768541;B
20240427;100351;51.9;500;10217768558;B
20240427;100351;51.9;1500;10217768588;B
20240427;100351;51.91;450;10217768589;B
20240427;100351;51.91;1000;10217768590;B
20240427;100351;51.91;6180;10217768591;B
20240427;100351;51.91;480;10217768592;B
20240427;100351;51.92;390;10217768593;B
20240427;100351;51.92;500;10217768618;B
20240427;100351;51.92;5000;10217768633;B
20240427;100352;51.93;1000;10217768641;B
20240427;100352;51.93;2000;10217768642;B
20240427;100352;51.94;100;10217768643;B
20240427;100352;51.94;1000;10217768644;B
20240427;100352;51.95;1000;10217768645;B
20240427;100352;51.95;4460;10217768646;B
20240427;100354;51.94;50;10217768888;S
20240427;100354;51.93;50;10217768889;S
20240427;100356;51.93;130;10217769080;S
20240427;100357;51.93;100;10217769099;S
20240427;100358;51.95;150;10217769262;B
20240427;100358;51.96;90;10217769263;B
20240427;100359;51.95;5000;10217769535;B
20240427;100401;51.93;10;10217769882;S
20240427;100402;51.95;500;10217769982;B
20240427;100402;51.95;2000;10217769983;B
20240427;100402;51.95;500;10217769984;B
20240427;100402;51.95;500;10217769985;B
20240427;100402;51.95;2000;10217769986;B
20240427;100402;51.96;50;10217769987;B
20240427;100403;51.96;150;10217770020;B
20240427;100403;51.95;200;10217770089;S
20240427;100404;51.96;100;10217770091;B
20240427;100404;51.96;50;10217770102;B
20240427;100404;51.96;100;10217770105;B
20240427;100404;51.96;2900;10217770110;B
20240427;100404;51.96;10000;10217770111;B
20240427;100404;51.96;1000;10217770112;B
20240427;100404;51.96;70;10217770113;B
20240427;100404;51.96;2030;10217770114;B
20240427;100404;51.96;4900;10217770116;B
20240427;100404;51.97;1000;10217770117;B
20240427;100404;51.97;970;10217770118;B
20240427;100404;51.98;1000;10217770119;B
20240427;100404;51.98;2000;10217770120;B
20240427;100404;51.98;130;10217770121;B
20240427;100404;51.96;1350;10217770137;S
20240427;100404;51.95;4300;10217770138;S
20240427;100404;51.94;500;10217770139;S
20240427;100404;51.94;560;10217770140;S
20240427;100404;51.93;60;10217770141;S
20240427;100404;51.93;1000;10217770142;S
20240427;100404;51.93;1000;10217770143;S
20240427;100405;51.93;1230;10217770195;B
20240427;100405;51.96;560;10217770196;B
20240427;100405;51.97;1000;10217770197;B
20240427;100405;51.98;1000;10217770198;B
20240427;100405;51.98;1210;10217770199;B
20240427;100405;51.98;1000;10217770224;B
20240427;100405;51.98;4000;10217770225;B
20240427;100406;51.94;60;10217770415;B
20240427;100406;51.97;10;10217770417;B
20240427;100406;51.94;520;10217770450;S
20240427;100406;51.94;420;10217770463;S
20240427;100406;51.93;580;10217770464;S
20240427;100407;51.97;240;10217770515;B
20240427;100407;51.98;1000;10217770516;B
20240427;100407;51.99;1000;10217770517;B
20240427;100407;51.99;500;10217770518;B
20240427;100407;51.99;250;10217770519;B
20240427;100407;51.99;200;10217770520;B
20240427;100407;51.99;190;10217770521;B
20240427;100407;51.99;10;10217770522;B
20240427;100407;51.99;3380;10217770523;B
20240427;100409;51.95;50;10217770685;S
20240427;100409;51.96;10;10217770707;S
20240427;100409;51.99;1000;10217770725;B
20240427;100409;52;1010;10217770726;B
20240427;100409;52;10;10217770727;B
20240427;100409;52;1000;10217770728;B
20240427;100409;52;1000;10217770729;B
20240427;100409;52;500;10217770730;B
20240427;100409;52;940;10217770731;B
20240427;100409;52;4000;10217770752;B
20240427;100410;51.98;3000;10217770828;B
20240427;100410;51.98;50;10217770830;B
20240427;100410;51.98;570;10217770851;B
20240427;100410;52;14430;10217770852;B
20240427;100410;52;50;10217770873;B
20240427;100410;52;50;10217770897;B
20240427;100410;52;50;10217770948;B
20240427;100410;52;300;10217770950;B
20240427;100410;52;20000;10217770955;B
20240427;100411;52;50;10217770960;B
20240427;100411;52;2000;10217770963;B
20240427;100411;52;300;10217770966;B
20240427;100411;52;340;10217770977;B
20240427;100411;52;2000;10217770979;B
20240427;100411;52;500;10217770980;B
20240427;100411;52;220;10217770983;B
20240427;100411;52;1000;10217770986;B
20240427;100411;52;2000;10217770990;B
20240427;100411;52;20000;10217770991;B
20240427;100411;52;1000;10217770992;B
20240427;100411;52;100;10217771004;B
20240427;100411;52;5500;10217771007;B
20240427;100411;52;500;10217771011;B
20240427;100411;52;5000;10217771015;B
20240427;100411;52;2000;10217771016;B
20240427;100411;52;1900;10217771017;B
20240427;100411;52;20;10217771018;B
20240427;100411;52;5000;10217771020;B
20240427;100411;52;2000;10217771026;B
20240427;100412;52;220;10217771035;B
20240427;100412;52;180;10217771045;B
20240427;100412;52;340;10217771047;B
20240427;100412;52;90;10217771053;B
20240427;100412;52;1000;10217771058;B
20240427;100412;52;2000;10217771067;B
20240427;100412;52;4920;10217771084;B
20240427;100412;52;4700;10217771085;B
20240427;100412;52;300;10217771086;B
20240427;100412;52;50;10217771087;B
20240427;100412;52;20;10217771088;B
20240427;100412;52.01;100;10217771090;B
20240427;100412;52.01;50;10217771100;B
20240427;100412;52.02;40;10217771101;B
20240427;100412;52.03;3410;10217771102;B
20240427;100413;52.04;40;10217771214;B
20240427;100413;52.05;10;10217771229;B
20240427;100413;52.05;20;10217771230;B
20240427;100413;52.05;1970;10217771231;B
20240427;100413;52.05;300;10217771261;B
20240427;100414;52.05;4650;10217771306;B
20240427;100414;52.05;500;10217771307;B
20240427;100414;52.06;10;10217771308;B
20240427;100414;52.06;2890;10217771309;B
20240427;100414;52.06;80;10217771310;B
20240427;100414;52.07;1000;10217771311;B
20240427;100414;52.07;870;10217771312;B
20240427;100414;52.06;100;10217771330;B
20240427;100414;52.05;250;10217771389;B
20240427;100414;52.05;750;10217771392;B
20240427;100414;52.06;4250;10217771393;B
20240427;100414;52.04;10;10217771397;S
20240427;100414;52.04;10;10217771398;S
20240427;100415;52.04;1280;10217771405;S
20240427;100415;52.04;1000;10217771406;S
20240427;100415;52.03;100;10217771407;S
20240427;100415;52.03;1000;10217771408;S
20240427;100415;52.02;1000;10217771409;S
20240427;100415;52.02;570;10217771410;S
20240427;100415;52.01;1000;10217771411;S
20240427;100415;52.01;2500;10217771412;S
20240427;100415;52.01;2000;10217771413;S
20240427;100415;52.01;1600;10217771414;S
20240427;100415;52;2000;10217771415;S
20240427;100415;52;1000;10217771416;S
20240427;100415;52;10000;10217771417;S
20240427;100415;52;1350;10217771418;S
20240427;100415;52;130;10217771419;S
20240427;100415;52;500;10217771421;B
20240427;100415;52;1700;10217771449;B
20240427;100415;52;200;10217771493;B
20240427;100415;52;1000;10217771524;B
20240427;100416;51.99;100;10217771553;B
20240427;100416;52;3900;10217771554;B
20240427;100417;51.99;100;10217771631;B
20240427;100417;52;1820;10217771632;B
20240427;100417;52;2220;10217771652;B
20240427;100417;52;1000;10217771663;B
20240427;100417;52;4000;10217771680;B
20240427;100417;52;2730;10217771696;B
20240427;100418;52.04;50;10217771737;B
20240427;100418;52.01;1010;10217771753;S
20240427;100419;52.04;950;10217771843;B
20240427;100419;52.04;1130;10217771844;B
20240427;100419;52.04;570;10217771845;B
20240427;100419;52.05;1000;10217771846;B
20240427;100419;52.05;5350;10217771847;B
20240427;100419;52.04;5000;10217771925;B
20240427;100419;52.05;3500;10217771926;B
20240427;100420;52.01;50;10217771968;S
20240427;100421;52.05;1500;10217772054;B
