<DATE>;<TIME>;<LAST>;<VOL>;<ID>;<OPER>
20240329;095953;42.96;20;9985761087;S
20240329;095953;42.96;30;9985761088;S
20240329;095953;42.96;3500;9985761089;S
20240329;095953;42.96;30;9985761090;S
20240329;095953;42.96;10;9985761091;S
20240329;095953;42.96;10;9985761092;S
20240329;095953;42.96;30;9985761093;S
20240329;095953;42.96;10;9985761094;S
20240329;095953;42.96;110;9985761095;S
20240329;095953;42.96;80;9985761096;S
20240329;095953;42.96;20;9985761097;S
20240329;095953;42.96;50;9985761098;B
20240329;095953;42.96;20;9985761099;S
20240329;095953;42.96;100;9985761100;S
20240329;095953;42.96;10;9985761101;B
20240329;095953;42.96;40;9985761102;B
20240329;095953;42.96;10;9985761103;B
20240329;095953;42.96;10;9985761104;B
20240329;095953;42.96;10;9985761105;B
20240329;095953;42.96;10;9985761106;B
20240329;095953;42.96;280;9985761107;B
20240329;095953;42.96;50;9985761108;B
20240329;095953;42.96;900;9985761109;B
20240329;095953;42.96;10;9985761110;B
20240329;095953;42.96;330;9985761111;S
20240329;095953;42.96;180;9985761112;B
20240329;095953;42.96;10;9985761113;B
20240329;095953;42.96;20;9985761114;B
20240329;095953;42.96;2500;9985761115;B
20240329;095953;42.96;260;9985761116;B
20240329;095953;42.96;10;9985761117;B
20240329;095953;42.96;10;9985761118;B
20240329;095953;42.96;10;9985761119;B
20240329;095953;42.96;20;9985761120;B
20240329;095953;42.96;10;9985761121;B
20240329;095953;42.96;10;9985761122;B
20240329;095953;42.96;20;9985761123;B
20240329;095953;42.96;10;9985761124;B
20240329;095953;42.96;10;9985761125;B
20240329;095953;42.96;10;9985761126;B
20240329;095953;42.96;10;9985761127;B
20240329;095953;42.96;10;9985761128;S
20240329;095953;42.96;100;9985761129;B
20240329;095953;42.96;10;9985761130;B
20240329;095953;42.96;110;9985761131;B
20240329;095953;42.96;80;9985761132;B
20240329;095953;42.96;40;9985761133;B
20240329;095953;42.96;200;9985761134;B
20240329;095953;42.96;200;9985761135;B
20240329;095953;42.96;150;9985761136;B
20240329;095953;42.96;500;9985761137;S
20240329;095953;42.96;800;9985761138;S
20240329;095953;42.96;1730;9985761139;S
20240329;095953;42.96;570;9985761140;S
20240329;100000;42.96;1500;9985762726;S
20240329;100000;42.97;300;9985762906;B
20240329;100000;42.97;500;9985762911;B
20240329;100000;42.97;200;9985762926;B
20240329;100000;42.97;500;9985762933;B
20240329;100000;42.97;500;9985762967;B
20240329;100001;42.97;300;9985763739;B
20240329;100001;42.96;300;9985763740;S
20240329;100001;42.97;50;9985763807;B
20240329;100001;42.97;1920;9985763856;B
20240329;100002;42.97;640;9985764394;B
20240329;100002;42.97;720;9985764762;B
20240329;100004;42.96;90;9985765455;S
20240329;100004;42.96;600;9985765456;S
20240329;100004;42.97;100;9985765665;B
20240329;100005;42.97;10;9985765837;B
20240329;100005;42.96;20;9985765839;S
20240329;100005;42.96;20;9985765841;S
20240329;100005;42.97;10;9985765844;B
20240329;100005;42.97;30;9985765944;B
20240329;100005;42.97;10;9985765949;B
20240329;100005;42.97;10;9985765951;B
20240329;100005;42.97;20;9985765957;B
20240329;100005;42.97;30;9985765963;B
20240329;100005;42.96;20;9985766012;S
20240329;100005;42.96;200;9985766161;S
20240329;100005;42.97;10;9985766549;B
20240329;100005;42.96;30;9985766553;S
20240329;100005;42.97;10;9985766555;B
20240329;100006;42.97;10;9985766942;B
20240329;100006;42.96;20;9985766943;S
20240329;100006;42.97;10;9985766944;B
20240329;100006;42.97;500;9985766945;B
20240329;100006;42.96;10;9985766946;S
20240329;100006;42.97;10;9985767136;B
20240329;100006;42.97;10;9985767139;B
20240329;100006;42.97;10;9985767140;B
20240329;100006;42.97;40;9985767141;B
20240329;100006;42.97;10;9985767155;B
20240329;100006;42.97;10;9985767156;B
20240329;100006;42.97;20;9985767157;B
20240329;100006;42.97;10;9985767158;B
20240329;100006;42.97;30;9985767485;B
20240329;100006;42.97;40;9985767488;B
20240329;100006;42.97;10;9985767490;B
20240329;100006;42.97;30;9985767492;B
20240329;100006;42.97;10;9985767494;B
20240329;100006;42.97;10;9985767498;B
20240329;100006;42.97;10;9985767500;B
20240329;100006;42.97;500;9985767513;B
20240329;100006;42.97;10;9985767516;B
20240329;100006;42.97;10;9985767517;B
20240329;100006;42.97;30;9985767522;B
20240329;100006;42.97;30;9985767527;B
20240329;100006;42.97;10;9985767531;B
20240329;100006;42.97;50;9985767533;B
20240329;100006;42.96;30;9985767535;S
20240329;100006;42.96;10;9985767537;S
20240329;100006;42.96;10;9985767672;S
20240329;100006;42.97;30;9985767673;B
20240329;100006;42.97;40;9985767674;B
20240329;100006;42.97;180;9985767675;B
20240329;100006;42.97;10;9985767676;B
20240329;100006;42.97;30;9985767678;B
20240329;100006;42.97;20;9985767736;B
20240329;100006;42.97;10;9985767742;B
20240329;100006;42.97;10;9985767955;B
20240329;100006;42.97;10;9985767960;B
20240329;100006;42.96;40;9985767962;S
20240329;100006;42.97;10;9985768081;B
20240329;100006;42.96;30;9985768088;S
20240329;100006;42.97;20;9985768090;B
20240329;100006;42.97;10;9985768101;B
20240329;100006;42.96;10;9985768103;S
20240329;100006;42.97;10;9985768107;B
20240329;100006;42.97;10;9985768109;B
20240329;100007;42.97;10;9985768333;B
20240329;100007;42.96;30;9985768346;S
20240329;100007;42.97;10;9985768349;B
20240329;100007;42.96;30;9985768354;S
20240329;100007;42.97;10;9985768653;B
20240329;100007;42.97;10;9985768656;B
20240329;100007;42.97;10;9985768729;B
20240329;100007;42.97;10;9985768731;B
20240329;100007;42.96;350;9985768733;S
20240329;100007;42.97;10;9985768736;B
20240329;100007;42.97;100;9985768994;B
20240329;100007;42.96;10;9985768995;S
20240329;100007;42.96;10;9985768997;S
20240329;100007;42.97;40;9985769223;B
20240329;100007;42.97;30;9985769224;B
20240329;100007;42.97;30;9985769225;B
20240329;100007;42.97;10;9985769226;B
20240329;100007;42.96;30;9985769530;S
20240329;100007;42.96;70;9985769532;S
20240329;100007;42.97;20;9985769536;B
20240329;100007;42.97;10;9985769540;B
20240329;100007;42.97;20;9985769543;B
20240329;100007;42.97;10;9985769546;B
20240329;100007;42.97;10;9985769550;B
20240329;100007;42.96;30;9985769562;S
20240329;100007;42.97;1170;9985769639;B
20240329;100008;42.97;20;9985769994;B
20240329;100008;42.96;10;9985770124;S
20240329;100008;42.96;20;9985770127;S
20240329;100008;42.97;1210;9985770129;B
20240329;100008;42.96;30;9985770131;S
20240329;100008;42.97;20;9985770134;B
20240329;100008;42.97;10;9985770300;B
20240329;100008;42.97;10;9985770301;B
20240329;100008;42.96;10;9985770302;S
20240329;100008;42.97;10;9985770303;B
20240329;100008;42.97;10;9985770304;B
20240329;100008;42.97;10;9985770305;B
20240329;100008;42.97;10;9985770307;B
20240329;100008;42.97;10;9985770321;B
20240329;100009;42.97;20;9985770553;B
20240329;100010;42.97;290;9985770762;B
20240329;100010;42.97;60;9985770768;B
20240329;100010;42.97;140;9985770863;B
20240329;100010;42.96;540;9985770867;S
20240329;100010;42.96;200;9985770988;S
20240329;100010;42.97;80;9985771017;B
20240329;100010;42.97;230;9985771038;B
20240329;100010;42.96;190;9985771071;S
20240329;100010;42.97;120;9985771140;B
20240329;100011;42.97;1500;9985771155;B
20240329;100011;42.97;90;9985771169;B
20240329;100011;42.96;10;9985771195;S
20240329;100011;42.97;230;9985771289;B
20240329;100011;42.97;1500;9985771291;B
20240329;100011;42.97;1500;9985771321;B
20240329;100011;42.96;1230;9985771328;S
20240329;100011;42.97;200;9985771433;B
20240329;100012;42.97;2250;9985771559;B
20240329;100012;42.97;10;9985771560;B
20240329;100012;42.97;100;9985771561;B
20240329;100012;42.97;2640;9985771562;B
20240329;100012;42.96;20;9985771724;S
20240329;100013;42.97;360;9985771797;B
20240329;100013;42.97;100;9985771798;B
20240329;100013;42.97;400;9985771806;B
20240329;100013;42.98;500;9985771807;B
20240329;100013;42.98;430;9985771808;B
20240329;100014;42.98;500;9985772041;B
20240329;100018;42.98;70;9985772921;B
20240329;100018;42.98;40;9985772922;B
20240329;100020;42.97;300;9985773270;S
20240329;100020;42.98;460;9985773343;B
20240329;100020;42.98;1000;9985773344;B
20240329;100020;42.98;500;9985773345;B
20240329;100020;42.98;500;9985773346;B
20240329;100020;42.98;500;9985773347;B
20240329;100020;42.98;500;9985773348;B
20240329;100020;42.98;300;9985773349;B
20240329;100020;42.98;200;9985773350;B
20240329;100020;42.98;500;9985773351;B
20240329;100020;42.98;500;9985773352;B
20240329;100020;42.98;500;9985773353;B
20240329;100020;42.99;90;9985773354;B
20240329;100020;42.99;2320;9985773355;B
20240329;100020;43;30;9985773356;B
20240329;100020;43;140;9985773357;B
20240329;100020;43;230;9985773358;B
20240329;100020;43;10;9985773359;B
20240329;100020;43;270;9985773360;B
20240329;100020;43;200;9985773361;B
20240329;100020;43;6250;9985773362;B
20240329;100020;43.01;10;9985773414;B
20240329;100020;42.99;540;9985773426;S
20240329;100020;42.99;320;9985773427;S
20240329;100020;42.98;700;9985773475;S
20240329;100021;42.97;10;9985773608;S
20240329;100022;42.99;90;9985773690;B
20240329;100022;42.99;800;9985773691;B
20240329;100022;42.97;20;9985773706;S
20240329;100022;43.01;50;9985773832;B
20240329;100022;43.01;150;9985773903;B
20240329;100022;43.03;50;9985773904;B
20240329;100025;43.02;20;9985774467;B
20240329;100028;43.02;60;9985775021;B
20240329;100029;43.02;10;9985775286;B
20240329;100029;43.02;20;9985775287;B
20240329;100030;43.02;340;9985775500;B
20240329;100032;43;20;9985775810;S
20240329;100036;43.02;8000;9985776601;B
20240329;100037;43.02;10;9985776895;B
20240329;100040;43.02;20;9985777345;B
20240329;100040;43.02;30;9985777430;B
20240329;100041;43.02;20;9985777825;B
20240329;100042;43;880;9985778143;S
20240329;100042;43;50;9985778144;S
20240329;100044;42.97;200;9985778395;S
20240329;100044;43;200;9985778536;B
20240329;100046;42.97;40;9985778774;S
20240329;100047;43;30;9985779125;B
20240329;100048;42.97;230;9985779280;S
20240329;100048;42.97;2330;9985779281;S
20240329;100048;42.97;540;9985779282;S
20240329;100048;42.97;80;9985779283;S
20240329;100048;42.97;90;9985779284;S
20240329;100048;42.96;6730;9985779285;S
20240329;100048;42.97;10;9985779296;S
20240329;100048;42.96;30;9985779297;S
20240329;100048;42.96;10;9985779376;S
20240329;100049;42.96;10;9985779537;S
20240329;100050;43;2000;9985779621;B
20240329;100052;42.98;1150;9985780107;B
20240329;100054;42.96;10;9985780740;S
20240329;100055;42.98;20;9985780989;B
20240329;100056;42.96;10;9985781300;S
20240329;100058;42.96;10;9985781521;S
20240329;100058;42.98;10;9985781552;B
20240329;100059;42.96;10;9985781754;S
20240329;100101;42.96;5000;9985782363;S
20240329;100102;42.96;1850;9985782494;S
20240329;100102;42.96;10;9985782495;S
20240329;100102;42.96;20;9985782496;S
20240329;100102;42.96;50;9985782497;S
20240329;100102;42.96;20;9985782498;S
20240329;100102;42.96;10;9985782499;S
20240329;100102;42.95;1000;9985782500;S
20240329;100102;42.95;40;9985782501;S
20240329;100102;42.95;40;9985782502;S
20240329;100102;42.95;50;9985782503;S
20240329;100102;42.95;1760;9985782504;S
20240329;100102;42.94;1670;9985782505;S
20240329;100105;42.95;1450;9985782935;B
20240329;100105;42.95;1590;9985782936;B
20240329;100105;42.94;1330;9985783014;S
20240329;100105;42.93;10;9985783015;S
20240329;100105;42.93;10;9985783016;S
20240329;100105;42.93;10;9985783017;S
20240329;100105;42.93;100;9985783018;S
20240329;100105;42.93;10;9985783019;S
20240329;100105;42.93;20;9985783020;S
20240329;100105;42.93;20;9985783021;S
20240329;100105;42.93;10;9985783022;S
20240329;100105;42.93;20;9985783023;S
20240329;100105;42.93;10;9985783024;S
20240329;100105;42.93;10;9985783025;S
20240329;100105;42.93;50;9985783026;S
20240329;100105;42.93;80;9985783027;S
20240329;100105;42.93;10;9985783028;S
20240329;100105;42.93;10;9985783029;S
20240329;100105;42.93;10;9985783030;S
20240329;100105;42.93;10;9985783031;S
20240329;100105;42.93;1000;9985783032;S
20240329;100105;42.93;50;9985783033;S
20240329;100105;42.93;10;9985783034;S
20240329;100105;42.93;3500;9985783035;S
20240329;100105;42.93;100;9985783036;S
20240329;100105;42.93;10;9985783037;S
20240329;100105;42.93;10;9985783038;S
20240329;100105;42.93;10;9985783039;S
20240329;100105;42.93;460;9985783040;S
20240329;100105;42.93;10;9985783041;S
20240329;100105;42.93;110;9985783042;S
20240329;100107;42.94;300;9985783378;S
20240329;100107;42.95;460;9985783379;B
20240329;100107;42.94;3840;9985783439;S
20240329;100107;42.93;90;9985783440;S
20240329;100107;42.93;10;9985783441;S
20240329;100107;42.93;10;9985783442;S
20240329;100107;42.93;20;9985783443;S
20240329;100107;42.93;10;9985783444;S
20240329;100107;42.93;1120;9985783445;S
20240329;100107;42.93;1680;9985783446;S
20240329;100107;42.92;4710;9985783447;S
20240329;100107;42.92;10;9985783448;S
20240329;100107;42.91;800;9985783449;S
20240329;100107;42.9;30;9985783450;S
20240329;100107;42.9;130;9985783451;S
20240329;100107;42.9;30;9985783452;S
20240329;100107;42.9;10;9985783453;S
20240329;100107;42.9;20;9985783454;S
20240329;100107;42.9;450;9985783455;S
20240329;100107;42.9;30;9985783456;S
20240329;100107;42.9;540;9985783457;S
20240329;100107;42.89;20;9985783458;S
20240329;100107;42.88;10;9985783459;S
20240329;100107;42.88;1000;9985783460;S
20240329;100107;42.88;700;9985783461;S
20240329;100107;42.88;460;9985783462;S
20240329;100107;42.87;50;9985783463;S
20240329;100107;42.87;130;9985783464;S
20240329;100107;42.87;8370;9985783465;S
20240329;100107;42.87;720;9985783466;S
20240329;100107;42.89;1000;9985783467;B
20240329;100107;42.91;1240;9985783468;S
20240329;100107;42.86;150;9985783470;S
20240329;100107;42.85;300;9985783471;S
20240329;100107;42.85;10;9985783472;S
20240329;100107;42.84;40;9985783473;S
20240329;100107;42.84;400;9985783508;S
20240329;100107;42.85;120;9985783552;S
20240329;100107;42.85;1000;9985783553;S
20240329;100108;42.85;320;9985783622;S
20240329;100108;42.84;680;9985783623;S
20240329;100108;42.89;10;9985783668;B
20240329;100111;42.85;5000;9985783948;S
20240329;100111;42.89;60;9985783952;B
20240329;100111;42.85;440;9985783999;S
20240329;100111;42.84;730;9985784000;S
20240329;100113;42.87;100;9985784217;B
20240329;100114;42.85;80;9985784450;S
20240329;100114;42.84;270;9985784451;S
20240329;100114;42.84;1460;9985784452;S
20240329;100114;42.83;200;9985784453;S
20240329;100114;42.83;2380;9985784454;S
20240329;100114;42.82;100;9985784455;S
20240329;100114;42.82;510;9985784456;S
20240329;100114;42.83;300;9985784492;S
20240329;100114;42.83;1300;9985784502;S
20240329;100114;42.82;8390;9985784503;S
20240329;100114;42.81;30;9985784504;S
20240329;100114;42.81;280;9985784505;S
20240329;100115;42.82;960;9985784654;S
20240329;100115;42.81;40;9985784655;S
20240329;100118;42.83;10;9985785212;B
20240329;100119;42.83;50;9985785539;B
20240329;100122;42.83;340;9985785995;B
20240329;100122;42.83;40;9985786030;B
20240329;100125;42.83;40;9985786348;B
20240329;100125;42.82;90;9985786541;S
20240329;100129;42.83;10;9985787019;B
20240329;100129;42.83;20;9985787040;B
20240329;100130;42.83;10;9985787177;B
20240329;100130;42.83;2000;9985787198;B
20240329;100130;42.82;1900;9985787229;S
20240329;100130;42.82;540;9985787297;S
20240329;100130;42.82;460;9985787298;S
20240329;100131;42.81;120;9985787390;S
20240329;100134;42.82;10;9985787976;S
20240329;100138;42.81;10;9985788399;S
20240329;100138;42.81;10;9985788400;S
20240329;100138;42.81;710;9985788401;S
20240329;100139;42.83;30;9985788641;B
20240329;100140;42.81;1440;9985788770;S
20240329;100140;42.8;10;9985788771;S
20240329;100140;42.8;50;9985788772;S
20240329;100140;42.8;10;9985788773;S
20240329;100140;42.8;3000;9985788774;S
20240329;100140;42.79;1360;9985788775;S
20240329;100140;42.78;2330;9985788776;S
20240329;100140;42.77;100;9985788777;S
20240329;100140;42.77;8400;9985788778;S
20240329;100140;42.76;50;9985788779;S
20240329;100140;42.76;1000;9985788780;S
20240329;100140;42.75;300;9985788781;S
20240329;100140;42.75;70;9985788782;S
20240329;100140;42.75;10;9985788783;S
20240329;100140;42.75;10;9985788784;S
20240329;100140;42.75;10;9985788785;S
20240329;100140;42.75;40;9985788786;S
20240329;100140;42.75;10000;9985788787;S
20240329;100140;42.75;500;9985788788;S
20240329;100140;42.74;500;9985788789;S
20240329;100140;42.74;540;9985788790;S
20240329;100140;42.73;100;9985788791;S
20240329;100140;42.73;110;9985788792;S
20240329;100140;42.72;10;9985788793;S
20240329;100140;42.72;50;9985788794;S
20240329;100140;42.72;700;9985788795;S
20240329;100140;42.72;200;9985788796;S
20240329;100140;42.72;2000;9985788797;S
20240329;100140;42.72;4200;9985788798;S
20240329;100140;42.72;2900;9985788799;S
20240329;100140;42.82;600;9985788800;B
20240329;100143;42.79;560;9985789397;B
20240329;100144;42.79;100;9985789497;B
20240329;100144;42.78;40;9985789499;B
20240329;100144;42.79;60;9985789500;B
20240329;100144;42.79;200;9985789501;B
20240329;100144;42.79;100;9985789502;B
20240329;100144;42.78;50;9985789534;B
20240329;100144;42.79;90;9985789535;B
20240329;100145;42.78;80;9985789639;B
20240329;100145;42.79;550;9985789640;B
20240329;100145;42.8;10;9985789641;B
20240329;100145;42.8;700;9985789642;B
20240329;100145;42.82;3660;9985789643;B
20240329;100146;42.78;10;9985789828;S
20240329;100147;42.82;30;9985790154;B
20240329;100148;42.79;1370;9985790187;B
20240329;100148;42.79;10;9985790247;S
20240329;100148;42.78;20;9985790248;S
20240329;100148;42.78;70;9985790249;S
20240329;100148;42.82;510;9985790255;B
20240329;100148;42.82;990;9985790256;B
20240329;100149;42.81;250;9985790300;B
20240329;100149;42.82;250;9985790301;S
20240329;100149;42.82;200;9985790302;B
20240329;100149;42.82;50;9985790303;B
20240329;100149;42.82;150;9985790304;B
20240329;100149;42.82;50;9985790401;B
20240329;100149;42.82;50;9985790402;B
20240329;100150;42.82;10;9985790456;B
20240329;100150;42.81;300;9985790457;B
20240329;100151;42.81;10;9985790559;B
20240329;100153;42.82;140;9985790981;B
20240329;100153;42.82;100;9985790982;B
20240329;100153;42.82;300;9985790983;B
20240329;100153;42.83;360;9985790984;B
20240329;100154;42.83;10;9985791116;B
20240329;100155;42.8;200;9985791135;S
20240329;100155;42.79;540;9985791136;S
20240329;100155;42.77;1260;9985791137;S
20240329;100155;42.79;1000;9985791193;B
20240329;100155;42.79;500;9985791194;B
20240329;100155;42.79;540;9985791195;B
20240329;100159;42.79;10;9985791794;S
20240329;100159;42.78;110;9985791795;S
20240329;100159;42.78;1960;9985791796;S
20240329;100159;42.77;540;9985791797;S
20240329;100159;42.77;690;9985791798;S
20240329;100159;42.8;540;9985791836;B
20240329;100159;42.81;700;9985791837;B
20240329;100159;42.81;760;9985791838;B
20240329;100201;42.8;10;9985792156;B
20240329;100203;42.82;20;9985792525;S
20240329;100203;42.81;1500;9985792623;S
20240329;100204;42.81;2000;9985792711;S
20240329;100206;42.83;10;9985793015;B
20240329;100207;42.83;7020;9985793215;B
20240329;100207;42.83;370;9985793216;B
20240329;100207;42.83;1000;9985793217;B
20240329;100207;42.83;500;9985793218;B
20240329;100207;42.85;1060;9985793219;B
20240329;100207;42.85;20;9985793220;B
20240329;100207;42.85;30;9985793221;B
20240329;100207;42.82;370;9985793248;S
20240329;100208;42.87;40;9985793317;B
20240329;100208;42.87;1000;9985793318;B
20240329;100208;42.87;460;9985793319;B
20240329;100209;42.85;100;9985793456;B
20240329;100209;42.88;900;9985793457;B
20240329;100211;42.83;200;9985793855;S
20240329;100212;42.83;10;9985794023;S
20240329;100212;42.83;330;9985794056;S
20240329;100212;42.83;220;9985794057;S
20240329;100213;42.85;20;9985794209;B
20240329;100215;42.85;10;9985794466;B
20240329;100216;42.82;10;9985794674;S
20240329;100220;42.85;30;9985795315;B
20240329;100221;42.85;30;9985795368;B
20240329;100221;42.85;10;9985795369;B
20240329;100221;42.85;10;9985795370;B
20240329;100224;42.87;30;9985795870;B
20240329;100224;42.87;30;9985795927;B
20240329;100225;42.87;30;9985796057;B
20240329;100225;42.87;10;9985796064;B
20240329;100226;42.87;30;9985796149;B
20240329;100226;42.87;30;9985796150;B
20240329;100228;42.85;100;9985796525;B
20240329;100232;42.87;10;9985797149;B
20240329;100232;42.83;40;9985797242;S
20240329;100232;42.87;10;9985797294;B
20240329;100233;42.87;20;9985797311;B
20240329;100237;42.83;540;9985797878;S
20240329;100237;42.83;980;9985797879;S
20240329;100237;42.82;2320;9985797880;S
20240329;100237;42.82;500;9985797881;S
20240329;100237;42.82;2420;9985797882;S
20240329;100237;42.81;3240;9985797883;S
20240329;100239;42.81;100;9985798365;S
20240329;100240;42.84;50;9985798496;B
20240329;100248;42.84;200;9985799767;B
20240329;100249;42.83;50;9985799884;S
20240329;100250;42.83;30;9985799889;S
20240329;100250;42.82;370;9985799890;S
20240329;100251;42.81;500;9985800027;S
20240329;100252;42.81;300;9985800155;S
20240329;100252;42.84;10;9985800179;B
20240329;100257;42.83;100;9985800919;S
20240329;100257;42.84;20;9985800974;B
20240329;100258;42.84;10;9985801082;B
20240329;100301;42.84;250;9985801534;B
20240329;100302;42.84;20;9985801625;S
20240329;100303;42.84;30;9985801839;S
20240329;100303;42.84;950;9985801840;S
20240329;100303;42.84;10;9985801841;S
20240329;100303;42.83;900;9985801842;S
20240329;100303;42.83;33110;9985801843;S
20240329;100303;42.85;20;9985801870;B
20240329;100304;42.85;480;9985802147;B
20240329;100304;42.85;200;9985802148;B
20240329;100304;42.86;820;9985802149;B
20240329;100311;42.84;30;9985803075;B
20240329;100312;42.83;500;9985803292;S
20240329;100314;42.83;400;9985803503;S
20240329;100316;42.84;10;9985803728;B
20240329;100316;42.83;210;9985803890;S
20240329;100316;42.83;100;9985803899;S
20240329;100318;42.83;20;9985804099;S
20240329;100319;42.83;120;9985804257;S
20240329;100320;42.84;20;9985804431;B
20240329;100321;42.84;300;9985804454;B
20240329;100321;42.84;100;9985804525;B
20240329;100322;42.84;13190;9985804678;B
20240329;100323;42.86;180;9985804706;B
20240329;100323;42.86;1000;9985804707;B
20240329;100323;42.86;50;9985804708;B
20240329;100323;42.87;340;9985804709;B
20240329;100323;42.87;430;9985804710;B
20240329;100324;42.84;1810;9985804847;S
20240329;100324;42.84;970;9985804848;S
20240329;100324;42.84;540;9985804849;S
20240329;100324;42.83;1680;9985804850;S
20240329;100328;42.86;110;9985805546;B
20240329;100333;42.84;10;9985806549;S
20240329;100333;42.83;1530;9985806550;S
20240329;100334;42.86;180;9985806782;B
20240329;100340;42.85;100;9985807494;B
20240329;100340;42.86;140;9985807495;B
20240329;100340;42.86;10;9985807561;B
20240329;100345;42.86;20;9985808331;B
20240329;100348;42.86;80;9985808857;B
20240329;100348;42.86;110;9985808858;B
20240329;100349;42.86;100;9985809056;S
20240329;100350;42.86;210;9985809220;S
20240329;100350;42.86;790;9985809221;S
20240329;100354;42.87;570;9985809722;B
20240329;100354;42.87;430;9985809723;B
20240329;100355;42.87;30;9985809825;B
20240329;100355;42.86;10;9985809944;S
20240329;100355;42.87;10;9985809981;B
20240329;100357;42.87;10;9985810296;B
20240329;100359;42.86;50;9985810711;S
20240329;100359;42.86;210;9985810712;S
20240329;100359;42.85;50;9985810713;S
20240329;100359;42.85;290;9985810714;S
20240329;100400;42.86;10;9985810858;B
20240329;100400;42.84;100;9985810937;S
20240329;100401;42.86;50;9985811357;B
20240329;100402;42.84;90;9985811544;S
20240329;100403;42.86;2270;9985811785;B
20240329;100403;42.86;920;9985811786;B
20240329;100403;42.87;3520;9985811787;B
20240329;100403;42.87;500;9985811788;B
20240329;100403;42.87;500;9985811789;B
20240329;100403;42.87;80;9985811790;B
20240329;100403;42.87;150;9985811791;B
20240329;100408;42.87;110;9985812428;S
20240329;100408;42.88;100;9985812491;B
20240329;100409;42.87;10;9985812549;S
20240329;100411;42.88;50;9985813103;B
20240329;100411;42.88;180;9985813104;B
20240329;100413;42.88;200;9985813236;S
20240329;100414;42.88;30;9985813422;S
20240329;100414;42.89;10;9985813515;B
20240329;100416;42.88;2100;9985813693;S
20240329;100416;42.88;6200;9985813694;S
20240329;100416;42.88;80;9985813753;S
20240329;100417;42.88;10;9985813999;S
20240329;100417;42.87;90;9985814000;S
20240329;100417;42.87;30;9985814001;S
20240329;100418;42.88;50;9985814299;B
20240329;100420;42.89;90;9985814671;B
20240329;100420;42.89;810;9985814672;B
20240329;100421;42.87;10;9985814798;S
20240329;100425;42.87;800;9985815477;S
20240329;100426;42.88;10;9985815641;B
20240329;100426;42.88;10;9985815681;B
20240329;100429;42.88;380;9985816105;B
20240329;100429;42.88;70;9985816152;B
20240329;100431;42.87;80;9985816429;S
20240329;100432;42.87;1000;9985816571;S
20240329;100432;42.88;10;9985816627;B
20240329;100434;42.87;2350;9985816991;S
20240329;100434;42.87;10;9985817000;S
20240329;100436;42.87;1000;9985817387;S
20240329;100437;42.87;1000;9985817523;S
20240329;100438;42.88;50;9985817625;B
20240329;100439;42.88;120;9985817695;B
20240329;100439;42.88;30;9985817696;B
20240329;100439;42.88;1570;9985817738;B
20240329;100441;42.87;10;9985817980;S
20240329;100446;42.88;50;9985818732;B
20240329;100449;42.87;10;9985819138;S
20240329;100452;42.87;160;9985819814;S
20240329;100452;42.88;20;9985819865;B
20240329;100453;42.87;10;9985819970;S
20240329;100454;42.87;10;9985820054;S
20240329;100454;42.87;10;9985820128;S
20240329;100456;42.87;500;9985820387;S
20240329;100457;42.88;10;9985820471;B
20240329;100457;42.87;24160;9985820487;S
20240329;100457;42.87;50;9985820488;S
20240329;100457;42.87;50;9985820489;S
20240329;100500;42.87;10;9985821027;B
20240329;100500;42.86;90;9985821063;S
20240329;100501;42.87;10;9985821152;B
20240329;100502;42.86;80;9985821322;S
20240329;100503;42.87;2320;9985821403;B
20240329;100503;42.87;1030;9985821404;B
20240329;100503;42.87;1370;9985821405;B
20240329;100503;42.87;330;9985821406;B
20240329;100503;42.88;1230;9985821407;B
20240329;100503;42.88;250;9985821408;B
20240329;100503;42.88;5000;9985821409;B
20240329;100503;42.88;1000;9985821410;B
20240329;100506;42.89;190;9985821834;B
20240329;100506;42.89;810;9985821835;B
20240329;100507;42.89;190;9985821981;B
20240329;100507;42.89;500;9985821982;B
20240329;100507;42.89;160;9985821983;B
20240329;100507;42.89;150;9985821984;B
20240329;100507;42.88;50;9985822107;S
20240329;100508;42.88;1000;9985822202;S
20240329;100508;42.88;710;9985822223;S
20240329;100510;42.88;60;9985822491;S
20240329;100511;42.89;50;9985822758;B
20240329;100511;42.89;400;9985822759;B
20240329;100511;42.89;500;9985822760;B
20240329;100511;42.89;50;9985822761;B
20240329;100511;42.89;1000;9985822781;B
20240329;100512;42.88;1100;9985822832;S
20240329;100512;42.88;20;9985822881;S
20240329;100513;42.89;300;9985823006;B
20240329;100513;42.88;120;9985823071;S
20240329;100514;42.88;10;9985823089;S
20240329;100515;42.88;1000;9985823246;S
20240329;100519;42.89;340;9985824000;B
20240329;100521;42.89;10;9985824257;B
20240329;100521;42.88;10;9985824342;S
20240329;100529;42.89;10;9985825215;B
20240329;100530;42.88;10;9985825304;S
20240329;100532;42.89;50;9985825695;B
20240329;100532;42.89;10;9985825729;B
20240329;100532;42.89;110;9985825744;B
20240329;100532;42.89;1890;9985825745;B
20240329;100534;42.89;20;9985826171;B
20240329;100534;42.89;10;9985826207;B
20240329;100536;42.89;10;9985826395;B
20240329;100537;42.88;8000;9985826610;S
20240329;100538;42.88;20;9985826849;S
20240329;100540;42.89;10;9985827346;B
20240329;100542;42.88;20000;9985827601;S
20240329;100543;42.88;10;9985827910;S
20240329;100548;42.89;90;9985828659;B
20240329;100548;42.88;20;9985828698;S
20240329;100549;42.88;10;9985828927;S
20240329;100550;42.88;5530;9985829029;S
20240329;100551;42.88;50;9985829191;S
20240329;100551;42.89;230;9985829235;B
20240329;100557;42.88;9000;9985829963;S
20240329;100557;42.88;300;9985830060;S
20240329;100558;42.88;140440;9985830193;S
20240329;100558;42.88;8390;9985830194;S
20240329;100558;42.88;6780;9985830195;S
20240329;100558;42.88;50;9985830196;S
20240329;100558;42.88;1000;9985830197;S
20240329;100558;42.88;400;9985830198;S
20240329;100558;42.88;250;9985830199;S
20240329;100558;42.88;9600;9985830200;S
20240329;100600;42.88;20;9985830363;S
20240329;100600;42.88;380;9985830364;S
20240329;100601;42.88;500;9985830475;S
20240329;100602;42.88;2840;9985830623;S
20240329;100604;42.86;220;9985830824;S
20240329;100604;42.86;500;9985830825;S
20240329;100604;42.86;50;9985830826;S
20240329;100604;42.86;230;9985830827;S
20240329;100604;42.86;380;9985830891;S
20240329;100605;42.86;50;9985830947;S
20240329;100605;42.87;100;9985830963;B
20240329;100605;42.87;1400;9985830964;B
20240329;100605;42.86;3000;9985830977;S
20240329;100607;42.87;10;9985831454;B
20240329;100608;42.86;1160;9985831481;S
20240329;100610;42.86;350;9985831788;S
20240329;100613;42.86;1310;9985832166;S
20240329;100622;42.87;40;9985833696;B
20240329;100623;42.87;500;9985833939;B
20240329;100623;42.87;500;9985834032;B
20240329;100624;42.87;10;9985834100;B
20240329;100624;42.87;100;9985834168;B
20240329;100625;42.86;280;9985834251;S
20240329;100625;42.86;20;9985834328;S
20240329;100625;42.86;180;9985834329;S
20240329;100627;42.86;2320;9985834755;S
20240329;100627;42.86;180;9985834756;S
20240329;100629;42.87;100;9985835093;B
20240329;100630;42.87;10;9985835212;B
20240329;100634;42.87;10;9985835721;B
20240329;100634;42.86;100;9985835737;S
20240329;100637;42.86;200;9985836054;S
20240329;100638;42.86;3000;9985836123;S
20240329;100639;42.86;3140;9985836318;S
20240329;100639;42.86;40;9985836319;S
20240329;100643;42.86;30;9985836694;S
20240329;100646;42.86;10;9985837018;S
20240329;100647;42.86;260;9985837188;S
20240329;100647;42.86;500;9985837189;S
20240329;100647;42.86;10;9985837190;S
20240329;100647;42.86;270;9985837191;S
20240329;100647;42.87;10;9985837199;B
20240329;100648;42.86;10730;9985837273;S
20240329;100648;42.86;3950;9985837274;S
20240329;100648;42.87;20;9985837276;B
20240329;100648;42.87;30;9985837301;B
20240329;100648;42.87;190;9985837302;B
20240329;100648;42.87;140;9985837303;B
20240329;100648;42.87;40;9985837304;B
20240329;100648;42.87;10;9985837305;B
20240329;100648;42.87;1490;9985837306;B
20240329;100649;42.86;1500;9985837318;S
20240329;100649;42.86;130;9985837320;S
20240329;100649;42.86;1290;9985837321;S
20240329;100649;42.86;1500;9985837441;S
20240329;100649;42.86;1330;9985837442;S
20240329;100651;42.87;230;9985837780;S
20240329;100651;42.87;1030;9985837781;S
20240329;100651;42.87;1500;9985837783;S
20240329;100652;42.88;1000;9985837856;B
20240329;100653;42.87;1500;9985838059;S
20240329;100653;42.87;1330;9985838060;S
20240329;100654;42.87;1490;9985838219;S
20240329;100654;42.87;1290;9985838221;S
20240329;100654;42.88;30;9985838289;B
20240329;100655;42.87;1500;9985838341;S
20240329;100655;42.87;650;9985838343;S
20240329;100655;42.87;260;9985838344;S
20240329;100655;42.87;260;9985838345;S
20240329;100656;42.87;1030;9985838663;S
20240329;100656;42.87;580;9985838664;S
20240329;100656;42.87;1250;9985838665;S
20240329;100656;42.87;20;9985838666;S
20240329;100656;42.87;1200;9985838731;S
20240329;100656;42.87;440;9985838786;S
20240329;100656;42.87;1280;9985838791;S
20240329;100658;42.87;1160;9985838951;S
20240329;100658;42.87;1310;9985838953;S
20240329;100659;42.87;1120;9985839045;S
20240329;100659;42.87;1500;9985839047;S
20240329;100659;42.87;200;9985839111;S
20240329;100700;42.87;310;9985839186;S
20240329;100700;42.87;760;9985839187;S
20240329;100700;42.87;230;9985839188;S
20240329;100700;42.87;30;9985839236;S
20240329;100702;42.88;20;9985839397;B
20240329;100703;42.87;1000;9985839636;S
20240329;100703;42.87;120;9985839653;S
20240329;100704;42.88;10;9985839778;B
20240329;100705;42.88;10;9985839935;B
20240329;100705;42.87;10;9985839938;S
20240329;100711;42.88;30;9985840930;B
20240329;100712;42.88;700;9985841079;B
20240329;100713;42.87;10;9985841087;S
20240329;100715;42.88;400;9985841397;B
20240329;100717;42.87;2400;9985841711;S
20240329;100719;42.87;20;9985841995;S
20240329;100719;42.88;520;9985842023;B
20240329;100719;42.88;40;9985842079;B
20240329;100719;42.88;30;9985842092;B
20240329;100720;42.87;200;9985842123;S
20240329;100720;42.87;10;9985842213;S
20240329;100720;42.87;140;9985842214;S
20240329;100720;42.87;20;9985842215;S
20240329;100721;42.87;300;9985842336;S
20240329;100723;42.87;10;9985842651;S
20240329;100726;42.87;250;9985843023;S
20240329;100726;42.87;20;9985843024;S
20240329;100727;42.87;100;9985843144;S
20240329;100729;42.88;30;9985843479;B
20240329;100731;42.88;380;9985843650;B
20240329;100731;42.88;3000;9985843651;B
20240329;100731;42.88;1540;9985843652;B
20240329;100731;42.88;80;9985843653;B
20240329;100733;42.87;200;9985843951;S
20240329;100734;42.88;40;9985844144;B
20240329;100735;42.87;90;9985844231;S
20240329;100735;42.88;40;9985844289;B
20240329;100738;42.87;10;9985844542;S
20240329;100738;42.88;40;9985844595;B
20240329;100738;42.88;190;9985844596;B
20240329;100738;42.88;150;9985844597;B
20240329;100740;42.87;280;9985844898;S
20240329;100745;42.87;280;9985845399;S
20240329;100748;42.87;10;9985845722;S
20240329;100751;42.87;200;9985846129;S
20240329;100753;42.88;10;9985846459;B
20240329;100754;42.87;50;9985846600;S
20240329;100755;42.88;20;9985846846;B
20240329;100806;42.88;280;9985848291;B
20240329;100806;42.88;10;9985848292;B
20240329;100806;42.88;40;9985848293;B
20240329;100806;42.88;500;9985848294;B
20240329;100806;42.88;1530;9985848295;B
20240329;100806;42.88;130;9985848296;B
20240329;100810;42.87;10;9985848715;S
20240329;100813;42.88;20;9985849071;B
20240329;100813;42.87;240;9985849073;S
20240329;100813;42.88;140;9985849141;B
20240329;100813;42.88;860;9985849142;B
20240329;100814;42.87;10;9985849305;S
20240329;100815;42.87;30;9985849332;S
20240329;100816;42.87;10880;9985849460;S
20240329;100816;42.87;20;9985849461;S
20240329;100816;42.87;40;9985849462;S
20240329;100816;42.87;10;9985849463;S
20240329;100816;42.86;30;9985849464;S
20240329;100816;42.86;1530;9985849465;S
20240329;100816;42.84;540;9985849466;S
20240329;100816;42.84;1000;9985849467;S
20240329;100816;42.84;1000;9985849468;S
20240329;100816;42.83;12330;9985849469;S
20240329;100816;42.83;80;9985849470;S
20240329;100816;42.82;50;9985849471;S
20240329;100816;42.82;8390;9985849472;S
20240329;100816;42.82;700;9985849473;S
20240329;100816;42.81;90;9985849474;S
20240329;100816;42.81;220;9985849475;S
20240329;100816;42.81;100;9985849476;S
20240329;100816;42.81;2840;9985849477;S
20240329;100816;42.81;150;9985849478;S
20240329;100817;42.84;100;9985849544;B
20240329;100817;42.83;150;9985849620;B
20240329;100817;42.84;220;9985849621;B
20240329;100817;42.84;1200;9985849622;B
20240329;100820;42.83;100;9985849893;S
20240329;100820;42.83;30;9985849894;S
20240329;100820;42.83;11500;9985849895;S
20240329;100820;42.82;500;9985849896;S
20240329;100820;42.82;1490;9985849897;S
20240329;100820;42.81;100;9985849898;S
20240329;100820;42.81;540;9985849899;S
20240329;100820;42.8;5740;9985849900;S
20240329;100820;42.8;1800;9985849938;S
20240329;100827;42.81;40;9985850653;S
20240329;100827;42.8;960;9985850654;S
20240329;100828;42.8;310;9985850703;S
20240329;100829;42.8;1500;9985850902;S
20240329;100836;42.8;5000;9985851930;S
20240329;100838;42.8;1000;9985852142;S
20240329;100840;42.8;60;9985852319;S
20240329;100840;42.84;30;9985852384;B
20240329;100841;42.8;1000;9985852445;S
20240329;100841;42.84;30;9985852488;B
20240329;100844;42.84;20;9985852784;B
20240329;100845;42.8;2600;9985852879;S
20240329;100849;42.83;10;9985853411;B
20240329;100850;42.8;460;9985853620;S
20240329;100852;42.8;1000;9985853821;S
20240329;100853;42.8;100;9985853880;S
20240329;100856;42.82;10;9985854255;B
20240329;100902;42.8;10;9985854982;S
20240329;100902;42.8;460;9985855004;S
20240329;100906;42.8;7500;9985855662;S
20240329;100906;42.8;1500;9985855721;S
20240329;100909;42.82;10;9985856050;B
20240329;100910;42.81;50;9985856226;S
20240329;100912;42.82;100;9985856390;B
20240329;100912;42.82;100;9985856391;B
20240329;100912;42.81;50;9985856429;S
20240329;100917;42.81;760;9985856966;S
20240329;100918;42.81;10;9985857058;S
20240329;100921;42.82;30;9985857358;B
20240329;100923;42.81;10;9985857590;S
20240329;100928;42.82;10;9985858146;B
20240329;100930;42.81;10;9985858447;S
20240329;100934;42.81;1050;9985859022;S
20240329;100935;42.81;1950;9985859066;S
20240329;100938;42.81;60;9985859422;S
20240329;100940;42.82;70;9985859612;B
20240329;100940;42.82;40;9985859613;B
20240329;100940;42.83;90;9985859614;B
20240329;100940;42.83;1000;9985859615;B
20240329;100940;42.83;40;9985859616;B
20240329;100940;42.84;470;9985859617;B
20240329;100940;42.84;80;9985859618;B
20240329;100940;42.84;1840;9985859619;B
20240329;100940;42.85;60;9985859620;B
20240329;100940;42.85;6110;9985859621;B
20240329;100941;42.81;4700;9985859898;S
20240329;100942;42.81;440;9985860025;S
20240329;100944;42.81;20;9985860408;S
20240329;100947;42.82;2000;9985860619;S
20240329;100950;42.82;40;9985860909;S
20240329;100951;42.82;40;9985861128;S
20240329;100953;42.82;350;9985861331;S
20240329;101000;42.82;10;9985862499;S
20240329;101000;42.82;1240;9985862501;S
20240329;101002;42.82;320;9985862662;S
20240329;101002;42.82;680;9985862663;S
20240329;101002;42.82;180;9985862671;S
20240329;101002;42.83;40;9985862701;B
20240329;101006;42.82;3400;9985863288;S
20240329;101009;42.81;430;9985863561;S
20240329;101012;42.81;10460;9985863900;S
20240329;101012;42.81;20;9985863901;S
20240329;101012;42.81;10000;9985863902;S
20240329;101012;42.8;39000;9985863903;S
20240329;101012;42.8;50;9985863904;S
20240329;101012;42.8;670;9985863905;S
20240329;101012;42.8;1330;9985863906;S
20240329;101012;42.8;10;9985863907;S
20240329;101012;42.8;10;9985863908;S
20240329;101012;42.8;10;9985863909;S
20240329;101012;42.8;40;9985863910;S
20240329;101012;42.79;20;9985863928;S
20240329;101012;42.78;50;9985863936;S
20240329;101012;42.77;10;9985863937;S
20240329;101012;42.77;10;9985863938;S
20240329;101012;42.77;20;9985863939;S
20240329;101012;42.77;220;9985863940;S
20240329;101013;42.77;80;9985863965;S
20240329;101013;42.77;4580;9985863966;S
20240329;101013;42.76;2000;9985864024;S
20240329;101014;42.79;40;9985864063;B
20240329;101014;42.77;110;9985864108;S
20240329;101014;42.77;20;9985864109;S
20240329;101014;42.76;590;9985864110;S
20240329;101014;42.76;160;9985864111;S
20240329;101014;42.76;30;9985864112;S
20240329;101014;42.76;290;9985864113;S
20240329;101016;42.76;10;9985864389;S
20240329;101019;42.76;90;9985864701;S
20240329;101019;42.76;10;9985864702;S
20240329;101019;42.76;400;9985864703;S
20240329;101019;42.77;160;9985864725;B
20240329;101019;42.76;10;9985864816;S
20240329;101019;42.76;220;9985864817;S
20240329;101019;42.75;50;9985864834;S
20240329;101019;42.75;100;9985864835;S
20240329;101019;42.75;50;9985864836;S
20240329;101020;42.75;20;9985864899;S
20240329;101023;42.75;1930;9985865240;S
20240329;101023;42.75;10;9985865241;S
20240329;101023;42.75;10;9985865242;S
20240329;101023;42.75;390;9985865243;S
20240329;101024;42.76;200;9985865309;B
20240329;101024;42.76;260;9985865310;B
20240329;101024;42.75;100;9985865341;B
20240329;101024;42.74;310;9985865342;S
20240329;101025;42.75;10;9985865406;B
20240329;101025;42.75;100;9985865508;B
20240329;101026;42.74;6950;9985865537;S
20240329;101026;42.74;1700;9985865538;S
20240329;101026;42.74;300;9985865565;B
20240329;101026;42.74;100;9985865568;B
20240329;101028;42.73;100;9985865762;S
20240329;101028;42.73;130;9985865763;S
20240329;101029;42.73;110;9985865786;S
20240329;101029;42.73;1680;9985865787;S
20240329;101029;42.72;50;9985865788;S
20240329;101029;42.72;30;9985865789;S
20240329;101029;42.72;130;9985865790;S
20240329;101031;42.74;10;9985865948;B
20240329;101031;42.72;8280;9985865951;S
20240329;101031;42.72;550;9985865952;S
20240329;101031;42.72;800;9985865953;B
20240329;101031;42.72;200;9985865955;B
20240329;101031;42.72;1000;9985866030;B
20240329;101032;42.71;10;9985866119;S
20240329;101033;42.71;320;9985866185;S
20240329;101034;42.72;10;9985866407;B
20240329;101035;42.72;10;9985866437;B
20240329;101036;42.72;210;9985866603;B
20240329;101037;42.72;1500;9985866766;S
20240329;101039;42.72;20;9985866904;S
20240329;101039;42.72;10;9985866909;S
20240329;101040;42.73;880;9985867031;B
20240329;101042;42.74;2000;9985867280;S
20240329;101042;42.74;330;9985867281;S
20240329;101042;42.74;1170;9985867282;S
20240329;101043;42.74;100;9985867357;S
20240329;101044;42.74;900;9985867484;S
20240329;101044;42.74;2380;9985867485;S
20240329;101045;42.74;200;9985867570;S
20240329;101046;42.74;800;9985867629;S
20240329;101046;42.74;1640;9985867630;S
20240329;101046;42.73;150;9985867631;S
20240329;101047;42.73;20;9985867807;S
20240329;101047;42.73;150;9985867808;S
20240329;101055;42.72;1000;9985868568;S
20240329;101058;42.72;300;9985868909;S
20240329;101058;42.75;200;9985869004;B
20240329;101102;42.75;2130;9985869377;B
20240329;101102;42.76;240;9985869391;B
20240329;101102;42.76;10;9985869392;B
20240329;101102;42.75;2110;9985869400;S
20240329;101104;42.75;20;9985869703;S
20240329;101106;42.76;990;9985869926;B
20240329;101106;42.76;230;9985869927;B
20240329;101107;42.76;770;9985870082;B
20240329;101107;42.76;450;9985870083;B
20240329;101107;42.75;10;9985870125;S
20240329;101108;42.75;40;9985870178;S
20240329;101109;42.76;550;9985870320;B
20240329;101109;42.76;670;9985870321;B
20240329;101110;42.76;330;9985870498;B
20240329;101110;42.76;40;9985870499;B
20240329;101110;42.76;850;9985870500;B
20240329;101111;42.76;150;9985870714;B
20240329;101111;42.76;500;9985870715;B
20240329;101111;42.76;570;9985870716;B
20240329;101112;42.76;100;9985870737;B
20240329;101113;42.76;20;9985870848;B
20240329;101114;42.76;10;9985870916;B
20240329;101114;42.76;30;9985870948;B
20240329;101114;42.76;270;9985871014;B
20240329;101115;42.76;50;9985871060;S
20240329;101115;42.77;180;9985871098;B
20240329;101116;42.77;740;9985871163;B
20240329;101116;42.78;10;9985871175;B
20240329;101116;42.77;10;9985871295;S
20240329;101118;42.77;500;9985871581;S
20240329;101119;42.77;390;9985871711;S
20240329;101119;42.77;1580;9985871712;S
20240329;101119;42.77;510;9985871713;S
20240329;101121;42.77;610;9985871978;S
20240329;101121;42.77;30;9985872021;S
20240329;101121;42.78;90;9985872029;B
20240329;101122;42.78;450;9985872249;B
20240329;101122;42.78;230;9985872250;B
20240329;101122;42.79;80;9985872251;B
20240329;101122;42.8;1000;9985872252;B
20240329;101122;42.8;240;9985872253;B
20240329;101126;42.8;30;9985872671;B
20240329;101130;42.8;510;9985873105;B
20240329;101130;42.82;200;9985873106;B
20240329;101130;42.82;460;9985873107;B
20240329;101131;42.79;2330;9985873269;S
20240329;101131;42.79;930;9985873270;S
20240329;101131;42.79;1520;9985873271;S
20240329;101131;42.79;20;9985873272;S
20240329;101131;42.79;4480;9985873273;S
20240329;101133;42.79;240;9985873607;S
20240329;101134;42.79;80;9985873663;S
20240329;101136;42.79;50;9985873900;S
20240329;101136;42.79;1960;9985873949;S
20240329;101136;42.79;10;9985873950;S
20240329;101136;42.79;6500;9985873951;S
20240329;101136;42.79;1500;9985873952;S
20240329;101139;42.78;50;9985874257;S
20240329;101139;42.77;950;9985874258;S
20240329;101140;42.78;100;9985874335;S
20240329;101141;42.77;820;9985874596;S
20240329;101145;42.77;10;9985875044;S
20240329;101152;42.79;30;9985876030;B
20240329;101152;42.79;30;9985876031;B
20240329;101154;42.81;10;9985876262;B
20240329;101156;42.81;10;9985876438;B
20240329;101159;42.8;100;9985876795;S
20240329;101202;42.81;10;9985877046;B
20240329;101204;42.8;60;9985877398;S
20240329;101206;42.78;1000;9985877698;S
20240329;101206;42.78;10;9985877699;S
20240329;101206;42.78;1330;9985877700;S
20240329;101212;42.8;20;9985878429;B
20240329;101214;42.8;5740;9985878657;S
20240329;101214;42.8;1230;9985878658;S
20240329;101215;42.81;1500;9985878703;B
20240329;101215;42.81;1500;9985878734;B
20240329;101217;42.8;1500;9985878871;B
20240329;101217;42.81;590;9985878877;B
20240329;101217;42.81;30;9985878897;B
20240329;101222;42.81;150;9985879400;B
20240329;101223;42.77;300;9985879522;S
20240329;101223;42.77;540;9985879523;S
20240329;101223;42.77;2330;9985879524;S
20240329;101223;42.77;100;9985879525;S
20240329;101223;42.77;1440;9985879526;S
20240329;101223;42.77;6110;9985879527;S
20240329;101223;42.77;30;9985879528;S
20240329;101223;42.76;1580;9985879529;S
20240329;101223;42.76;6230;9985879530;S
20240329;101224;42.77;70;9985879617;S
20240329;101225;42.8;10;9985879656;B
20240329;101228;42.79;600;9985880047;S
20240329;101233;42.8;100;9985880757;B
20240329;101234;42.8;10;9985880813;B
20240329;101238;42.8;10;9985881327;B
20240329;101241;42.8;10;9985882078;B
20240329;101242;42.79;20;9985882120;S
20240329;101248;42.8;10;9985882937;B
20240329;101251;42.79;20;9985883288;S
20240329;101251;42.79;20;9985883356;S
20240329;101253;42.8;10;9985883571;B
20240329;101253;42.79;10;9985883649;S
20240329;101254;42.79;100;9985883680;S
20240329;101254;42.79;1420;9985883702;S
20240329;101256;42.8;50;9985883913;B
20240329;101256;42.79;10;9985883973;S
20240329;101257;42.79;10;9985884110;S
20240329;101258;42.79;10;9985884231;S
20240329;101259;42.8;20;9985884342;B
20240329;101301;42.79;460;9985884510;S
20240329;101301;42.79;20;9985884607;S
20240329;101301;42.79;1930;9985884651;S
20240329;101309;42.79;250;9985885731;S
20240329;101309;42.79;150;9985885795;S
20240329;101311;42.8;10;9985885921;B
20240329;101313;42.79;140;9985886129;S
20240329;101315;42.79;20;9985886414;S
20240329;101316;42.79;10;9985886513;S
20240329;101317;42.79;70;9985886720;S
20240329;101321;42.8;300;9985887272;B
20240329;101321;42.8;150;9985887273;B
20240329;101321;42.8;360;9985887274;B
20240329;101321;42.8;20;9985887275;B
20240329;101321;42.8;200;9985887276;B
20240329;101321;42.8;10;9985887277;B
20240329;101321;42.81;3500;9985887278;B
20240329;101321;42.81;10;9985887279;B
20240329;101321;42.81;200;9985887280;B
20240329;101321;42.81;40;9985887281;B
20240329;101321;42.81;1320;9985887282;B
20240329;101321;42.82;3890;9985887283;B
20240329;101323;42.82;50;9985887522;B
20240329;101323;42.82;270;9985887523;B
20240329;101323;42.83;100;9985887524;B
20240329;101323;42.83;750;9985887525;B
20240329;101327;42.82;10;9985888035;S
20240329;101328;42.83;10;9985888211;S
20240329;101329;42.83;10;9985888319;S
20240329;101353;42.84;910;9985891057;S
20240329;101353;42.85;230;9985891121;B
20240329;101353;42.85;500;9985891211;B
20240329;101357;42.85;200;9985891769;B
20240329;101357;42.85;10;9985891770;B
20240329;101357;42.85;10;9985891771;B
20240329;101357;42.85;1780;9985891772;B
20240329;101357;42.84;50;9985891787;S
20240329;101357;42.84;830;9985891788;S
20240329;101358;42.84;12670;9985892010;S
20240329;101358;42.84;1280;9985892011;S
20240329;101358;42.83;10;9985892012;S
20240329;101358;42.83;30;9985892013;S
20240329;101358;42.82;50;9985892014;S
20240329;101358;42.82;1000;9985892015;S
20240329;101358;42.82;2330;9985892016;S
20240329;101358;42.81;7980;9985892017;S
20240329;101402;42.85;10;9985892447;B
20240329;101402;42.82;1390;9985892486;S
20240329;101403;42.82;330;9985892563;S
20240329;101416;42.82;10;9985894244;S
20240329;101420;42.82;1990;9985894746;S
20240329;101420;42.82;1270;9985894747;S
20240329;101420;42.81;1520;9985894748;S
20240329;101420;42.81;20;9985894749;S
20240329;101420;42.81;1000;9985894750;S
20240329;101420;42.81;4000;9985894751;S
20240329;101420;42.8;540;9985894752;S
20240329;101420;42.8;2550;9985894753;S
20240329;101420;42.79;750;9985894754;S
20240329;101420;42.78;10;9985894755;S
20240329;101420;42.78;3000;9985894756;S
20240329;101420;42.78;1000;9985894757;S
20240329;101420;42.78;80;9985894758;S
20240329;101420;42.77;5680;9985894759;S
20240329;101420;42.82;500;9985894760;S
20240329;101425;42.83;20;9985895506;B
20240329;101425;42.83;980;9985895507;B
20240329;101431;42.83;60;9985896179;B
20240329;101431;42.83;50;9985896180;B
20240329;101432;42.83;10;9985896230;B
20240329;101434;42.83;20;9985896537;B
20240329;101435;42.84;10;9985896714;B
20240329;101435;42.83;140;9985896796;S
20240329;101437;42.84;260;9985897012;B
20240329;101437;42.84;1250;9985897013;B
20240329;101437;42.84;50;9985897014;B
20240329;101437;42.84;10;9985897015;B
20240329;101437;42.85;230;9985897016;B
20240329;101439;42.85;20;9985897240;B
20240329;101440;42.83;10;9985897278;S
20240329;101447;42.83;230;9985898134;S
20240329;101447;42.83;270;9985898135;S
20240329;101451;42.82;1830;9985898657;S
20240329;101451;42.82;20;9985898658;S
20240329;101451;42.82;50;9985898659;S
20240329;101451;42.82;300;9985898660;S
20240329;101500;42.82;10;9985899829;B
20240329;101500;42.81;10;9985899856;S
20240329;101500;42.79;10;9985899879;S
20240329;101500;42.77;10;9985899903;S
20240329;101501;42.77;3560;9985900157;S
20240329;101501;42.78;1000;9985900158;B
20240329;101503;42.77;60;9985900582;S
20240329;101505;42.77;10;9985900764;S
20240329;101505;42.8;540;9985900816;B
20240329;101505;42.81;1190;9985900817;B
20240329;101505;42.81;7000;9985900818;B
20240329;101505;42.81;2330;9985900819;B
20240329;101505;42.82;4140;9985900820;B
20240329;101505;42.82;800;9985900821;B
20240329;101505;42.83;7000;9985900822;B
20240329;101505;42.83;700;9985900823;B
20240329;101505;42.83;2000;9985900825;S
20240329;101505;42.84;500;9985900827;B
20240329;101505;42.84;500;9985900828;B
20240329;101505;42.83;920;9985900889;S
20240329;101505;42.83;830;9985900980;S
20240329;101505;42.83;7000;9985900981;S
20240329;101505;42.82;540;9985900982;S
20240329;101505;42.82;1180;9985900983;S
20240329;101505;42.82;1000;9985900984;S
20240329;101507;42.81;2330;9985901428;B
20240329;101507;42.81;1000;9985901429;B
20240329;101507;42.81;500;9985901430;B
20240329;101507;42.81;500;9985901431;B
20240329;101507;42.82;9000;9985901432;B
20240329;101511;42.79;10;9985902448;S
20240329;101512;42.8;100;9985902572;B
20240329;101512;42.79;10;9985902579;S
20240329;101513;42.79;10;9985902666;S
20240329;101513;42.79;10;9985902767;S
20240329;101513;42.79;1880;9985902861;S
20240329;101514;42.79;10;9985902898;S
20240329;101514;42.79;10;9985902928;S
20240329;101514;42.79;10;9985902929;S
20240329;101514;42.78;10;9985903044;S
20240329;101517;42.8;10;9985903573;B
20240329;101521;42.8;10;9985904220;B
20240329;101521;42.78;50;9985904228;S
20240329;101521;42.8;10;9985904237;B
20240329;101523;42.8;270;9985904816;B
20240329;101523;42.81;260;9985904817;B
20240329;101523;42.81;1150;9985904818;B
20240329;101523;42.82;1330;9985904819;B
20240329;101523;42.82;540;9985904820;B
20240329;101523;42.82;2330;9985904821;B
20240329;101525;42.83;10;9985905157;S
20240329;101525;42.83;10;9985905241;S
20240329;101525;42.82;400;9985905264;S
20240329;101528;42.82;10;9985905764;S
20240329;101529;42.82;1000;9985905897;S
20240329;101529;42.83;10;9985905965;B
20240329;101530;42.82;10;9985906132;S
20240329;101531;42.83;10;9985906303;B
20240329;101531;42.82;10;9985906383;S
20240329;101531;42.83;10;9985906405;B
20240329;101534;42.83;290;9985906853;B
20240329;101534;42.82;10;9985906887;S
20240329;101534;42.82;10;9985906907;S
20240329;101535;42.82;10;9985907056;S
20240329;101535;42.82;10;9985907098;S
20240329;101535;42.82;10;9985907108;S
20240329;101535;42.83;70;9985907200;B
20240329;101536;42.82;10;9985907211;S
20240329;101536;42.82;10;9985907225;S
20240329;101536;42.82;500;9985907233;S
20240329;101537;42.82;10;9985907529;S
20240329;101538;42.82;40;9985907655;S
20240329;101539;42.84;20;9985907773;B
20240329;101540;42.84;40;9985908061;B
20240329;101545;42.82;50;9985909653;S
20240329;101553;42.82;1200;9985911148;S
20240329;101557;42.82;20;9985911932;S
20240329;101557;42.82;50;9985912073;S
20240329;101558;42.82;1000;9985912251;S
20240329;101607;42.83;200;9985914059;B
20240329;101607;42.82;10;9985914172;S
20240329;101607;42.83;10;9985914189;B
20240329;101608;42.82;1000;9985914351;S
20240329;101608;42.83;1110;9985914483;B
20240329;101608;42.83;1160;9985914484;B
20240329;101610;42.83;10;9985914803;S
20240329;101611;42.84;40;9985914905;B
20240329;101612;42.83;10;9985915039;S
20240329;101616;42.83;40;9985915707;S
20240329;101616;42.83;460;9985915708;S
20240329;101616;42.84;10;9985915931;B
20240329;101617;42.84;190;9985915952;B
20240329;101617;42.84;200;9985915953;B
20240329;101618;42.84;30;9985916116;B
20240329;101618;42.84;60;9985916132;B
20240329;101618;42.83;500;9985916137;S
20240329;101619;42.83;10;9985916311;S
20240329;101619;42.83;500;9985916330;S
20240329;101626;42.84;10;9985917460;B
20240329;101629;42.84;1020;9985917784;B
20240329;101631;42.84;1020;9985917957;B
20240329;101632;42.83;10;9985918171;S
20240329;101632;42.83;10;9985918175;S
20240329;101634;42.84;260;9985918372;B
20240329;101635;42.84;470;9985918495;B
20240329;101636;42.84;10;9985918661;B
20240329;101637;42.84;10;9985918711;B
20240329;101637;42.84;10;9985918777;B
20240329;101638;42.84;10;9985918926;B
20240329;101639;42.83;9950;9985918989;S
20240329;101639;42.83;50;9985918990;S
20240329;101639;42.83;30;9985919022;B
20240329;101639;42.83;470;9985919023;B
20240329;101639;42.84;490;9985919072;B
20240329;101639;42.84;1240;9985919073;B
20240329;101639;42.84;10;9985919074;B
20240329;101640;42.84;10;9985919360;B
20240329;101643;42.82;6510;9985919708;S
20240329;101643;42.82;50;9985919709;S
20240329;101643;42.81;1140;9985919710;S
20240329;101643;42.81;2300;9985919711;S
20240329;101643;42.83;60;9985919778;B
20240329;101643;42.83;940;9985919779;B
20240329;101653;42.82;60;9985921556;B
20240329;101703;42.8;100;9985923180;B
20240329;101703;42.79;30;9985923221;S
20240329;101703;42.79;20;9985923222;S
20240329;101703;42.78;50;9985923223;S
20240329;101703;42.78;10;9985923224;S
20240329;101703;42.78;540;9985923225;S
20240329;101703;42.78;2500;9985923226;S
20240329;101703;42.78;1120;9985923227;S
20240329;101703;42.77;10;9985923228;S
20240329;101703;42.77;20;9985923229;S
20240329;101703;42.76;2660;9985923230;S
20240329;101709;42.77;100;9985924112;S
20240329;101709;42.76;160;9985924113;S
20240329;101709;42.78;100;9985924125;B
20240329;101709;42.79;900;9985924126;B
20240329;101713;42.77;100;9985924750;S
20240329;101713;42.76;150;9985924751;S
20240329;101713;42.78;1600;9985924754;B
20240329;101713;42.78;1100;9985924755;B
20240329;101713;42.78;350;9985924756;B
20240329;101713;42.8;540;9985924757;B
20240329;101713;42.8;1000;9985924758;B
20240329;101713;42.8;1000;9985924759;B
20240329;101713;42.81;2330;9985924760;B
20240329;101713;42.81;2330;9985924761;B
20240329;101713;42.82;8700;9985924762;B
20240329;101714;42.78;20;9985924772;S
20240329;101717;42.8;10;9985925204;B
20240329;101718;42.8;650;9985925289;B
20240329;101718;42.81;2330;9985925290;B
20240329;101718;42.81;1000;9985925291;B
20240329;101718;42.81;1090;9985925292;B
20240329;101718;42.83;1930;9985925293;B
20240329;101718;42.8;10;9985925313;S
20240329;101721;42.81;20;9985925817;S
20240329;101733;42.82;80;9985927508;B
20240329;101733;42.82;10;9985927509;B
20240329;101733;42.82;1080;9985927510;B
20240329;101734;42.83;10;9985927630;B
20240329;101736;42.82;930;9985927928;S
20240329;101736;42.82;20;9985927929;S
20240329;101739;42.82;10;9985928237;S
20240329;101739;42.82;80;9985928238;S
20240329;101742;42.82;10;9985928601;B
20240329;101745;42.82;30;9985928918;B
20240329;101748;42.82;10;9985929812;B
20240329;101748;42.81;30;9985929890;S
20240329;101748;42.81;220;9985929891;S
20240329;101749;42.81;10;9985930017;S
20240329;101750;42.82;30;9985930101;B
20240329;101755;42.81;40;9985930739;S
20240329;101755;42.81;960;9985930740;S
20240329;101755;42.82;100;9985930747;B
20240329;101756;42.82;30;9985930834;B
20240329;101756;42.82;70;9985930835;B
20240329;101756;42.8;80;9985930910;S
20240329;101801;42.82;50;9985931388;B
20240329;101801;42.82;50;9985931389;B
20240329;101805;42.81;10;9985932010;S
20240329;101810;42.82;10;9985932810;B
20240329;101810;42.82;1070;9985932811;B
20240329;101810;42.83;570;9985932812;B
20240329;101811;42.83;5890;9985932911;B
20240329;101811;42.83;100;9985932912;B
20240329;101811;42.83;10;9985932913;B
20240329;101811;42.83;350;9985932915;S
20240329;101816;42.83;30;9985933805;S
20240329;101820;42.85;100;9985934594;B
20240329;101823;42.84;110;9985935036;B
20240329;101823;42.84;90;9985935037;B
20240329;101823;42.85;20;9985935039;B
20240329;101823;42.83;90;9985935100;S
20240329;101826;42.85;20;9985936357;B
20240329;101828;42.83;60;9985937106;S
20240329;101829;42.84;10;9985937167;B
20240329;101832;42.84;10;9985937717;B
20240329;101833;42.83;1040;9985937751;S
20240329;101833;42.83;8910;9985937752;S
20240329;101833;42.83;50;9985937753;S
20240329;101833;42.83;590;9985937754;S
20240329;101835;42.82;10;9985938117;S
20240329;101837;42.83;10;9985938381;B
20240329;101840;42.83;1710;9985938703;B
20240329;101843;42.83;10;9985938993;B
20240329;101843;42.83;200;9985938994;B
20240329;101845;42.83;500;9985939253;B
20240329;101847;42.82;10;9985939444;S
20240329;101857;42.83;20;9985940616;B
20240329;101858;42.83;10;9985940801;B
20240329;101902;42.83;1060;9985941068;B
20240329;101902;42.83;200;9985941069;B
20240329;101902;42.84;290;9985941091;B
20240329;101902;42.83;100;9985941128;S
20240329;101907;42.84;30;9985941485;B
20240329;101908;42.83;100;9985941599;S
20240329;101911;42.83;1040;9985941814;S
20240329;101911;42.82;10;9985941817;S
20240329;101912;42.82;50;9985941981;S
20240329;101912;42.81;1050;9985941982;S
20240329;101912;42.81;2000;9985941983;S
20240329;101912;42.8;50;9985941984;S
20240329;101912;42.8;1000;9985941985;S
20240329;101912;42.8;10;9985941986;S
20240329;101912;42.8;10;9985941987;S
20240329;101912;42.8;540;9985941988;S
20240329;101912;42.8;290;9985941989;S
20240329;101913;42.8;60;9985942071;S
20240329;101913;42.8;10;9985942072;S
20240329;101913;42.79;10;9985942073;S
20240329;101913;42.79;500;9985942074;S
20240329;101913;42.79;100;9985942075;B
20240329;101914;42.79;20;9985942167;B
20240329;101920;42.78;20;9985942729;S
20240329;101923;42.79;10;9985943004;B
20240329;101923;42.79;390;9985943131;B
20240329;101923;42.8;1030;9985943132;B
20240329;101923;42.81;580;9985943133;B
20240329;101924;42.81;1160;9985943243;B
20240329;101928;42.81;10;9985943985;B
20240329;101928;42.82;40;9985943986;B
20240329;101932;42.78;60;9985944400;S
20240329;101932;42.78;100;9985944401;S
20240329;101940;42.8;200;9985945354;B
20240329;101942;42.8;10;9985945534;B
20240329;101942;42.8;10;9985945590;B
20240329;101946;42.8;10;9985946047;B
20240329;101954;42.8;100;9985946884;B
20240329;101954;42.77;50;9985946942;S
20240329;101954;42.77;100;9985946943;S
20240329;101954;42.77;10;9985946944;S
20240329;101959;42.8;30;9985947535;B
20240329;101959;42.77;1000;9985947575;S
20240329;101959;42.77;200;9985947576;S
20240329;102001;42.8;20;9985947983;B
20240329;102001;42.77;250;9985948015;S
20240329;102006;42.8;20;9985948525;B
20240329;102008;42.76;800;9985948903;S
20240329;102008;42.76;500;9985948904;S
20240329;102008;42.76;50;9985948905;S
20240329;102008;42.76;10;9985948906;S
20240329;102008;42.76;1060;9985948907;S
20240329;102010;42.76;10;9985949186;S
20240329;102023;42.8;150;9985950735;B
20240329;102023;42.8;10;9985950736;B
20240329;102023;42.8;540;9985950737;B
20240329;102023;42.8;100;9985950738;B
20240329;102023;42.8;100;9985950739;B
20240329;102023;42.81;10;9985950740;B
20240329;102023;42.81;1000;9985950741;B
20240329;102023;42.81;1090;9985950742;B
20240329;102024;42.77;50;9985951890;S
20240329;102025;42.77;490;9985951949;S
20240329;102025;42.77;510;9985951950;S
20240329;102031;42.77;540;9985955089;S
20240329;102034;42.78;950;9985956377;S
20240329;102035;42.77;10;9985956461;S
20240329;102035;42.77;340;9985956462;S
20240329;102037;42.77;2080;9985957536;S
20240329;102043;42.77;80;9985959223;S
20240329;102051;42.8;40;9985962026;B
20240329;102051;42.8;30;9985962027;B
20240329;102057;42.8;230;9985963482;B
20240329;102058;42.77;220;9985963520;S
20240329;102058;42.77;10;9985963521;S
20240329;102058;42.77;270;9985963522;S
20240329;102058;42.8;10;9985963555;B
20240329;102106;42.77;50;9985966474;S
20240329;102106;42.77;10;9985966475;S
20240329;102106;42.77;10;9985966476;S
20240329;102106;42.8;40;9985966478;B
20240329;102106;42.8;50;9985966479;B
20240329;102106;42.8;10;9985966480;B
20240329;102108;42.8;20;9985966829;B
20240329;102108;42.8;100;9985966830;B
20240329;102108;42.8;460;9985966831;B
20240329;102108;42.8;540;9985966832;B
20240329;102108;42.8;60;9985966833;B
20240329;102108;42.81;2330;9985966834;B
20240329;102108;42.81;10;9985966835;B
20240329;102108;42.81;950;9985966836;B
20240329;102108;42.82;2000;9985966837;B
20240329;102108;42.82;900;9985966838;B
20240329;102108;42.82;8410;9985966839;B
20240329;102108;42.82;1000;9985966840;B
20240329;102108;42.82;140;9985966841;B
20240329;102108;42.82;80;9985966842;B
20240329;102108;42.83;960;9985966843;B
20240329;102108;42.83;340;9985966844;B
20240329;102108;42.84;400;9985966845;B
20240329;102108;42.84;10;9985966846;B
20240329;102108;42.84;5000;9985966847;B
20240329;102108;42.84;2270;9985966848;B
20240329;102108;42.85;2460;9985966849;B
20240329;102108;42.85;10000;9985966850;B
20240329;102108;42.85;50;9985966851;B
20240329;102108;42.85;100;9985966852;B
20240329;102108;42.85;10;9985966853;B
20240329;102108;42.85;1000;9985966854;B
20240329;102108;42.85;10;9985966855;B
20240329;102108;42.85;10;9985966856;B
20240329;102108;42.86;10000;9985966857;B
20240329;102108;42.86;5000;9985966858;B
20240329;102108;42.87;500;9985966859;B
20240329;102108;42.87;100;9985966860;B
20240329;102108;42.88;140;9985966861;B
20240329;102108;42.88;10;9985966862;B
20240329;102108;42.88;9600;9985966863;B
20240329;102108;42.83;100;9985966864;S
20240329;102108;42.84;100;9985966865;B
20240329;102109;42.84;100;9985967770;S
20240329;102110;42.84;50;9985967806;S
20240329;102110;42.84;80;9985967810;S
20240329;102110;42.84;30;9985967819;S
20240329;102110;42.84;20;9985967820;S
20240329;102110;42.84;30;9985967823;S
20240329;102110;42.84;60;9985967825;S
20240329;102110;42.84;20;9985967826;S
20240329;102112;42.85;100;9985968164;S
20240329;102112;42.85;30;9985968166;S
20240329;102112;42.85;30;9985968194;S
20240329;102112;42.85;30;9985968215;S
20240329;102113;42.85;20;9985968405;S
20240329;102114;42.85;300;9985968560;S
20240329;102116;42.86;1120;9985969149;B
20240329;102116;42.86;100;9985969150;B
20240329;102116;42.86;40;9985969151;B
20240329;102116;42.87;100;9985969152;B
20240329;102117;42.88;30;9985969220;S
20240329;102118;42.88;20;9985969760;S
20240329;102118;42.88;10;9985969761;S
20240329;102118;42.88;30;9985969762;S
20240329;102118;42.89;3660;9985969770;B
20240329;102118;42.89;10;9985969771;B
20240329;102118;42.89;3680;9985969772;B
20240329;102120;42.88;30;9985970208;S
20240329;102120;42.88;40;9985970212;S
20240329;102121;42.88;20;9985970323;S
20240329;102121;42.88;10;9985970327;S
20240329;102121;42.87;30;9985970328;S
20240329;102122;42.87;10;9985970419;S
20240329;102122;42.86;30;9985970422;S
20240329;102123;42.87;50;9985970627;S
20240329;102123;42.88;30;9985970744;S
20240329;102124;42.88;20;9985970876;S
20240329;102124;42.88;20;9985970877;S
20240329;102125;42.88;40;9985971146;S
20240329;102125;42.88;40;9985971148;S
20240329;102126;42.88;20;9985971215;S
20240329;102126;42.88;10;9985971218;S
20240329;102127;42.88;40;9985971241;S
20240329;102127;42.88;2330;9985971264;S
20240329;102127;42.87;1000;9985971265;S
20240329;102127;42.87;11840;9985971266;S
20240329;102127;42.89;20;9985971309;B
20240329;102128;42.87;30;9985971378;S
20240329;102128;42.87;20;9985971379;S
20240329;102129;42.89;500;9985972113;B
20240329;102129;42.87;20;9985972123;S
20240329;102129;42.87;20;9985972130;S
20240329;102130;42.87;10;9985972283;S
20240329;102132;42.87;40;9985973364;S
20240329;102137;42.88;20;9985974097;B
20240329;102137;42.87;1580;9985974116;S
20240329;102137;42.87;420;9985974117;S
20240329;102139;42.87;110;9985974204;S
20240329;102140;42.88;90;9985975138;B
20240329;102141;42.88;20;9985975780;B
20240329;102142;42.87;1000;9985975993;S
20240329;102142;42.87;200;9985975994;S
20240329;102147;42.86;500;9985976943;S
20240329;102148;42.88;200;9985977066;B
20240329;102152;42.86;30;9985978760;S
20240329;102153;42.85;30;9985978858;S
20240329;102155;42.85;30;9985978973;S
20240329;102155;42.85;10;9985979074;S
20240329;102155;42.85;20;9985979075;S
20240329;102155;42.85;30;9985979077;S
20240329;102156;42.85;30;9985979214;S
20240329;102156;42.85;30;9985979216;S
20240329;102156;42.83;30;9985979473;S
20240329;102157;42.83;30;9985979610;S
20240329;102204;42.87;530;9985981949;B
20240329;102204;42.87;1370;9985981950;B
20240329;102207;42.87;10;9985982110;B
20240329;102213;42.83;80;9985984345;S
20240329;102215;42.83;400;9985984851;S
20240329;102215;42.83;1010;9985984852;S
20240329;102218;42.87;50;9985985063;B
20240329;102218;42.87;150;9985985064;B
20240329;102226;42.87;1350;9985987377;B
20240329;102226;42.87;10;9985987398;B
20240329;102227;42.83;150;9985987432;S
20240329;102232;42.83;30;9985988244;S
20240329;102239;42.87;10;9985990427;B
20240329;102244;42.83;3000;9985991557;S
20240329;102244;42.83;10;9985991578;S
20240329;102253;42.87;410;9985994216;B
20240329;102256;42.87;50;9985994503;B
20240329;102256;42.87;40;9985994504;B
20240329;102301;42.84;10;9985996251;S
20240329;102313;42.86;10;9985998848;S
20240329;102313;42.86;20;9985999296;S
20240329;102314;42.87;100;9985999840;B
20240329;102314;42.87;20;9985999841;B
20240329;102316;42.87;20;9986000097;S
20240329;102322;42.87;140;9986001532;S
20240329;102330;42.88;800;9986004046;B
20240329;102330;42.88;100;9986004047;B
20240329;102331;42.88;50;9986004455;B
20240329;102332;42.87;570;9986004627;S
20240329;102333;42.87;10;9986004706;S
20240329;102338;42.87;10;9986005328;S
20240329;102338;42.87;100;9986005332;S
20240329;102341;42.9;10;9986006341;B
20240329;102344;42.9;10;9986007295;B
20240329;102350;42.9;10;9986008193;B
20240329;102402;42.89;10;9986011989;S
20240329;102406;42.9;100;9986012532;B
20240329;102408;42.9;70;9986013748;B
20240329;102409;42.9;30;9986013785;B
20240329;102409;42.9;10;9986013794;B
20240329;102409;42.9;10;9986013795;B
20240329;102409;42.9;10;9986013796;B
20240329;102409;42.9;10;9986013797;B
20240329;102409;42.9;50;9986013798;B
20240329;102409;42.9;10;9986013799;B
20240329;102409;42.9;30;9986013800;B
20240329;102410;42.89;30;9986013909;S
20240329;102410;42.89;10;9986014592;S
20240329;102414;42.9;10;9986015724;B
20240329;102414;42.88;500;9986015725;S
20240329;102414;42.88;500;9986015726;S
20240329;102415;42.88;500;9986015767;S
20240329;102417;42.88;1330;9986015938;S
20240329;102417;42.88;6670;9986015939;S
20240329;102422;42.89;10;9986017705;B
20240329;102423;42.88;100;9986017770;B
20240329;102428;42.87;10;9986018470;S
20240329;102436;42.87;20;9986021476;S
20240329;102436;42.87;30;9986021477;S
20240329;102437;42.87;10;9986022423;S
20240329;102437;42.87;10;9986022424;S
20240329;102437;42.87;700;9986022425;S
20240329;102437;42.87;50;9986022426;S
20240329;102437;42.87;100;9986022427;S
20240329;102437;42.87;130;9986022428;S
20240329;102446;42.87;100;9986023331;B
20240329;102446;42.88;100;9986023332;B
20240329;102454;42.85;100;9986025722;S
20240329;102457;42.88;20;9986026688;B
20240329;102458;42.88;110;9986027577;B
20240329;102501;42.88;10;9986027875;B
20240329;102502;42.85;250;9986028252;S
20240329;102503;42.87;10;9986028347;B
20240329;102504;42.87;20;9986028490;B
20240329;102508;42.87;80;9986029113;B
20240329;102509;42.85;50;9986029932;S
20240329;102509;42.85;80;9986029933;S
20240329;102510;42.85;30;9986030091;S
20240329;102510;42.84;2170;9986030092;S
20240329;102511;42.84;1580;9986030161;S
20240329;102516;42.87;10;9986031853;B
20240329;102519;42.87;790;9986032266;B
20240329;102519;42.87;30;9986032313;B
20240329;102526;42.87;110;9986034797;B
20240329;102526;42.87;980;9986034798;B
20240329;102526;42.88;20;9986034852;B
20240329;102529;42.87;3000;9986035248;S
20240329;102530;42.88;830;9986035276;B
20240329;102532;42.87;200;9986035719;S
20240329;102535;42.87;10;9986036732;S
20240329;102538;42.88;10;9986037098;B
20240329;102539;42.88;10;9986037226;B
20240329;102541;42.88;40;9986037330;B
20240329;102541;42.87;10;9986037346;S
20240329;102541;42.88;200;9986037500;B
20240329;102543;42.87;40;9986037630;S
20240329;102544;42.88;60;9986037741;B
20240329;102544;42.89;800;9986037742;B
20240329;102544;42.89;30;9986037743;B
20240329;102544;42.89;1010;9986037744;B
20240329;102544;42.9;960;9986037745;B
20240329;102544;42.9;10000;9986037746;B
20240329;102544;42.9;270;9986037747;B
20240329;102544;42.9;2000;9986037748;B
20240329;102544;42.9;50;9986037749;B
20240329;102544;42.9;100;9986037750;B
20240329;102544;42.9;100;9986037751;B
20240329;102544;42.9;8390;9986037752;B
20240329;102544;42.9;1230;9986037753;B
20240329;102546;42.9;100;9986037980;B
20240329;102547;42.89;30;9986038033;S
20240329;102547;42.9;60;9986038070;B
20240329;102551;42.89;1000;9986038497;S
20240329;102552;42.9;510;9986038551;B
20240329;102552;42.9;50;9986038552;B
20240329;102552;42.9;20;9986038553;B
20240329;102552;42.9;100;9986038554;B
20240329;102552;42.9;2300;9986038555;B
20240329;102552;42.91;70;9986038556;B
20240329;102552;42.91;2240;9986038557;B
20240329;102552;42.89;10;9986038728;S
20240329;102555;42.9;1120;9986038966;B
20240329;102556;42.9;800;9986039055;S
20240329;102559;42.9;80;9986039560;S
20240329;102559;42.9;4840;9986039561;S
20240329;102603;42.9;1020;9986040275;B
20240329;102603;42.9;100;9986040276;B
20240329;102603;42.9;250;9986040277;B
20240329;102603;42.88;10;9986040467;S
20240329;102604;42.9;10;9986040572;B
20240329;102607;42.9;10;9986041036;B
20240329;102611;42.91;260;9986041487;B
20240329;102611;42.91;40;9986041488;B
20240329;102611;42.91;2050;9986041489;B
20240329;102611;42.91;30;9986041519;B
20240329;102612;42.91;10;9986041635;B
20240329;102614;42.91;480;9986041717;B
20240329;102621;42.91;610;9986042398;B
20240329;102625;42.91;130;9986042960;B
20240329;102625;42.9;90;9986042992;S
20240329;102625;42.9;10;9986042993;S
20240329;102625;42.91;2330;9986043009;B
20240329;102626;42.91;10;9986043065;B
20240329;102636;42.91;480;9986044032;B
20240329;102637;42.91;50;9986044196;B
20240329;102641;42.91;20;9986044673;B
20240329;102643;42.91;650;9986044823;B
20240329;102644;42.91;1000;9986044852;B
20240329;102644;42.9;50;9986044961;S
20240329;102644;42.9;150;9986044962;S
20240329;102645;42.91;720;9986044970;B
20240329;102646;42.9;300;9986045115;S
20240329;102647;42.91;590;9986045212;B
20240329;102653;42.9;10;9986045974;S
20240329;102654;42.9;50;9986046059;S
20240329;102654;42.91;50;9986046066;B
20240329;102658;42.91;20;9986046353;B
20240329;102704;42.9;10;9986047064;S
20240329;102706;42.9;90;9986047179;S
20240329;102707;42.91;20;9986047297;B
20240329;102708;42.91;70;9986047426;B
20240329;102708;42.91;100;9986047427;B
20240329;102708;42.91;40;9986047428;B
20240329;102708;42.91;30;9986047429;B
20240329;102708;42.91;10;9986047430;B
20240329;102708;42.91;200;9986047431;B
20240329;102708;42.91;60;9986047432;B
20240329;102709;42.92;20;9986047451;B
20240329;102709;42.92;40;9986047452;B
20240329;102709;42.92;70;9986047453;B
20240329;102709;42.92;60;9986047519;B
20240329;102709;42.92;960;9986047520;B
20240329;102709;42.93;80;9986047521;B
20240329;102710;42.92;110;9986047558;S
20240329;102710;42.93;10;9986047633;B
20240329;102710;42.92;160;9986047634;S
20240329;102710;42.93;200;9986047645;B
20240329;102712;42.93;40;9986047827;B
20240329;102713;42.93;500;9986047935;B
20240329;102714;42.93;1030;9986047991;B
20240329;102714;42.93;400;9986047992;B
20240329;102714;42.93;500;9986047993;B
20240329;102714;42.93;70;9986047994;B
20240329;102715;42.93;50;9986048131;B
20240329;102717;42.92;10;9986048271;S
20240329;102718;42.92;40;9986048327;S
20240329;102719;42.93;8270;9986048480;B
20240329;102719;42.93;1010;9986048481;B
20240329;102719;42.93;1840;9986048482;B
20240329;102719;42.94;300;9986048483;B
20240329;102719;42.94;170;9986048484;B
20240329;102719;42.94;50;9986048489;B
20240329;102719;42.94;200;9986048490;B
20240329;102719;42.94;1000;9986048491;B
20240329;102719;42.95;10;9986048492;B
20240329;102719;42.95;10;9986048493;B
20240329;102719;42.95;10;9986048494;B
20240329;102719;42.95;200;9986048495;B
20240329;102719;42.95;100;9986048496;B
20240329;102719;42.95;50;9986048497;B
20240329;102719;42.95;500;9986048498;B
20240329;102719;42.95;100;9986048499;B
20240329;102719;42.95;470;9986048500;B
20240329;102719;42.96;20;9986048501;B
20240329;102719;42.96;1990;9986048502;B
20240329;102719;42.94;40;9986048577;B
20240329;102719;42.95;310;9986048578;B
20240329;102720;42.95;1530;9986048606;B
20240329;102720;42.96;8380;9986048657;B
20240329;102720;42.96;340;9986048658;B
20240329;102720;42.96;1760;9986048659;B
20240329;102720;42.96;1000;9986048660;B
20240329;102720;42.97;50;9986048661;B
20240329;102720;42.97;30;9986048662;B
20240329;102720;42.97;100;9986048663;B
20240329;102720;42.97;1030;9986048664;B
20240329;102720;42.98;680;9986048665;B
20240329;102720;42.98;220;9986048666;B
20240329;102720;42.98;200;9986048667;B
20240329;102720;42.98;500;9986048668;B
20240329;102720;42.98;10;9986048669;B
20240329;102720;42.98;10;9986048670;B
20240329;102720;42.98;2010;9986048671;B
20240329;102720;42.98;2000;9986048672;B
20240329;102720;42.98;1680;9986048673;S
20240329;102720;42.97;320;9986048674;S
20240329;102722;42.96;10;9986048941;B
20240329;102722;42.96;90;9986048942;B
20240329;102723;42.96;1000;9986049095;B
20240329;102731;42.97;2000;9986049890;B
20240329;102731;42.97;1000;9986049891;B
20240329;102731;42.97;1010;9986049892;B
20240329;102732;42.96;10;9986049993;S
20240329;102735;42.97;500;9986050339;B
20240329;102735;42.97;1000;9986050340;B
20240329;102735;42.97;140;9986050341;B
20240329;102735;42.99;200;9986050342;B
20240329;102735;42.99;8160;9986050343;B
20240329;102742;42.98;10;9986051236;B
20240329;102742;42.98;1000;9986051237;B
20240329;102742;42.98;1010;9986051238;B
20240329;102744;42.99;10;9986051754;B
20240329;102744;42.99;210;9986051777;B
20240329;102744;42.99;100;9986051778;B
20240329;102744;42.99;10;9986051779;B
20240329;102744;42.99;180;9986051780;B
20240329;102751;42.97;200;9986052556;S
20240329;102751;42.98;930;9986052581;B
20240329;102753;42.99;320;9986052742;B
20240329;102753;42.99;2900;9986052743;B
20240329;102753;42.98;30;9986052769;S
20240329;102754;42.99;10;9986052846;B
20240329;102755;42.99;5460;9986052954;B
20240329;102755;42.99;500;9986052955;B
20240329;102755;42.99;10;9986052956;B
20240329;102755;43;6840;9986052957;B
20240329;102755;43;250;9986052958;B
20240329;102755;43;30;9986052959;B
20240329;102755;43;500;9986052960;B
20240329;102755;43;10;9986052961;B
20240329;102755;43;10;9986052962;B
20240329;102755;43;1390;9986052963;B
20240329;102755;43;320;9986052965;B
20240329;102755;43;20;9986052966;B
20240329;102755;43;20;9986052967;B
20240329;102755;43;10;9986052968;B
20240329;102755;43;790;9986052969;B
20240329;102755;43;5000;9986052970;B
20240329;102755;43;2000;9986052971;B
20240329;102755;43;10;9986052972;B
20240329;102755;43;10;9986052973;B
20240329;102755;43;10;9986052974;B
20240329;102755;43;1000;9986052975;B
20240329;102755;43;10;9986052976;B
20240329;102755;43;600;9986052977;B
20240329;102755;43;90;9986052978;B
20240329;102755;43;110;9986052979;B
20240329;102755;43;150;9986053007;B
20240329;102755;42.98;10;9986053032;S
20240329;102756;42.98;10;9986053086;S
20240329;102757;42.98;1200;9986053211;S
20240329;102801;42.98;10;9986053922;S
20240329;102801;42.98;80;9986053934;S
20240329;102802;42.98;3000;9986054043;S
20240329;102804;42.99;60;9986054430;B
20240329;102804;42.99;4800;9986054431;B
20240329;102804;42.99;1000;9986054432;B
20240329;102804;42.99;40;9986054433;B
20240329;102805;42.99;10;9986054620;B
20240329;102806;42.99;10;9986054686;B
20240329;102807;42.99;2000;9986054919;B
20240329;102807;42.98;340;9986054963;S
20240329;102812;42.99;130;9986055531;B
20240329;102812;42.99;20;9986055532;B
20240329;102815;42.99;510;9986056027;B
20240329;102816;42.98;10;9986056285;S
20240329;102819;42.99;240;9986056939;B
20240329;102823;42.99;180;9986057550;B
20240329;102823;42.99;70;9986057551;B
20240329;102823;42.99;40;9986057552;B
20240329;102823;42.99;100;9986057553;B
20240329;102823;42.99;1000;9986057554;B
20240329;102823;42.99;2330;9986057555;B
20240329;102823;43;2740;9986057556;B
20240329;102823;43;200;9986057557;B
20240329;102823;43;80;9986057558;B
20240329;102823;43;1560;9986057559;B
20240329;102824;43;1000;9986057670;B
20240329;102824;42.99;200;9986057688;S
20240329;102824;43;10;9986057698;B
20240329;102825;43;2430;9986057722;B
20240329;102825;43;30;9986057723;B
20240329;102825;43;10;9986057724;B
20240329;102825;43;30;9986057725;B
20240329;102825;43;150;9986057726;B
20240329;102825;43;2320;9986057727;B
20240329;102825;43;500;9986057728;B
20240329;102825;43;1000;9986057729;B
20240329;102825;43;1000;9986057730;B
20240329;102825;43;10;9986057731;B
20240329;102825;43;10;9986057732;B
20240329;102825;43;40;9986057733;B
20240329;102825;43;10;9986057734;B
20240329;102825;43;30;9986057735;B
20240329;102825;43;10;9986057761;S
20240329;102826;43.01;2480;9986057842;B
20240329;102826;43.01;1440;9986057952;S
20240329;102828;43.01;20;9986058202;S
20240329;102828;43.01;100;9986058203;S
20240329;102830;43.01;320;9986058345;S
20240329;102831;43.01;10;9986058506;B
20240329;102831;43.02;200;9986058507;B
20240329;102831;43.02;2000;9986058508;B
20240329;102831;43.02;100;9986058509;B
20240329;102831;43.02;880;9986058510;B
20240329;102831;43.03;90;9986058511;B
20240329;102831;43.03;100;9986058512;B
20240329;102831;43.03;1280;9986058513;B
20240329;102831;43.04;3000;9986058514;B
20240329;102831;43.04;40;9986058515;B
20240329;102831;43.04;10;9986058516;B
20240329;102831;43.04;500;9986058517;B
20240329;102831;43.05;20;9986058518;B
20240329;102831;43.05;10;9986058519;B
20240329;102831;43.05;1760;9986058520;B
20240329;102831;43.02;100;9986058524;S
20240329;102831;43.04;80;9986058554;B
20240329;102831;43.05;1420;9986058555;B
20240329;102831;43.05;1160;9986058557;B
20240329;102831;43.05;660;9986058560;B
20240329;102831;43.05;10;9986058561;B
20240329;102831;43.05;130;9986058562;B
20240329;102831;43.05;560;9986058593;S
20240329;102831;43.06;10;9986058613;B
20240329;102832;43.06;100;9986058722;B
20240329;102833;43.05;20;9986058802;S
20240329;102833;43.05;590;9986058803;S
20240329;102833;43.04;410;9986058804;S
20240329;102836;43.03;10;9986059211;S
20240329;102837;43.05;1520;9986059254;B
20240329;102837;43.05;970;9986059255;B
20240329;102839;43.06;90;9986059665;B
20240329;102839;43.06;10;9986059666;B
20240329;102839;43.06;640;9986059667;B
20240329;102839;43.07;20;9986059668;B
20240329;102839;43.07;50;9986059669;B
20240329;102839;43.07;930;9986059670;B
20240329;102839;43.08;680;9986059671;B
20240329;102839;43.09;10;9986059672;B
20240329;102839;43.09;450;9986059673;B
20240329;102840;43.05;10;9986059678;S
20240329;102840;43.07;300;9986059697;B
20240329;102840;43.07;500;9986059741;B
20240329;102841;43.05;10;9986059788;S
20240329;102843;43.06;80;9986060141;B
20240329;102843;43.07;10;9986060142;B
20240329;102843;43.07;570;9986060143;B
20240329;102843;43.07;340;9986060144;B
20240329;102846;43.07;10;9986060489;B
20240329;102846;43.07;10;9986060490;B
20240329;102846;43.07;100;9986060491;B
20240329;102846;43.07;380;9986060492;B
20240329;102847;43.07;290;9986060556;B
20240329;102848;43.08;1730;9986060626;B
20240329;102848;43.08;10;9986060627;S
20240329;102848;43.08;200;9986060628;S
20240329;102848;43.06;10;9986060636;S
20240329;102852;43.07;30;9986061188;S
20240329;102852;43.07;70;9986061189;S
20240329;102854;43.09;100;9986061334;B
20240329;102857;43.06;110;9986061892;S
20240329;102859;43.08;10;9986062094;B
20240329;102859;43.08;10;9986062095;B
20240329;102859;43.08;950;9986062096;B
20240329;102900;43.09;3050;9986062171;B
20240329;102900;43.06;10;9986062194;S
20240329;102901;43.06;300;9986062322;S
20240329;102902;43.09;20;9986062422;B
20240329;102903;43.09;60;9986062532;B
20240329;102907;43.07;10;9986063010;B
20240329;102907;43.08;380;9986063011;B
20240329;102907;43.09;610;9986063012;B
20240329;102908;43.06;400;9986063196;S
20240329;102909;43.09;710;9986063389;B
20240329;102909;43.09;40;9986063390;B
20240329;102909;43.09;200;9986063391;B
20240329;102909;43.09;1680;9986063392;B
20240329;102909;43.09;500;9986063393;B
20240329;102909;43.1;2500;9986063394;B
20240329;102909;43.1;60;9986063395;B
20240329;102909;43.1;70;9986063396;B
20240329;102909;43.1;10;9986063397;B
20240329;102909;43.1;10;9986063398;B
20240329;102909;43.1;10;9986063399;B
20240329;102909;43.1;500;9986063400;B
20240329;102909;43.1;10;9986063401;B
20240329;102909;43.1;20;9986063402;B
20240329;102909;43.1;30;9986063403;B
20240329;102909;43.1;1000;9986063404;B
20240329;102909;43.1;190;9986063405;B
20240329;102909;43.1;50;9986063406;B
20240329;102909;43.1;2410;9986063407;B
20240329;102910;43.1;300;9986063427;B
20240329;102910;43.1;300;9986063433;B
20240329;102912;43.1;90;9986063679;B
20240329;102913;43.09;5000;9986063732;S
20240329;102914;43.1;900;9986063837;B
20240329;102914;43.1;10;9986063838;B
20240329;102914;43.1;10;9986063839;B
20240329;102914;43.1;10;9986063840;B
20240329;102914;43.1;10;9986063841;B
20240329;102914;43.1;1500;9986063842;B
20240329;102914;43.1;20;9986063843;B
20240329;102914;43.1;30;9986063844;B
20240329;102914;43.1;90;9986063845;B
20240329;102914;43.1;10;9986063846;B
20240329;102914;43.1;20;9986063847;B
20240329;102914;43.11;100;9986063848;B
20240329;102914;43.11;100;9986063849;B
20240329;102914;43.11;880;9986063850;B
20240329;102914;43.11;100;9986063851;B
20240329;102914;43.12;270;9986063852;B
20240329;102914;43.12;10;9986063853;B
20240329;102914;43.12;20;9986063854;B
20240329;102914;43.12;90;9986063855;B
20240329;102914;43.12;1150;9986063856;B
20240329;102914;43.13;10;9986063857;B
20240329;102914;43.13;4660;9986063858;B
20240329;102914;43.13;3000;9986063926;B
20240329;102915;43.1;540;9986063969;S
20240329;102915;43.1;10500;9986063970;S
20240329;102915;43.09;100;9986063971;S
20240329;102915;43.09;950;9986063972;S
20240329;102915;43.08;1000;9986063973;S
20240329;102915;43.08;1910;9986063974;S
20240329;102916;43.12;30;9986064174;B
20240329;102917;43.12;510;9986064247;B
20240329;102917;43.12;2330;9986064248;B
20240329;102917;43.12;950;9986064249;B
20240329;102917;43.13;2210;9986064250;B
20240329;102918;43.12;2000;9986064378;B
20240329;102919;43.1;20;9986064500;S
20240329;102920;43.12;20;9986064505;S
20240329;102921;43.11;80;9986064596;B
20240329;102921;43.12;400;9986064611;B
20240329;102922;43.12;100;9986064716;B
20240329;102923;43.11;30;9986064832;B
20240329;102923;43.11;200;9986064932;S
20240329;102924;43.12;10;9986064982;B
20240329;102924;43.12;10;9986064983;B
20240329;102924;43.12;80;9986064984;B
20240329;102924;43.12;500;9986065002;S
20240329;102925;43.12;10;9986065120;S
20240329;102925;43.12;10;9986065121;S
20240329;102925;43.11;20;9986065141;S
20240329;102925;43.13;50;9986065151;B
20240329;102931;43.11;10;9986065724;S
20240329;102932;43.12;10;9986065777;B
20240329;102932;43.12;940;9986065778;B
20240329;102932;43.13;10;9986065830;B
20240329;102934;43.12;2090;9986065917;S
20240329;102934;43.12;10000;9986065947;S
20240329;102935;43.13;10;9986066039;B
20240329;102935;43.13;2940;9986066158;B
20240329;102936;43.13;5350;9986066216;B
20240329;102936;43.13;90;9986066217;B
20240329;102936;43.13;20;9986066218;B
20240329;102936;43.13;10;9986066219;B
20240329;102936;43.13;10;9986066220;B
20240329;102936;43.13;940;9986066221;B
20240329;102936;43.14;30;9986066222;B
20240329;102936;43.14;200;9986066223;B
20240329;102936;43.14;500;9986066224;B
20240329;102936;43.14;50;9986066225;B
20240329;102936;43.14;500;9986066226;B
20240329;102936;43.14;2300;9986066227;B
20240329;102938;43.13;20;9986066370;S
20240329;102939;43.15;10;9986066454;B
20240329;102939;43.15;50;9986066455;B
20240329;102939;43.15;20;9986066456;B
20240329;102939;43.15;920;9986066457;B
20240329;102941;43.14;10;9986066618;S
20240329;102943;43.15;4080;9986066800;B
20240329;102943;43.15;170;9986066801;B
20240329;102943;43.15;3000;9986066802;B
20240329;102943;43.15;100;9986066803;B
20240329;102943;43.15;20;9986066804;B
20240329;102943;43.15;950;9986066805;B
20240329;102943;43.15;50;9986066848;S
20240329;102943;43.15;130;9986066849;S
20240329;102943;43.16;70;9986066889;B
20240329;102943;43.16;130;9986066890;B
20240329;102944;43.16;800;9986066970;B
20240329;102944;43.17;30;9986066971;B
20240329;102944;43.17;5000;9986066972;B
20240329;102944;43.17;10;9986066973;B
20240329;102944;43.17;350;9986066974;B
20240329;102944;43.17;1530;9986066975;B
20240329;102944;43.17;2330;9986066976;B
20240329;102944;43.18;4950;9986066977;B
20240329;102944;43.15;120;9986066988;S
20240329;102944;43.16;500;9986066998;S
20240329;102945;43.15;10;9986067119;S
20240329;102947;43.16;10;9986067403;S
20240329;102947;43.17;100;9986067427;B
20240329;102948;43.17;40;9986067518;B
20240329;102948;43.17;90;9986067519;B
20240329;102948;43.17;30;9986067520;B
20240329;102948;43.17;100;9986067521;B
20240329;102948;43.17;940;9986067522;B
20240329;102948;43.17;2330;9986067523;B
20240329;102948;43.18;5050;9986067524;B
20240329;102948;43.18;3600;9986067525;B
20240329;102948;43.18;20;9986067526;B
20240329;102948;43.18;5000;9986067527;B
20240329;102948;43.18;60;9986067528;B
20240329;102948;43.18;400;9986067529;B
20240329;102948;43.19;970;9986067530;B
20240329;102948;43.19;100;9986067531;B
20240329;102948;43.19;500;9986067532;B
20240329;102948;43.19;5000;9986067533;B
20240329;102948;43.19;20;9986067534;B
20240329;102948;43.19;1000;9986067535;B
20240329;102948;43.19;10;9986067536;B
20240329;102948;43.19;500;9986067537;B
20240329;102948;43.2;10000;9986067538;B
20240329;102948;43.2;100;9986067539;B
20240329;102948;43.2;10;9986067540;B
20240329;102948;43.2;300;9986067541;B
20240329;102948;43.2;10;9986067542;B
20240329;102948;43.2;1000;9986067543;B
20240329;102948;43.2;10;9986067544;B
20240329;102948;43.2;9300;9986067545;B
20240329;102948;43.2;30;9986067546;B
20240329;102948;43.2;100;9986067547;B
20240329;102948;43.2;500;9986067548;B
20240329;102948;43.2;10;9986067549;B
20240329;102948;43.2;1230;9986067550;B
20240329;102948;43.2;10;9986067551;B
20240329;102948;43.2;10;9986067552;B
20240329;102948;43.2;10;9986067553;B
20240329;102948;43.2;5000;9986067554;B
20240329;102948;43.2;10;9986067555;B
20240329;102948;43.2;400;9986067556;B
20240329;102948;43.2;200;9986067557;B
20240329;102948;43.2;10;9986067558;B
20240329;102948;43.2;10;9986067559;B
20240329;102948;43.2;100;9986067560;B
20240329;102948;43.21;5000;9986067561;B
20240329;102948;43.21;1000;9986067562;B
20240329;102948;43.21;9530;9986067563;B
20240329;102948;43.18;400;9986067567;S
20240329;102949;43.18;10;9986067586;S
20240329;102949;43.22;100;9986067588;B
20240329;102949;43.23;30;9986067589;B
20240329;102949;43.23;10;9986067590;B
20240329;102949;43.23;160;9986067591;B
20240329;102949;43.2;530;9986067592;S
20240329;102949;43.19;1470;9986067593;S
20240329;102949;43.19;2000;9986067594;S
20240329;102949;43.18;2000;9986067595;S
20240329;102949;43.18;500;9986067596;S
20240329;102949;43.16;200;9986067622;S
20240329;102950;43.19;20;9986067702;B
20240329;102950;43.16;3540;9986067743;S
20240329;102950;43.16;6460;9986067744;S
20240329;102951;43.19;1980;9986067782;B
20240329;102951;43.19;530;9986067783;B
20240329;102951;43.19;930;9986067784;B
20240329;102951;43.2;90;9986067785;B
20240329;102951;43.2;10;9986067786;B
20240329;102951;43.21;2330;9986067787;B
20240329;102951;43.22;500;9986067788;B
20240329;102951;43.22;500;9986067789;B
20240329;102951;43.22;500;9986067790;B
20240329;102951;43.22;2010;9986067791;B
20240329;102951;43.23;230;9986067792;B
20240329;102951;43.23;1000;9986067793;B
20240329;102951;43.23;8400;9986067794;B
20240329;102951;43.23;3470;9986067795;B
20240329;102951;43.23;90;9986067796;B
20240329;102951;43.24;30;9986067797;B
20240329;102951;43.24;10;9986067798;B
20240329;102951;43.24;10000;9986067799;B
20240329;102951;43.25;100;9986067800;B
20240329;102951;43.25;10;9986067801;B
20240329;102951;43.25;10;9986067802;B
20240329;102951;43.25;460;9986067803;B
20240329;102951;43.25;40;9986067804;B
20240329;102951;43.25;10;9986067805;B
20240329;102951;43.25;3040;9986067806;B
20240329;102951;43.25;150;9986067807;B
20240329;102951;43.25;10000;9986067808;B
20240329;102951;43.25;9830;9986067809;B
20240329;102951;43.21;10;9986067835;S
20240329;102953;43.24;3750;9986068072;S
20240329;102954;43.25;10;9986068162;B
20240329;102954;43.25;2090;9986068163;B
20240329;102954;43.26;300;9986068164;B
20240329;102954;43.26;10;9986068165;B
20240329;102954;43.26;2330;9986068166;B
20240329;102954;43.26;3500;9986068167;B
20240329;102954;43.27;1560;9986068168;B
20240329;102954;43.27;110;9986068169;B
20240329;102954;43.27;1010;9986068170;B
20240329;102954;43.28;500;9986068171;B
20240329;102954;43.28;2500;9986068172;B
20240329;102954;43.28;3500;9986068173;B
20240329;102954;43.29;9990;9986068174;B
20240329;102954;43.29;5000;9986068175;B
20240329;102954;43.29;200;9986068176;B
20240329;102954;43.29;20;9986068177;B
20240329;102954;43.29;10;9986068178;B
20240329;102954;43.29;2900;9986068179;B
20240329;102954;43.3;1000;9986068180;B
20240329;102954;43.3;10;9986068181;B
20240329;102954;43.3;20;9986068182;B
20240329;102954;43.3;40;9986068183;B
20240329;102954;43.3;10;9986068184;B
20240329;102954;43.3;200;9986068185;B
20240329;102954;43.3;10;9986068186;B
20240329;102954;43.3;500;9986068187;B
20240329;102954;43.3;10;9986068188;B
20240329;102954;43.3;70;9986068189;B
20240329;102954;43.3;10;9986068190;B
20240329;102954;43.3;10;9986068191;B
20240329;102954;43.3;10;9986068192;B
20240329;102954;43.3;100;9986068193;B
20240329;102954;43.3;10;9986068194;B
20240329;102954;43.3;90;9986068195;B
20240329;102954;43.3;20;9986068196;B
20240329;102954;43.3;10;9986068197;B
20240329;102954;43.3;100;9986068198;B
20240329;102954;43.3;20;9986068199;B
20240329;102954;43.3;50;9986068200;B
20240329;102954;43.3;10000;9986068201;B
20240329;102954;43.31;1000;9986068202;B
20240329;102954;43.31;50;9986068203;B
20240329;102954;43.31;10000;9986068204;B
20240329;102954;43.31;2900;9986068205;B
20240329;102954;43.32;30;9986068206;B
20240329;102954;43.32;10;9986068207;B
20240329;102954;43.32;30;9986068208;B
20240329;102954;43.32;20;9986068209;B
20240329;102954;43.32;10000;9986068210;B
20240329;102954;43.32;10;9986068211;B
20240329;102954;43.33;200;9986068212;B
20240329;102954;43.33;300;9986068213;B
20240329;102954;43.33;10;9986068214;B
20240329;102954;43.33;2000;9986068215;B
20240329;102954;43.33;2220;9986068216;B
20240329;102954;43.33;30;9986068217;B
20240329;102954;43.33;60;9986068218;B
20240329;102954;43.33;10;9986068219;B
20240329;102954;43.33;50;9986068220;B
20240329;102954;43.33;10;9986068221;B
20240329;102954;43.33;2000;9986068222;B
20240329;102954;43.33;9220;9986068223;B
20240329;102954;43.25;300;9986068225;S
20240329;102954;43.27;100;9986068226;B
20240329;102954;43.26;100;9986068227;S
20240329;102954;43.26;10;9986068247;S
20240329;102954;43.26;10;9986068248;S
20240329;102954;43.27;80;9986068264;S
20240329;102954;43.26;70;9986068265;S
20240329;102955;43.26;200;9986068282;S
20240329;102955;43.26;110;9986068283;S
20240329;102955;43.27;90;9986068295;B
20240329;102955;43.27;30;9986068296;S
20240329;102955;43.28;100;9986068308;S
20240329;102955;43.28;100;9986068309;S
20240329;102955;43.28;10;9986068329;S
20240329;102955;43.29;10;9986068332;B
20240329;102955;43.28;10;9986068336;S
20240329;102955;43.28;10;9986068357;S
20240329;102955;43.28;870;9986068358;S
20240329;102955;43.28;1000;9986068359;S
20240329;102955;43.28;1000;9986068360;S
20240329;102955;43.28;1000;9986068361;S
20240329;102955;43.28;6780;9986068362;S
20240329;102955;43.28;100;9986068363;S
20240329;102955;43.28;10000;9986068364;S
20240329;102955;43.28;9250;9986068365;S
20240329;102956;43.28;10;9986068376;S
20240329;102956;43.29;90;9986068387;B
20240329;102956;43.29;160;9986068388;B
20240329;102956;43.3;50;9986068389;B
20240329;102956;43.3;90;9986068390;B
20240329;102956;43.3;200;9986068391;B
20240329;102956;43.3;300;9986068392;B
20240329;102956;43.3;180;9986068393;B
20240329;102956;43.3;400;9986068394;B
20240329;102956;43.31;500;9986068395;B
20240329;102956;43.31;1780;9986068396;B
20240329;102956;43.3;800;9986068448;B
20240329;102957;43.29;20;9986068469;B
20240329;102957;43.31;360;9986068470;B
20240329;102957;43.28;10;9986068508;S
20240329;102957;43.3;10;9986068561;B
20240329;102957;43.28;10;9986068562;S
20240329;102958;43.28;10;9986068585;S
20240329;102958;43.28;20;9986068586;S
20240329;102958;43.28;20;9986068642;S
20240329;102958;43.28;10;9986068684;S
20240329;102959;43.28;6690;9986068692;S
20240329;102959;43.28;200;9986068693;S
20240329;102959;43.28;1000;9986068694;S
20240329;102959;43.28;1000;9986068695;S
20240329;102959;43.28;800;9986068696;S
20240329;102959;43.28;310;9986068697;S
20240329;102959;43.3;900;9986068703;B
20240329;103000;43.3;10;9986068783;B
20240329;103000;43.31;10;9986068784;B
20240329;103000;43.3;200;9986068803;S
20240329;103000;43.3;1050;9986068804;S
20240329;103000;43.31;60;9986068816;B
20240329;103000;43.3;250;9986068834;S
20240329;103000;43.3;700;9986068842;S
20240329;103000;43.3;300;9986068843;S
20240329;103000;43.3;1000;9986068846;S
20240329;103000;43.31;1000;9986068850;B
20240329;103000;43.31;290;9986068851;B
20240329;103000;43.31;410;9986068852;B
20240329;103000;43.32;100;9986068855;B
20240329;103000;43.32;780;9986068856;B
20240329;103000;43.3;1160;9986068880;S
20240329;103001;43.3;500;9986068942;S
20240329;103001;43.3;20;9986068982;S
20240329;103001;43.3;10;9986068983;S
20240329;103001;43.31;10;9986069013;B
20240329;103002;43.3;10;9986069127;S
20240329;103003;43.3;50;9986069143;S
20240329;103003;43.31;10;9986069149;B
20240329;103003;43.31;50;9986069202;S
20240329;103004;43.31;10;9986069253;S
20240329;103004;43.32;1000;9986069284;B
20240329;103005;43.32;2000;9986069343;B
20240329;103005;43.32;20;9986069344;B
20240329;103005;43.32;2500;9986069345;B
20240329;103005;43.32;10;9986069346;B
20240329;103005;43.32;920;9986069347;B
20240329;103005;43.32;2330;9986069348;B
20240329;103005;43.32;2330;9986069415;B
20240329;103005;43.32;300;9986069416;B
20240329;103005;43.33;780;9986069417;B
20240329;103005;43.33;2000;9986069418;B
20240329;103005;43.33;10;9986069419;B
20240329;103005;43.33;10;9986069420;B
20240329;103005;43.33;9510;9986069421;B
20240329;103005;43.33;2000;9986069422;B
20240329;103005;43.33;20;9986069423;B
20240329;103005;43.34;50;9986069424;B
20240329;103005;43.34;30;9986069425;B
20240329;103005;43.34;300;9986069426;B
20240329;103005;43.34;150;9986069427;B
20240329;103005;43.34;300;9986069428;B
20240329;103005;43.34;1000;9986069429;B
20240329;103005;43.34;10000;9986069430;B
20240329;103005;43.34;5000;9986069431;B
20240329;103005;43.34;10;9986069432;B
20240329;103005;43.34;10;9986069433;B
20240329;103005;43.34;20;9986069434;B
20240329;103005;43.34;3500;9986069435;B
20240329;103005;43.35;30;9986069436;B
20240329;103005;43.35;1000;9986069437;B
20240329;103005;43.35;100;9986069438;B
20240329;103005;43.35;670;9986069439;B
20240329;103005;43.35;10;9986069440;B
20240329;103005;43.35;20;9986069441;B
20240329;103005;43.35;140840;9986069442;B
20240329;103005;43.32;20;9986069469;S
20240329;103006;43.34;100;9986069553;B
20240329;103006;43.32;300;9986069556;S
20240329;103006;43.32;1680;9986069569;S
20240329;103006;43.32;3320;9986069570;S
20240329;103006;43.32;1500;9986069611;S
20240329;103007;43.34;1500;9986069616;B
20240329;103008;43.33;30;9986069748;S
20240329;103008;43.33;10;9986069779;S
20240329;103009;43.34;400;9986069786;B
20240329;103009;43.33;1000;9986069817;S
20240329;103009;43.34;1600;9986069841;B
20240329;103009;43.34;90;9986069842;B
20240329;103009;43.34;10;9986069843;B
20240329;103009;43.34;50;9986069844;B
20240329;103009;43.34;10;9986069845;B
20240329;103009;43.34;2330;9986069846;B
20240329;103009;43.34;1000;9986069847;B
20240329;103009;43.34;10;9986069848;B
20240329;103009;43.34;150;9986069849;B
20240329;103009;43.34;30;9986069850;B
20240329;103009;43.34;10;9986069851;B
20240329;103009;43.35;94710;9986069852;B
20240329;103010;43.33;500;9986069915;S
20240329;103010;43.34;2330;9986069937;B
20240329;103010;43.34;10;9986069938;B
20240329;103010;43.34;1500;9986069939;B
20240329;103011;43.35;6420;9986069964;B
20240329;103011;43.35;70;9986070026;B
20240329;103011;43.35;3000;9986070048;B
20240329;103011;43.35;500;9986070091;B
20240329;103012;43.35;3000;9986070099;B
20240329;103012;43.35;450;9986070118;B
20240329;103012;43.35;3000;9986070126;B
20240329;103012;43.35;3000;9986070155;B
20240329;103012;43.35;2000;9986070170;B
20240329;103013;43.35;20;9986070203;B
20240329;103013;43.35;98000;9986070205;B
20240329;103013;43.35;10;9986070206;B
20240329;103013;43.35;10000;9986070207;B
20240329;103013;43.35;30000;9986070208;B
20240329;103013;43.35;1000;9986070215;B
20240329;103013;43.35;1200;9986070216;B
20240329;103013;43.35;660;9986070226;B
20240329;103013;43.35;6000;9986070253;B
20240329;103013;43.35;2500;9986070275;B
20240329;103013;43.35;2000;9986070276;B
20240329;103013;43.35;200;9986070294;B
20240329;103013;43.35;5000;9986070296;B
20240329;103014;43.35;200;9986070301;B
20240329;103014;43.35;500;9986070303;B
20240329;103014;43.35;10500;9986070309;B
20240329;103014;43.35;80;9986070317;B
20240329;103014;43.35;10;9986070335;B
20240329;103014;43.34;50;9986070336;S
20240329;103014;43.35;500;9986070343;B
20240329;103014;43.34;240;9986070348;S
20240329;103014;43.34;260;9986070349;S
20240329;103014;43.35;10;9986070350;B
20240329;103014;43.35;10;9986070356;B
20240329;103014;43.35;3750;9986070359;B
20240329;103014;43.35;350;9986070361;B
20240329;103014;43.35;100;9986070363;B
20240329;103014;43.35;5000;9986070371;B
20240329;103014;43.35;10;9986070376;B
20240329;103015;43.35;10;9986070387;B
20240329;103015;43.35;10;9986070417;B
20240329;103015;43.35;3750;9986070422;B
20240329;103015;43.35;20;9986070469;B
20240329;103015;43.35;500;9986070492;B
20240329;103016;43.35;61110;9986070552;B
20240329;103016;43.35;33000;9986070553;B
20240329;103016;43.35;50;9986070554;B
20240329;103016;43.35;50;9986070555;B
20240329;103016;43.35;20;9986070556;B
20240329;103016;43.35;400;9986070557;B
20240329;103016;43.35;40;9986070558;B
20240329;103016;43.35;270;9986070559;B
20240329;103016;43.35;1000;9986070560;B
20240329;103016;43.35;10;9986070561;B
20240329;103016;43.35;40;9986070562;B
20240329;103016;43.35;410;9986070563;B
20240329;103016;43.35;10;9986070564;B
20240329;103016;43.35;10;9986070565;B
20240329;103016;43.35;40;9986070566;B
20240329;103016;43.35;150;9986070567;B
20240329;103016;43.36;200;9986070568;B
20240329;103016;43.36;2040;9986070569;B
20240329;103016;43.36;260;9986070570;B
20240329;103016;43.36;450;9986070571;B
20240329;103016;43.36;1880;9986070572;B
20240329;103016;43.36;2520;9986070573;B
20240329;103016;43.36;2530;9986070574;B
20240329;103016;43.36;2850;9986070575;B
20240329;103016;43.36;10;9986070576;B
20240329;103016;43.37;20;9986070577;B
20240329;103016;43.37;220;9986070578;B
20240329;103016;43.37;20;9986070579;B
20240329;103016;43.38;140;9986070580;B
20240329;103016;43.38;10;9986070581;B
20240329;103016;43.38;100;9986070582;B
