<DATE>;<TIME>;<LAST>;<VOL>;<ID>;<OPER>
20240410;095933;49.5;100;10083876189;S
20240410;095933;49.5;20;10083876190;B
20240410;095933;49.5;20;10083876191;B
20240410;095933;49.5;190;10083876192;B
20240410;095933;49.5;10;10083876193;B
20240410;095933;49.5;10;10083876194;B
20240410;095933;49.5;10;10083876195;B
20240410;095933;49.5;10;10083876196;B
20240410;095933;49.5;30;10083876197;B
20240410;095933;49.5;10;10083876198;B
20240410;095933;49.5;20;10083876199;S
20240410;095933;49.5;200;10083876200;B
20240410;095933;49.5;410;10083876201;B
20240410;095933;49.5;10;10083876202;B
20240410;095933;49.5;10;10083876203;B
20240410;095933;49.5;10;10083876204;B
20240410;095933;49.5;240;10083876205;B
20240410;095933;49.5;110;10083876206;B
20240410;095933;49.5;430;10083876207;B
20240410;095933;49.5;40;10083876208;B
20240410;095933;49.5;20;10083876209;B
20240410;095933;49.5;10;10083876210;S
20240410;095933;49.5;120;10083876211;S
20240410;095933;49.5;30;10083876212;B
20240410;095933;49.5;600;10083876213;B
20240410;095933;49.5;20;10083876214;B
20240410;095933;49.5;30;10083876215;B
20240410;095933;49.5;30;10083876216;B
20240410;095933;49.5;20;10083876217;B
20240410;095933;49.5;20;10083876218;B
20240410;095933;49.5;50;10083876219;B
20240410;095933;49.5;10;10083876220;B
20240410;095933;49.5;20;10083876221;B
20240410;095933;49.5;10;10083876222;B
20240410;095933;49.5;10;10083876223;B
20240410;095933;49.5;10;10083876224;B
20240410;095933;49.5;100;10083876225;B
20240410;095933;49.5;20;10083876226;B
20240410;095933;49.5;30;10083876227;B
20240410;095933;49.5;30;10083876228;B
20240410;095933;49.5;10;10083876229;B
20240410;095933;49.5;10;10083876230;B
20240410;095933;49.5;810;10083876231;B
20240410;095933;49.5;150;10083876232;B
20240410;095933;49.5;30;10083876233;B
20240410;095933;49.5;50;10083876234;B
20240410;095933;49.5;100;10083876235;B
20240410;095933;49.5;100;10083876236;B
20240410;095933;49.5;100;10083876237;B
20240410;095933;49.5;100;10083876238;B
20240410;095933;49.5;10;10083876239;B
20240410;095933;49.5;80;10083876240;B
20240410;095933;49.5;20;10083876241;B
20240410;095933;49.5;10;10083876242;B
20240410;095933;49.5;990;10083876243;B
20240410;095933;49.5;100;10083876244;S
20240410;095933;49.5;10;10083876245;B
20240410;095933;49.5;70;10083876246;B
20240410;095933;49.5;10;10083876247;B
20240410;095933;49.5;110;10083876248;S
20240410;095933;49.5;60;10083876249;S
20240410;095933;49.5;30;10083876250;S
20240410;095933;49.5;10;10083876251;B
20240410;095933;49.5;100;10083876252;B
20240410;095933;49.5;10;10083876253;B
20240410;095933;49.5;70;10083876254;B
20240410;095933;49.5;100;10083876255;B
20240410;095933;49.5;1000;10083876256;B
20240410;095933;49.5;4000;10083876257;S
20240410;095933;49.5;8300;10083876258;S
20240410;095933;49.5;60;10083876259;B
20240410;095933;49.5;10;10083876260;B
20240410;095933;49.5;40;10083876261;B
20240410;100000;49.49;1000;10083883042;B
20240410;100000;49.49;1000;10083883059;B
20240410;100000;49.49;1000;10083883073;B
20240410;100000;49.49;1000;10083883128;B
20240410;100000;49.49;1000;10083883148;B
20240410;100000;49.49;1000;10083883153;B
20240410;100000;49.49;1000;10083883158;B
20240410;100000;49.49;280;10083883175;B
20240410;100000;49.5;1000;10083883179;B
20240410;100000;49.5;590;10083883196;B
20240410;100000;49.5;50;10083883197;B
20240410;100000;49.5;1360;10083883198;B
20240410;100000;49.49;600;10083883223;S
20240410;100000;49.5;320;10083883368;B
20240410;100000;49.5;1000;10083883392;B
20240410;100000;49.49;20;10083883612;S
20240410;100000;49.49;1000;10083883613;S
20240410;100000;49.47;430;10083883614;S
20240410;100000;49.44;1000;10083883615;S
20240410;100000;49.43;5660;10083883616;S
20240410;100000;49.49;600;10083883625;B
20240410;100001;49.5;1000;10083883656;B
20240410;100001;49.5;750;10083883722;B
20240410;100001;49.5;100;10083883723;B
20240410;100001;49.5;150;10083883724;B
20240410;100001;49.5;1000;10083883728;B
20240410;100001;49.5;1000;10083883731;B
20240410;100001;49.45;10;10083883935;S
20240410;100001;49.45;500;10083884163;S
20240410;100001;49.45;20;10083884164;S
20240410;100001;49.44;470;10083884165;S
20240410;100001;49.44;10;10083884166;S
20240410;100001;49.47;10;10083884169;B
20240410;100001;49.47;220;10083884170;B
20240410;100001;49.48;1000;10083884171;B
20240410;100001;49.48;1000;10083884172;B
20240410;100001;49.48;470;10083884175;B
20240410;100001;49.48;10;10083884234;S
20240410;100002;49.48;10;10083884571;S
20240410;100003;49.49;20;10083885375;B
20240410;100003;49.5;2980;10083885376;B
20240410;100003;49.49;600;10083885428;S
20240410;100003;49.49;540;10083885429;S
20240410;100004;49.48;30;10083885472;S
20240410;100004;49.48;30;10083885486;S
20240410;100004;49.48;200;10083885667;S
20240410;100004;49.49;10;10083885702;B
20240410;100005;49.48;30;10083885964;S
20240410;100005;49.49;50;10083885965;B
20240410;100005;49.48;20;10083885967;S
20240410;100005;49.48;90;10083886206;S
20240410;100005;49.48;110;10083886223;S
20240410;100005;49.48;220;10083886224;S
20240410;100005;49.48;50;10083886237;S
20240410;100005;49.48;140;10083886256;S
20240410;100005;49.49;10;10083886329;B
20240410;100005;49.49;20;10083886332;B
20240410;100005;49.48;20;10083886346;S
20240410;100005;49.49;60;10083886354;B
20240410;100005;49.48;10;10083886356;S
20240410;100005;49.48;20;10083886387;S
20240410;100005;49.48;10;10083886389;S
20240410;100005;49.48;10;10083886402;S
20240410;100005;49.48;50;10083887278;S
20240410;100005;49.49;10;10083887284;B
20240410;100005;49.49;1000;10083887471;B
20240410;100005;49.49;20;10083887560;B
20240410;100005;49.48;10;10083887563;S
20240410;100005;49.49;50;10083887759;B
20240410;100005;49.49;10;10083887764;B
20240410;100005;49.48;100;10083887769;S
20240410;100006;49.48;10;10083887945;S
20240410;100006;49.48;10;10083887947;S
20240410;100006;49.48;30;10083887948;S
20240410;100006;49.48;30;10083887949;S
20240410;100006;49.48;10;10083887950;S
20240410;100006;49.48;30;10083888003;S
20240410;100006;49.49;10;10083888304;B
20240410;100006;49.48;10;10083888305;S
20240410;100006;49.48;10;10083888307;S
20240410;100006;49.49;10;10083888310;B
20240410;100006;49.48;20;10083888312;S
20240410;100006;49.48;20;10083888498;S
20240410;100006;49.48;20;10083888500;S
20240410;100006;49.48;20;10083888501;S
20240410;100006;49.48;30;10083888503;S
20240410;100006;49.48;50;10083888504;S
20240410;100006;49.48;20;10083888505;S
20240410;100006;49.49;30;10083888506;B
20240410;100006;49.48;20;10083888986;S
20240410;100006;49.49;10;10083888990;B
20240410;100006;49.48;10;10083888992;S
20240410;100006;49.49;50;10083888995;B
20240410;100006;49.48;110;10083889002;S
20240410;100006;49.48;10;10083889287;S
20240410;100006;49.48;50;10083889288;S
20240410;100006;49.49;10;10083889291;B
20240410;100006;49.48;10;10083889404;S
20240410;100006;49.49;10;10083889405;B
20240410;100006;49.49;10;10083889406;B
20240410;100006;49.49;10;10083889407;B
20240410;100006;49.48;10;10083889503;S
20240410;100007;49.48;20;10083889705;S
20240410;100007;49.49;10;10083889706;B
20240410;100007;49.48;300;10083889887;S
20240410;100007;49.48;1000;10083889888;S
20240410;100007;49.48;1000;10083889889;S
20240410;100007;49.48;1000;10083889890;S
20240410;100007;49.48;600;10083889891;S
20240410;100007;49.48;500;10083889892;S
20240410;100007;49.48;100;10083889893;S
20240410;100007;49.47;10;10083889916;S
20240410;100007;49.47;240;10083889918;S
20240410;100007;49.47;10;10083889929;S
20240410;100007;49.48;810;10083890086;B
20240410;100007;49.48;150;10083890087;B
20240410;100007;49.51;660;10083890182;B
20240410;100007;49.52;350;10083890183;B
20240410;100007;49.52;2070;10083890337;B
20240410;100007;49.51;1500;10083890359;S
20240410;100007;49.51;1500;10083890360;S
20240410;100007;49.48;470;10083890361;S
20240410;100007;49.47;700;10083890362;S
20240410;100007;49.47;200;10083890363;S
20240410;100007;49.47;700;10083890364;S
20240410;100007;49.47;700;10083890365;S
20240410;100007;49.47;1500;10083890366;B
20240410;100007;49.47;1000;10083890367;B
20240410;100007;49.47;830;10083890369;B
20240410;100007;49.48;400;10083890370;B
20240410;100007;49.49;70;10083890371;B
20240410;100007;49.5;600;10083890372;B
20240410;100007;49.47;30;10083890482;S
20240410;100007;49.47;10;10083890486;S
20240410;100007;49.47;20;10083890488;S
20240410;100007;49.45;30;10083890490;S
20240410;100007;49.49;10;10083890493;B
20240410;100007;49.49;20;10083890541;B
20240410;100007;49.5;20;10083890542;B
20240410;100007;49.5;10;10083890543;B
20240410;100007;49.45;30;10083890629;S
20240410;100007;49.45;30;10083890646;S
20240410;100007;49.49;10;10083890652;B
20240410;100007;49.45;10;10083890658;S
20240410;100007;49.47;500;10083890726;B
20240410;100008;49.45;30;10083890817;S
20240410;100008;49.45;20;10083890820;S
20240410;100008;49.48;100;10083890963;B
20240410;100008;49.48;20;10083891013;B
20240410;100008;49.48;10;10083891131;B
20240410;100008;49.47;880;10083891299;B
20240410;100008;49.49;20;10083891300;B
20240410;100008;49.49;1100;10083891301;B
20240410;100009;49.47;1000;10083891344;B
20240410;100009;49.47;1000;10083891345;B
20240410;100009;49.47;1000;10083891347;B
20240410;100009;49.47;1000;10083891348;B
20240410;100009;49.49;10;10083891478;B
20240410;100009;49.47;20;10083891479;S
20240410;100010;49.49;30;10083891870;B
20240410;100010;49.49;10;10083891871;B
20240410;100010;49.51;40;10083891872;B
20240410;100010;49.51;180;10083891873;B
20240410;100010;49.51;10;10083891939;B
20240410;100010;49.48;140;10083892073;S
20240410;100010;49.48;1280;10083892079;S
20240410;100010;49.47;980;10083892080;S
20240410;100010;49.47;1000;10083892081;S
20240410;100010;49.47;1000;10083892082;S
20240410;100010;49.47;1000;10083892083;S
20240410;100010;49.45;470;10083892084;S
20240410;100010;49.44;170;10083892085;S
20240410;100010;49.5;20;10083892242;B
20240410;100010;49.5;10;10083892258;B
20240410;100011;49.5;20;10083892314;B
20240410;100011;49.44;470;10083892403;S
20240410;100011;49.44;1000;10083892404;S
20240410;100011;49.44;30;10083892405;S
20240410;100011;49.44;10;10083892446;S
20240410;100011;49.44;10;10083892484;S
20240410;100011;49.49;20;10083892509;B
20240410;100011;49.5;420;10083892510;B
20240410;100011;49.5;230;10083892511;B
20240410;100012;49.49;20;10083892673;B
20240410;100012;49.49;40;10083892723;B
20240410;100013;49.46;300;10083892874;B
20240410;100013;49.49;410;10083892886;B
20240410;100013;49.49;700;10083892887;B
20240410;100014;49.5;360;10083893062;B
20240410;100014;49.52;1200;10083893063;B
20240410;100014;49.5;530;10083893070;S
20240410;100014;49.48;470;10083893071;S
20240410;100015;49.45;30;10083893198;S
20240410;100015;49.45;450;10083893199;S
20240410;100015;49.44;1000;10083893200;S
20240410;100015;49.44;40;10083893201;S
20240410;100015;49.44;230;10083893207;B
20240410;100015;49.47;1000;10083893208;B
20240410;100015;49.47;470;10083893209;B
20240410;100015;49.5;300;10083893211;B
20240410;100015;49.5;1120;10083893212;B
20240410;100015;49.5;380;10083893213;B
20240410;100015;49.5;20;10083893214;B
20240410;100015;49.5;2240;10083893242;B
20240410;100015;49.51;3050;10083893243;B
20240410;100015;49.51;2500;10083893244;B
20240410;100015;49.52;1480;10083893245;B
20240410;100015;49.44;160;10083893338;S
20240410;100015;49.47;200;10083893342;S
20240410;100015;49.5;160;10083893419;B
20240410;100015;49.51;340;10083893420;B
20240410;100016;49.48;470;10083893530;S
20240410;100016;49.48;10;10083893618;B
20240410;100017;49.47;100;10083893647;S
20240410;100017;49.48;670;10083893717;B
20240410;100018;49.47;60;10083894420;S
20240410;100021;49.47;30;10083895350;S
20240410;100022;49.47;100;10083895499;S
20240410;100022;49.47;650;10083895664;S
20240410;100022;49.44;300;10083895665;S
20240410;100022;49.43;350;10083895666;S
20240410;100022;49.47;60;10083895669;B
20240410;100026;49.46;10;10083896422;B
20240410;100027;49.44;90;10083896663;S
20240410;100027;49.44;50;10083896686;S
20240410;100027;49.44;40;10083896709;S
20240410;100028;49.44;100;10083897005;S
20240410;100028;49.44;190;10083897024;S
20240410;100029;49.44;2000;10083897331;S
20240410;100029;49.46;100;10083897363;B
20240410;100029;49.44;4810;10083897445;S
20240410;100029;49.43;190;10083897446;S
20240410;100031;49.43;90;10083897910;S
20240410;100033;49.43;170;10083898190;S
20240410;100034;49.43;300;10083898295;S
20240410;100035;49.43;10;10083898541;S
20240410;100036;49.44;30;10083898759;B
20240410;100037;49.44;10;10083898975;B
20240410;100039;49.43;1000;10083899395;S
20240410;100039;49.43;210;10083899467;S
20240410;100042;49.43;20;10083900030;S
20240410;100042;49.4;80;10083900031;S
20240410;100043;49.4;100;10083900174;S
20240410;100044;49.4;1820;10083900416;S
20240410;100044;49.4;300;10083900417;S
20240410;100044;49.4;1000;10083900418;S
20240410;100044;49.4;470;10083900419;S
20240410;100044;49.4;500;10083900420;S
20240410;100044;49.4;200;10083900421;B
20240410;100045;49.39;120;10083900583;S
20240410;100045;49.39;500;10083900584;S
20240410;100045;49.38;4380;10083900585;S
20240410;100048;49.4;10;10083901164;B
20240410;100049;49.39;50;10083901513;S
20240410;100049;49.39;10;10083901615;S
20240410;100050;49.39;10;10083901720;S
20240410;100050;49.39;10;10083901739;S
20240410;100050;49.4;700;10083901742;B
20240410;100050;49.4;800;10083901743;B
20240410;100050;49.4;1000;10083901744;B
20240410;100050;49.4;1000;10083901745;B
20240410;100052;49.38;40;10083902226;S
20240410;100052;49.38;10;10083902319;S
20240410;100053;49.43;80;10083902445;B
20240410;100053;49.4;120;10083902655;B
20240410;100053;49.43;80;10083902656;B
20240410;100056;49.38;50;10083903277;S
20240410;100058;49.38;2800;10083903672;S
20240410;100058;49.38;500;10083903673;S
20240410;100058;49.38;130;10083903674;B
20240410;100058;49.4;800;10083903676;B
20240410;100059;49.38;1370;10083903863;S
20240410;100059;49.37;20;10083903864;S
20240410;100059;49.37;200;10083903865;S
20240410;100059;49.35;120;10083903866;S
20240410;100059;49.35;40;10083903867;S
20240410;100059;49.35;1050;10083903868;S
20240410;100059;49.39;50;10083903892;B
20240410;100059;49.36;160;10083903893;S
20240410;100059;49.35;390;10083903894;S
20240410;100059;49.35;550;10083903897;S
20240410;100059;49.35;400;10083903902;S
20240410;100059;49.35;110;10083903970;S
20240410;100059;49.35;10;10083903971;S
20240410;100059;49.34;320;10083903972;S
20240410;100102;49.35;700;10083904553;S
20240410;100103;49.35;10;10083904877;S
20240410;100104;49.39;10;10083905028;B
20240410;100104;49.39;410;10083905035;B
20240410;100104;49.39;90;10083905036;B
20240410;100105;49.35;290;10083905073;S
20240410;100105;49.34;720;10083905074;S
20240410;100108;49.38;410;10083905770;B
20240410;100108;49.38;100;10083905811;S
20240410;100109;49.38;10;10083905922;S
20240410;100110;49.39;10;10083906147;B
20240410;100111;49.39;10;10083906200;B
20240410;100111;49.39;40;10083906227;B
20240410;100111;49.39;420;10083906228;B
20240410;100111;49.4;1000;10083906229;B
20240410;100111;49.4;10;10083906230;B
20240410;100111;49.41;1030;10083906231;B
20240410;100120;49.41;100;10083907967;B
20240410;100127;49.4;10000;10083909495;S
20240410;100127;49.39;980;10083909496;S
20240410;100127;49.38;480;10083909497;S
20240410;100127;49.38;1000;10083909498;S
20240410;100127;49.38;1000;10083909499;S
20240410;100127;49.38;1000;10083909500;S
20240410;100127;49.38;420;10083909501;S
20240410;100127;49.37;470;10083909502;S
20240410;100127;49.37;1000;10083909503;S
20240410;100127;49.36;1000;10083909504;S
20240410;100127;49.35;1000;10083909505;S
20240410;100127;49.35;6000;10083909506;S
20240410;100127;49.35;540;10083909624;S
20240410;100127;49.35;20;10083909625;S
20240410;100128;49.38;10;10083909854;B
20240410;100132;49.35;20;10083910663;S
20240410;100138;49.38;410;10083911838;B
20240410;100138;49.38;1420;10083911839;B
20240410;100138;49.39;1000;10083911840;B
20240410;100138;49.39;1000;10083911841;B
20240410;100138;49.4;470;10083911842;B
20240410;100138;49.4;1000;10083911843;B
20240410;100138;49.4;2640;10083911844;B
20240410;100138;49.41;1000;10083911845;B
20240410;100138;49.41;1060;10083911846;B
20240410;100139;49.4;10;10083911955;B
20240410;100141;49.4;10;10083912170;B
20240410;100143;49.35;10;10083912685;S
20240410;100146;49.39;10;10083913037;S
20240410;100146;49.39;150;10083913155;S
20240410;100147;49.4;10;10083913326;B
20240410;100148;49.4;10;10083913468;B
20240410;100149;49.39;640;10083913694;S
20240410;100149;49.39;1000;10083913695;S
20240410;100149;49.37;410;10083913696;S
20240410;100149;49.37;270;10083913697;S
20240410;100149;49.36;1420;10083913698;S
20240410;100149;49.36;1000;10083913699;S
20240410;100149;49.35;260;10083913700;S
20240410;100150;49.39;260;10083913796;B
20240410;100150;49.39;40;10083913797;B
20240410;100154;49.38;100;10083914488;B
20240410;100202;49.39;10;10083915725;B
20240410;100206;49.38;130;10083916373;S
20240410;100206;49.38;1000;10083916374;S
20240410;100206;49.38;4870;10083916375;S
20240410;100206;49.38;10;10083916379;S
20240410;100207;49.37;20;10083916580;S
20240410;100207;49.37;980;10083916581;S
20240410;100210;49.37;50;10083917044;S
20240410;100210;49.36;140;10083917102;S
20240410;100210;49.36;290;10083917144;S
20240410;100210;49.36;190;10083917209;S
20240410;100210;49.36;150;10083917277;S
20240410;100210;49.36;90;10083917316;S
20240410;100211;49.36;140;10083917465;S
20240410;100211;49.36;310;10083917466;S
20240410;100211;49.36;480;10083917518;S
20240410;100212;49.37;200;10083917718;B
20240410;100216;49.35;110;10083918595;S
20240410;100216;49.35;1420;10083918596;S
20240410;100216;49.35;10;10083918697;S
20240410;100222;49.36;10;10083919696;B
20240410;100227;49.36;200;10083920736;B
20240410;100227;49.35;70;10083920804;S
20240410;100227;49.35;1000;10083920805;S
20240410;100227;49.35;40;10083920806;S
20240410;100227;49.35;10;10083920807;S
20240410;100228;49.35;10;10083920912;B
20240410;100231;49.34;500;10083921522;S
20240410;100232;49.34;180;10083921886;S
20240410;100234;49.35;870;10083922332;B
20240410;100234;49.35;440;10083922333;B
20240410;100234;49.35;26000;10083922334;B
20240410;100234;49.35;2640;10083922335;B
20240410;100234;49.35;6850;10083922336;B
20240410;100237;49.34;1500;10083922911;B
20240410;100237;49.34;1500;10083922912;B
20240410;100237;49.34;800;10083922913;B
20240410;100237;49.34;100;10083922918;B
20240410;100239;49.33;20;10083923191;S
20240410;100240;49.33;480;10083923354;S
20240410;100240;49.33;20;10083923355;S
20240410;100240;49.33;350;10083923356;S
20240410;100240;49.33;1950;10083923357;S
20240410;100243;49.36;10;10083923849;B
20240410;100244;49.33;20;10083923975;S
20240410;100244;49.37;30;10083923995;B
20240410;100244;49.33;10;10083924040;S
20240410;100248;49.37;10;10083924637;B
20240410;100255;49.36;50;10083925622;S
20240410;100256;49.37;40;10083925776;B
20240410;100258;49.37;200;10083925914;B
20240410;100258;49.37;750;10083925995;B
20240410;100258;49.38;1000;10083925996;B
20240410;100258;49.38;1000;10083925997;B
20240410;100258;49.38;7250;10083925998;B
20240410;100300;49.38;20;10083926260;B
20240410;100300;49.37;1420;10083926276;S
20240410;100300;49.37;510;10083926277;S
20240410;100300;49.37;30;10083926278;S
20240410;100300;49.37;40;10083926279;S
20240410;100301;49.36;100;10083926547;S
20240410;100301;49.36;20;10083926556;S
20240410;100306;49.36;50;10083927619;S
20240410;100307;49.36;40;10083927639;S
20240410;100308;49.37;10;10083927747;B
20240410;100308;49.36;30;10083927758;S
20240410;100309;49.37;50;10083927859;B
20240410;100311;49.37;250;10083928181;B
20240410;100312;49.36;30;10083928319;S
20240410;100312;49.37;100;10083928326;B
20240410;100312;49.37;40;10083928351;B
20240410;100313;49.37;10;10083928525;B
20240410;100316;49.37;20;10083928951;B
20240410;100317;49.37;470;10083929148;B
20240410;100317;49.37;30;10083929149;B
20240410;100321;49.36;150;10083929725;S
20240410;100321;49.36;10000;10083929726;S
20240410;100323;49.35;100;10083930280;S
20240410;100323;49.35;10;10083930302;S
20240410;100323;49.35;10;10083930303;S
20240410;100323;49.35;80;10083930304;S
20240410;100323;49.35;100;10083930353;S
20240410;100323;49.35;100;10083930375;S
20240410;100323;49.35;100;10083930410;S
20240410;100323;49.35;100;10083930424;S
20240410;100323;49.35;100;10083930447;S
20240410;100323;49.35;100;10083930473;S
20240410;100324;49.35;100;10083930501;S
20240410;100324;49.35;100;10083930514;S
20240410;100324;49.35;100;10083930531;S
20240410;100324;49.35;100;10083930544;S
20240410;100324;49.35;100;10083930556;S
20240410;100324;49.35;100;10083930564;S
20240410;100324;49.35;100;10083930595;S
20240410;100324;49.35;100;10083930605;S
20240410;100324;49.35;100;10083930663;S
20240410;100324;49.35;100;10083930671;S
20240410;100325;49.35;100;10083930675;S
20240410;100325;49.35;100;10083930685;S
20240410;100325;49.35;100;10083930700;S
20240410;100325;49.35;100;10083930723;S
20240410;100325;49.35;100;10083930747;S
20240410;100325;49.35;100;10083930760;S
20240410;100325;49.35;100;10083930772;S
20240410;100325;49.35;100;10083930785;S
20240410;100325;49.35;100;10083930797;S
20240410;100325;49.35;380;10083930810;S
20240410;100325;49.35;100;10083930814;S
20240410;100326;49.35;100;10083930826;S
20240410;100326;49.35;100;10083930864;S
20240410;100326;49.35;100;10083930896;S
20240410;100326;49.35;100;10083930914;S
20240410;100326;49.35;100;10083930931;S
20240410;100326;49.35;100;10083930946;S
20240410;100326;49.35;100;10083930964;S
20240410;100326;49.35;100;10083931000;S
20240410;100326;49.35;100;10083931017;S
20240410;100326;49.35;100;10083931030;S
20240410;100327;49.35;100;10083931036;S
20240410;100327;49.35;90;10083931046;S
20240410;100328;49.36;10;10083931311;B
20240410;100330;49.36;10;10083931680;B
20240410;100331;49.36;6830;10083931880;B
20240410;100331;49.36;1420;10083931881;B
20240410;100331;49.36;200;10083931882;B
20240410;100331;49.36;10000;10083931883;B
20240410;100331;49.36;30;10083931884;B
20240410;100332;49.35;520;10083931949;S
20240410;100333;49.36;800;10083932150;B
20240410;100338;49.35;700;10083932963;S
20240410;100344;49.36;80;10083933803;B
20240410;100350;49.36;1730;10083934783;B
20240410;100350;49.36;270;10083934784;B
20240410;100403;49.36;10;10083936971;B
20240410;100405;49.35;40;10083937251;S
20240410;100405;49.34;160;10083937252;S
20240410;100406;49.35;560;10083937418;B
20240410;100413;49.34;1500;10083938357;S
20240410;100414;49.34;5000;10083938592;S
20240410;100418;49.35;10;10083939354;B
20240410;100420;49.34;3500;10083939794;S
20240410;100420;49.34;570;10083939795;S
20240410;100420;49.34;1960;10083939796;S
20240410;100422;49.33;10;10083940076;S
20240410;100423;49.34;100;10083940149;B
20240410;100424;49.33;10;10083940339;S
20240410;100425;49.34;10;10083940561;B
20240410;100426;49.33;10;10083940642;S
20240410;100429;49.34;20;10083941209;B
20240410;100431;49.33;10;10083941457;S
20240410;100433;49.34;30;10083941737;B
20240410;100434;49.34;20;10083941936;B
20240410;100434;49.34;10;10083941970;B
20240410;100435;49.33;10;10083942004;S
20240410;100436;49.33;2000;10083942166;S
20240410;100437;49.34;10;10083942399;B
20240410;100438;49.33;10;10083942498;S
20240410;100438;49.34;10;10083942544;B
20240410;100439;49.33;10;10083942723;S
20240410;100441;49.34;20;10083942887;B
20240410;100441;49.34;10;10083942910;B
20240410;100441;49.33;1000;10083942912;S
20240410;100441;49.33;200;10083942965;S
20240410;100441;49.33;10;10083942984;S
20240410;100447;49.33;3770;10083943641;S
20240410;100447;49.33;6180;10083943642;S
20240410;100447;49.33;1000;10083943672;S
20240410;100448;49.32;10;10083943780;S
20240410;100448;49.32;150;10083943860;S
20240410;100449;49.33;1420;10083943891;B
20240410;100449;49.33;80;10083943892;B
20240410;100450;49.32;10;10083943987;S
20240410;100452;49.32;2830;10083944333;S
20240410;100452;49.32;110;10083944334;S
20240410;100452;49.32;2060;10083944335;S
20240410;100453;49.32;10;10083944478;S
20240410;100454;49.32;2000;10083944552;S
20240410;100454;49.33;30;10083944591;B
20240410;100455;49.32;10;10083944747;S
20240410;100455;49.33;10;10083944754;B
20240410;100458;49.33;2000;10083945210;B
20240410;100458;49.33;10;10083945223;B
20240410;100500;49.32;10;10083945506;S
20240410;100500;49.32;50;10083945523;S
20240410;100502;49.32;420;10083945762;S
20240410;100502;49.33;20;10083945784;B
20240410;100503;49.32;5900;10083945874;S
20240410;100503;49.33;50;10083945886;B
20240410;100506;49.33;500;10083946495;B
20240410;100507;49.32;10;10083946690;S
20240410;100514;49.32;10;10083947828;S
20240410;100514;49.32;50;10083947829;S
20240410;100514;49.31;2000;10083947830;S
20240410;100514;49.31;20;10083947831;S
20240410;100514;49.31;500;10083947832;S
20240410;100514;49.31;20;10083947833;S
20240410;100520;49.33;80;10083948708;B
20240410;100520;49.32;10;10083948784;S
20240410;100520;49.32;150;10083948794;S
20240410;100524;49.32;1330;10083949402;S
20240410;100524;49.31;480;10083949403;S
20240410;100524;49.31;50;10083949404;S
20240410;100524;49.31;2560;10083949405;S
20240410;100524;49.31;580;10083949406;S
20240410;100526;49.33;20;10083949832;B
20240410;100526;49.32;150;10083949841;S
20240410;100528;49.33;70;10083949983;B
20240410;100531;49.33;10;10083950488;B
20240410;100533;49.32;110;10083950704;S
20240410;100533;49.32;30;10083950881;S
20240410;100534;49.33;20;10083950980;B
20240410;100539;49.32;110;10083951636;S
20240410;100539;49.32;20;10083951637;S
20240410;100539;49.31;7530;10083951638;S
20240410;100540;49.32;10;10083952114;B
20240410;100541;49.3;10;10083952222;S
20240410;100541;49.3;20;10083952223;S
20240410;100541;49.3;10;10083952299;S
20240410;100541;49.3;100;10083952300;S
20240410;100541;49.3;20;10083952301;S
20240410;100541;49.3;10;10083952302;S
20240410;100541;49.3;10;10083952303;S
20240410;100541;49.3;10;10083952304;S
20240410;100541;49.3;10;10083952305;S
20240410;100541;49.3;10;10083952306;S
20240410;100541;49.3;10;10083952307;S
20240410;100541;49.3;10;10083952308;S
20240410;100541;49.3;10;10083952309;S
20240410;100541;49.3;10;10083952310;S
20240410;100541;49.3;10;10083952311;S
20240410;100541;49.3;20;10083952312;S
20240410;100541;49.3;50;10083952313;S
20240410;100541;49.3;1200;10083952314;S
20240410;100541;49.3;500;10083952317;S
20240410;100544;49.32;10;10083952825;B
20240410;100554;49.32;30;10083954614;B
20240410;100554;49.32;50;10083954615;B
20240410;100554;49.32;520;10083954616;B
20240410;100601;49.31;20;10083955812;S
20240410;100602;49.32;80;10083955989;B
20240410;100602;49.32;20;10083955990;B
20240410;100603;49.32;590;10083956192;B
20240410;100603;49.32;3120;10083956193;S
20240410;100603;49.32;1290;10083956194;S
20240410;100605;49.3;80;10083956588;S
20240410;100609;49.3;2000;10083957147;S
20240410;100610;49.3;3480;10083957238;S
20240410;100610;49.3;10;10083957254;S
20240410;100610;49.3;90;10083957377;S
20240410;100611;49.3;2640;10083957445;S
20240410;100611;49.3;10;10083957446;S
20240410;100611;49.3;200;10083957447;S
20240410;100611;49.3;2500;10083957448;S
20240410;100611;49.3;150;10083957449;S
20240410;100611;49.3;10;10083957450;S
20240410;100611;49.3;110;10083957451;S
20240410;100611;49.3;1000;10083957452;S
20240410;100611;49.3;20;10083957453;S
20240410;100611;49.3;10;10083957454;S
20240410;100611;49.3;40;10083957455;S
20240410;100611;49.3;3000;10083957456;S
20240410;100611;49.3;80;10083957457;S
20240410;100611;49.3;50;10083957458;S
20240410;100611;49.3;20;10083957459;S
20240410;100612;49.29;10;10083957646;S
20240410;100612;49.29;10;10083957673;S
20240410;100613;49.29;10;10083957869;S
20240410;100614;49.29;10;10083958056;S
20240410;100615;49.29;10;10083958201;S
20240410;100617;49.29;10;10083958483;S
20240410;100617;49.29;70;10083958530;S
20240410;100617;49.29;70;10083958531;S
20240410;100617;49.29;2860;10083958532;S
20240410;100622;49.29;20;10083959678;S
20240410;100622;49.29;10;10083959679;S
20240410;100623;49.29;30;10083959734;S
20240410;100623;49.29;10;10083959738;S
20240410;100623;49.29;90;10083959856;S
20240410;100624;49.29;50;10083959993;S
20240410;100625;49.29;90;10083960100;S
20240410;100625;49.29;10;10083960107;S
20240410;100626;49.29;90;10083960450;S
20240410;100626;49.29;70;10083960455;S
20240410;100626;49.29;270;10083960501;S
20240410;100626;49.29;50;10083960506;S
20240410;100626;49.29;10;10083960528;S
20240410;100626;49.29;30;10083960582;S
20240410;100627;49.29;60;10083960666;S
20240410;100627;49.29;50;10083960764;S
20240410;100628;49.3;20;10083960835;B
20240410;100628;49.29;20;10083960873;S
20240410;100629;49.29;50;10083961003;S
20240410;100629;49.29;20;10083961004;S
20240410;100629;49.29;20;10083961111;S
20240410;100631;49.29;60;10083961391;S
20240410;100631;49.29;10;10083961458;S
20240410;100631;49.29;10;10083961459;S
20240410;100633;49.29;830;10083961743;S
20240410;100633;49.29;10;10083961816;S
20240410;100633;49.29;60;10083961939;S
20240410;100633;49.29;30;10083961941;S
20240410;100633;49.29;30;10083961944;S
20240410;100633;49.29;10;10083961945;S
20240410;100635;49.29;40;10083962265;S
20240410;100635;49.29;40;10083962266;S
20240410;100635;49.29;60;10083962369;S
20240410;100635;49.29;10;10083962399;S
20240410;100637;49.29;10;10083962812;B
20240410;100639;49.28;10;10083963349;S
20240410;100639;49.27;20;10083963350;S
20240410;100639;49.27;1000;10083963351;S
20240410;100639;49.26;3530;10083963352;S
20240410;100639;49.26;330;10083963353;S
20240410;100639;49.26;540;10083963354;S
20240410;100639;49.25;10;10083963355;S
20240410;100639;49.25;10;10083963356;S
20240410;100639;49.25;10;10083963357;S
20240410;100639;49.25;10;10083963358;S
20240410;100639;49.25;10;10083963359;S
20240410;100639;49.25;10;10083963360;S
20240410;100639;49.25;1000;10083963361;S
20240410;100639;49.25;10;10083963362;S
20240410;100639;49.25;20;10083963363;S
20240410;100639;49.25;9980;10083963364;S
20240410;100640;49.27;10;10083963469;B
20240410;100641;49.25;2410;10083963567;S
20240410;100642;49.25;3220;10083963939;S
20240410;100643;49.25;100;10083963965;S
20240410;100644;49.27;10;10083964149;B
20240410;100644;49.25;2020;10083964201;S
20240410;100645;49.25;2010;10083964443;S
20240410;100647;49.25;1300;10083964778;S
20240410;100648;49.25;3960;10083964907;S
20240410;100648;49.24;10;10083964908;S
20240410;100648;49.24;10;10083964909;S
20240410;100649;49.24;40;10083965198;S
20240410;100649;49.24;120;10083965199;S
20240410;100652;49.24;1000;10083965958;S
20240410;100654;49.26;10;10083966228;B
20240410;100655;49.24;1000;10083966370;S
20240410;100658;49.24;1000;10083967051;S
20240410;100659;49.24;1880;10083967147;S
20240410;100659;49.23;1000;10083967148;S
20240410;100659;49.23;60;10083967149;S
20240410;100659;49.23;780;10083967150;S
20240410;100659;49.22;1000;10083967151;S
20240410;100659;49.22;700;10083967152;S
20240410;100659;49.22;470;10083967153;S
20240410;100659;49.21;450;10083967154;S
20240410;100659;49.21;450;10083967155;S
20240410;100659;49.21;1000;10083967156;S
20240410;100659;49.21;210;10083967157;S
20240410;100659;49.21;80;10083967267;S
20240410;100701;49.21;20;10083967581;S
20240410;100702;49.22;10;10083967726;S
20240410;100702;49.22;10;10083967898;B
20240410;100702;49.23;90;10083967899;B
20240410;100703;49.21;340;10083968003;S
20240410;100703;49.2;500;10083968004;S
20240410;100703;49.2;10;10083968005;S
20240410;100703;49.2;10;10083968006;S
20240410;100703;49.2;100;10083968007;S
20240410;100703;49.2;1000;10083968008;S
20240410;100703;49.2;4000;10083968009;S
20240410;100703;49.2;10;10083968010;S
20240410;100703;49.2;1000;10083968011;S
20240410;100703;49.2;3750;10083968012;S
20240410;100703;49.2;200;10083968013;S
20240410;100703;49.2;7300;10083968014;S
20240410;100703;49.2;780;10083968015;S
20240410;100703;49.2;2660;10083968016;S
20240410;100703;49.19;1000;10083968017;S
20240410;100703;49.19;5000;10083968018;S
20240410;100703;49.18;1000;10083968019;S
20240410;100703;49.18;1000;10083968020;S
20240410;100703;49.18;500;10083968021;S
20240410;100703;49.18;470;10083968022;S
20240410;100703;49.18;3470;10083968023;S
20240410;100704;49.2;90;10083968430;B
20240410;100713;49.18;10;10083970038;B
20240410;100713;49.17;20;10083970150;S
20240410;100713;49.17;10;10083970151;S
20240410;100713;49.17;170;10083970152;S
20240410;100714;49.17;670;10083970337;S
20240410;100714;49.17;10;10083970338;S
20240410;100714;49.16;320;10083970339;S
20240410;100715;49.16;1010;10083970367;S
20240410;100716;49.17;20;10083970645;S
20240410;100716;49.17;30;10083970657;S
20240410;100719;49.18;10;10083971144;B
20240410;100722;49.18;50;10083971903;B
20240410;100723;49.17;340;10083972269;S
20240410;100724;49.18;20;10083972498;B
20240410;100725;49.17;10;10083972533;S
20240410;100727;49.18;20;10083972856;B
20240410;100731;49.17;20;10083973873;S
20240410;100734;49.18;20;10083975064;B
20240410;100735;49.17;660;10083975237;S
20240410;100735;49.17;20;10083975238;S
20240410;100735;49.17;50;10083975239;S
20240410;100735;49.15;10;10083975240;S
20240410;100735;49.15;10;10083975241;S
20240410;100735;49.15;10;10083975242;S
20240410;100735;49.15;740;10083975243;S
20240410;100736;49.15;100;10083975300;B
20240410;100736;49.15;590;10083975373;B
20240410;100738;49.14;740;10083975768;B
20240410;100738;49.14;1420;10083975769;B
20240410;100738;49.14;2640;10083975770;B
20240410;100738;49.15;10200;10083975771;B
20240410;100740;49.13;100;10083976162;S
20240410;100740;49.14;7000;10083976263;B
20240410;100741;49.14;2190;10083976383;B
20240410;100741;49.13;60;10083976391;S
20240410;100741;49.14;10;10083976448;B
20240410;100742;49.13;840;10083976671;S
20240410;100742;49.13;60;10083976672;S
20240410;100742;49.13;50;10083976673;S
20240410;100742;49.13;20;10083976674;S
20240410;100742;49.13;680;10083976675;S
20240410;100742;49.13;810;10083976676;S
20240410;100742;49.14;500;10083976683;B
20240410;100743;49.13;100;10083976767;S
20240410;100743;49.14;20;10083976827;B
20240410;100744;49.13;1000;10083977147;S
20240410;100748;49.14;2500;10083978037;B
20240410;100749;49.12;20;10083978221;S
20240410;100750;49.12;10;10083978239;S
20240410;100753;49.12;140;10083979131;S
20240410;100753;49.13;50;10083979138;B
20240410;100753;49.13;390;10083979139;B
20240410;100753;49.13;30;10083979140;B
20240410;100754;49.13;10;10083979235;S
20240410;100755;49.14;130;10083979525;B
20240410;100756;49.14;10;10083979678;B
20240410;100756;49.13;350;10083979701;S
20240410;100759;49.13;50;10083980174;S
20240410;100801;49.13;10;10083980480;S
20240410;100801;49.14;10;10083980544;B
20240410;100802;49.13;1000;10083980591;S
20240410;100802;49.14;200;10083980707;B
20240410;100802;49.14;850;10083980722;B
20240410;100802;49.14;30;10083980723;B
20240410;100802;49.14;2000;10083980724;B
20240410;100802;49.14;2120;10083980725;B
20240410;100803;49.14;10;10083980855;B
20240410;100804;49.14;770;10083980929;B
20240410;100804;49.15;100;10083980977;B
20240410;100804;49.15;10;10083980995;B
20240410;100805;49.15;1750;10083981173;B
20240410;100807;49.14;120;10083981314;S
20240410;100807;49.14;450;10083981350;S
20240410;100807;49.14;250;10083981428;S
20240410;100807;49.15;1750;10083981436;B
20240410;100807;49.15;660;10083981437;B
20240410;100808;49.14;820;10083981602;S
20240410;100808;49.14;1420;10083981603;S
20240410;100808;49.14;2680;10083981604;S
20240410;100808;49.14;80;10083981605;S
20240410;100809;49.15;50;10083981744;S
20240410;100809;49.15;1370;10083981746;S
20240410;100809;49.15;2640;10083981747;S
20240410;100809;49.14;5990;10083981748;S
20240410;100810;49.17;10;10083981908;B
20240410;100811;49.17;990;10083981974;B
20240410;100811;49.17;10;10083981975;B
20240410;100813;49.17;1000;10083982457;B
20240410;100813;49.17;780;10083982458;B
20240410;100817;49.18;130;10083983315;B
20240410;100820;49.18;30;10083984112;B
20240410;100820;49.17;120;10083984123;S
20240410;100824;49.18;200;10083985253;B
20240410;100824;49.17;260;10083985292;S
20240410;100827;49.18;510;10083985960;B
20240410;100827;49.18;50;10083985961;B
20240410;100827;49.18;100;10083985962;B
20240410;100827;49.18;40;10083985963;B
20240410;100827;49.18;110;10083985964;B
20240410;100828;49.18;500;10083986218;B
20240410;100828;49.17;700;10083986435;S
20240410;100830;49.17;50;10083986701;S
20240410;100830;49.18;500;10083986811;B
20240410;100830;49.18;770;10083986812;B
20240410;100830;49.19;1000;10083986813;B
20240410;100830;49.19;1000;10083986814;B
20240410;100830;49.19;470;10083986815;B
20240410;100830;49.2;910;10083986816;B
20240410;100830;49.2;22630;10083986817;B
20240410;100835;49.2;10;10083988076;B
20240410;100836;49.2;1000;10083988299;B
20240410;100839;49.2;250;10083988774;B
20240410;100846;49.19;10;10083990411;S
20240410;100847;49.2;20820;10083990509;B
20240410;100847;49.21;440;10083990526;B
20240410;100847;49.23;20;10083990531;B
20240410;100850;49.23;280;10083991101;B
20240410;100850;49.23;30;10083991157;S
20240410;100852;49.23;270;10083991416;S
20240410;100852;49.23;140;10083991417;S
20240410;100853;49.23;10;10083991588;S
20240410;100853;49.24;10000;10083991668;B
20240410;100853;49.25;10;10083991670;B
20240410;100853;49.25;1420;10083991696;S
20240410;100853;49.25;480;10083991697;S
20240410;100855;49.26;10;10083991994;B
20240410;100855;49.26;320;10083991995;B
20240410;100855;49.27;470;10083991996;B
20240410;100855;49.27;210;10083991997;B
20240410;100859;49.25;80;10083992921;S
20240410;100902;49.24;2640;10083993454;S
20240410;100902;49.24;2360;10083993455;B
20240410;100903;49.26;1420;10083993813;B
20240410;100904;49.26;60;10083993991;S
20240410;100907;49.27;200;10083994563;B
20240410;100910;49.26;50;10083995119;S
20240410;100911;49.26;120;10083995208;S
20240410;100913;49.27;440;10083995671;S
20240410;100914;49.27;1500;10083995790;S
20240410;100914;49.28;10;10083995822;B
20240410;100920;49.29;1000;10083996937;B
20240410;100920;49.29;280;10083996938;B
20240410;100920;49.29;10;10083996939;B
20240410;100922;49.29;2410;10083997114;B
20240410;100924;49.3;10;10083998427;B
20240410;100924;49.3;290;10083998428;B
20240410;100925;49.3;160;10083998619;B
20240410;100925;49.3;450;10083998620;B
20240410;100925;49.3;2000;10083998621;B
20240410;100925;49.3;10;10083998622;B
20240410;100925;49.3;380;10083998623;B
20240410;100926;49.29;30;10083998859;S
20240410;100928;49.3;200;10083999393;B
20240410;100931;49.3;800;10083999997;B
20240410;100931;49.3;400;10083999998;B
20240410;100932;49.3;60;10084000010;S
20240410;100932;49.3;50;10084000011;S
20240410;100933;49.3;320;10084000216;S
20240410;100934;49.29;560;10084000420;S
20240410;100934;49.29;500;10084000421;S
20240410;100934;49.28;30;10084000422;S
20240410;100934;49.28;10;10084000423;S
20240410;100934;49.28;200;10084000424;S
20240410;100936;49.31;10;10084000850;B
20240410;100943;49.3;50;10084002164;B
20240410;100943;49.3;380;10084002165;B
20240410;100943;49.3;780;10084002166;B
20240410;100943;49.3;7300;10084002167;B
20240410;100943;49.31;20;10084002168;B
20240410;100943;49.31;320;10084002169;B
20240410;100943;49.31;10;10084002249;S
20240410;100948;49.32;200;10084003154;B
20240410;100948;49.32;200;10084003155;B
20240410;100951;49.32;10;10084003433;B
20240410;100952;49.31;30;10084003677;S
20240410;100955;49.32;10;10084004271;B
20240410;100955;49.31;1110;10084004357;S
20240410;100955;49.3;120;10084004358;S
20240410;100955;49.29;20;10084004359;S
20240410;100958;49.29;900;10084004795;S
20240410;100958;49.3;300;10084004814;B
20240410;101000;49.28;30;10084005057;S
20240410;101004;49.28;10;10084006208;S
20240410;101006;49.28;460;10084006432;S
20240410;101006;49.28;10;10084006433;S
20240410;101006;49.28;530;10084006434;S
20240410;101006;49.3;80;10084006534;B
20240410;101006;49.3;1340;10084006548;B
20240410;101006;49.3;740;10084006549;B
20240410;101006;49.31;1000;10084006550;B
20240410;101006;49.31;20;10084006551;B
20240410;101006;49.31;1000;10084006552;B
20240410;101006;49.32;1000;10084006553;B
20240410;101006;49.32;1350;10084006554;B
20240410;101006;49.32;1000;10084006555;B
20240410;101006;49.33;200;10084006556;B
20240410;101006;49.33;40;10084006557;B
20240410;101006;49.33;710;10084006558;B
20240410;101007;49.28;20;10084006609;S
20240410;101008;49.31;1420;10084006725;B
20240410;101008;49.32;1000;10084006726;B
20240410;101008;49.32;20;10084006727;B
20240410;101008;49.32;20;10084006728;B
20240410;101008;49.32;290;10084006729;B
20240410;101008;49.32;100;10084006821;B
20240410;101021;49.3;1420;10084008844;B
20240410;101021;49.3;750;10084008845;B
20240410;101021;49.3;1000;10084008846;B
20240410;101021;49.31;2000;10084008847;B
20240410;101021;49.31;150;10084008848;B
20240410;101021;49.32;50;10084008849;B
20240410;101021;49.32;1000;10084008850;B
20240410;101023;49.34;30;10084009175;B
20240410;101023;49.33;20;10084009219;S
20240410;101024;49.34;1000;10084009309;B
20240410;101024;49.34;2700;10084009354;B
20240410;101024;49.34;500;10084009355;B
20240410;101024;49.34;5000;10084009356;B
20240410;101024;49.34;240;10084009357;B
20240410;101024;49.35;10;10084009358;B
20240410;101024;49.35;100;10084009359;B
20240410;101024;49.35;10;10084009360;B
20240410;101024;49.35;400;10084009365;S
20240410;101025;49.36;30;10084009421;B
20240410;101025;49.35;1020;10084009533;S
20240410;101025;49.35;830;10084009534;S
20240410;101025;49.35;2800;10084009535;S
20240410;101025;49.34;670;10084009536;S
20240410;101025;49.33;2620;10084009537;S
20240410;101025;49.32;2060;10084009538;S
20240410;101026;49.36;160;10084009588;B
20240410;101028;49.34;10;10084009855;B
20240410;101035;49.34;10;10084011121;B
20240410;101039;49.34;990;10084011571;B
20240410;101039;49.34;810;10084011572;B
20240410;101039;49.35;330;10084011573;B
20240410;101039;49.35;180;10084011735;B
20240410;101040;49.35;490;10084011819;B
20240410;101040;49.35;1000;10084011820;B
20240410;101040;49.35;10;10084011821;B
20240410;101042;49.35;1000;10084012056;B
20240410;101042;49.35;810;10084012057;B
20240410;101042;49.36;2530;10084012058;B
20240410;101042;49.36;200;10084012059;B
20240410;101042;49.36;10;10084012060;B
20240410;101042;49.36;1000;10084012061;B
20240410;101042;49.36;7290;10084012062;B
20240410;101042;49.36;10;10084012063;B
20240410;101042;49.36;10;10084012064;B
20240410;101042;49.36;1000;10084012065;B
20240410;101042;49.37;50;10084012066;B
20240410;101042;49.37;770;10084012067;B
20240410;101042;49.37;1000;10084012068;B
20240410;101042;49.37;2000;10084012069;B
20240410;101042;49.37;1010;10084012070;B
20240410;101042;49.37;680;10084012071;B
20240410;101042;49.37;1000;10084012106;S
20240410;101042;49.37;50;10084012130;S
20240410;101043;49.38;140;10084012260;B
20240410;101043;49.38;1000;10084012261;B
20240410;101043;49.38;860;10084012262;B
20240410;101043;49.38;10;10084012287;S
20240410;101044;49.39;10;10084012476;B
20240410;101044;49.39;170;10084012477;B
20240410;101044;49.39;320;10084012478;B
20240410;101047;49.39;500;10084012891;B
20240410;101048;49.38;130;10084013058;S
20240410;101048;49.37;80;10084013059;S
20240410;101048;49.38;10;10084013161;B
20240410;101049;49.38;1410;10084013228;B
20240410;101049;49.38;2640;10084013229;B
20240410;101049;49.39;1000;10084013357;B
20240410;101050;49.38;500;10084013363;S
20240410;101050;49.39;8180;10084013407;B
20240410;101050;49.39;70;10084013408;B
20240410;101050;49.39;1000;10084013409;B
20240410;101050;49.39;1000;10084013410;B
20240410;101050;49.39;50;10084013411;B
20240410;101050;49.39;7280;10084013412;B
20240410;101051;49.4;50;10084013852;B
20240410;101052;49.4;50;10084013929;B
20240410;101053;49.4;1450;10084014275;B
20240410;101053;49.4;30;10084014276;B
20240410;101053;49.4;2020;10084014277;B
20240410;101053;49.4;10;10084014278;B
20240410;101053;49.4;100;10084014279;B
20240410;101053;49.4;5000;10084014280;B
20240410;101053;49.41;140;10084014307;B
20240410;101053;49.41;640;10084014308;B
20240410;101053;49.42;100;10084014324;B
20240410;101054;49.42;100;10084014504;B
20240410;101054;49.42;20;10084014506;B
20240410;101054;49.42;890;10084014535;B
20240410;101054;49.42;2330;10084014536;B
20240410;101055;49.42;200;10084014732;B
20240410;101057;49.42;10;10084015047;B
20240410;101059;49.43;90;10084015504;B
20240410;101059;49.43;50;10084015505;B
20240410;101059;49.43;20000;10084015506;B
20240410;101059;49.43;640;10084015507;B
20240410;101059;49.43;860;10084015508;B
20240410;101059;49.44;360;10084015509;B
20240410;101059;49.44;1000;10084015510;B
20240410;101059;49.44;10;10084015511;B
20240410;101059;49.44;1000;10084015512;B
20240410;101059;49.45;10;10084015513;B
20240410;101059;49.45;10;10084015514;B
20240410;101059;49.45;3000;10084015515;B
20240410;101059;49.45;6000;10084015516;B
20240410;101059;49.45;1000;10084015517;B
20240410;101059;49.45;7280;10084015518;B
20240410;101059;49.46;1000;10084015519;B
20240410;101059;49.46;800;10084015520;B
20240410;101059;49.47;1550;10084015521;B
20240410;101059;49.47;300;10084015522;B
20240410;101059;49.47;2000;10084015523;B
20240410;101059;49.47;1000;10084015524;B
20240410;101059;49.47;180;10084015525;B
20240410;101059;49.47;1000;10084015526;B
20240410;101059;49.47;820;10084015527;B
20240410;101059;49.47;5000;10084015528;B
20240410;101059;49.48;1350;10084015529;B
20240410;101059;49.48;5050;10084015530;B
20240410;101059;49.48;1000;10084015531;B
20240410;101059;49.48;12000;10084015532;B
20240410;101059;49.48;10000;10084015533;B
20240410;101059;49.49;5000;10084015534;B
20240410;101059;49.49;100;10084015535;B
20240410;101059;49.49;20;10084015536;B
20240410;101059;49.49;50;10084015537;B
20240410;101059;49.49;70;10084015538;B
20240410;101059;49.49;200;10084015539;B
20240410;101059;49.49;1000;10084015540;B
20240410;101059;49.49;2200;10084015541;B
20240410;101059;49.45;500;10084015544;B
20240410;101059;49.47;40;10084015567;B
20240410;101059;49.46;30;10084015631;S
20240410;101059;49.47;10;10084015678;B
20240410;101100;49.46;300;10084015707;S
20240410;101100;49.46;10;10084015836;S
20240410;101104;49.47;520;10084016634;B
20240410;101104;49.48;7280;10084016635;B
20240410;101104;49.48;850;10084016636;B
20240410;101104;49.49;10;10084016637;B
20240410;101104;49.49;1000;10084016638;B
20240410;101104;49.5;50;10084016639;B
20240410;101104;49.5;3000;10084016640;B
20240410;101104;49.5;10;10084016641;B
20240410;101104;49.5;5000;10084016642;B
20240410;101104;49.5;10;10084016643;B
20240410;101104;49.5;21990;10084016644;B
20240410;101104;49.5;50;10084016645;B
20240410;101104;49.5;2000;10084016646;B
20240410;101104;49.5;100;10084016647;B
20240410;101104;49.51;1000;10084016648;B
20240410;101104;49.51;10;10084016649;B
20240410;101104;49.52;20;10084016671;B
20240410;101105;49.52;80;10084016724;B
20240410;101105;49.52;5820;10084016725;B
20240410;101105;49.52;200;10084016743;B
20240410;101105;49.51;2080;10084016791;S
20240410;101106;49.51;1000;10084016949;S
20240410;101107;49.52;10;10084017170;B
20240410;101107;49.51;200;10084017171;S
20240410;101108;49.52;1240;10084017284;B
20240410;101108;49.52;850;10084017285;B
20240410;101108;49.53;100;10084017286;B
20240410;101108;49.53;10;10084017287;B
20240410;101108;49.53;1100;10084017288;B
20240410;101108;49.54;100;10084017289;B
20240410;101108;49.54;10;10084017290;B
20240410;101108;49.54;250;10084017291;B
20240410;101108;49.54;10;10084017292;B
20240410;101108;49.54;1000;10084017293;B
20240410;101108;49.54;1420;10084017294;B
20240410;101108;49.54;2640;10084017295;B
20240410;101108;49.54;660;10084017296;B
20240410;101108;49.51;10;10084017356;S
20240410;101108;49.51;1000;10084017426;S
20240410;101108;49.52;400;10084017427;B
20240410;101109;49.52;20;10084017556;B
20240410;101109;49.52;1000;10084017572;B
20240410;101109;49.52;2000;10084017573;B
20240410;101110;49.52;1000;10084017774;B
20240410;101110;49.52;2000;10084017779;B
20240410;101110;49.52;2260;10084017797;B
20240410;101110;49.52;840;10084017798;B
20240410;101110;49.53;10;10084017799;B
20240410;101110;49.53;890;10084017800;B
20240410;101113;49.51;150;10084018119;S
20240410;101115;49.52;1440;10084018482;B
20240410;101115;49.52;840;10084018483;B
20240410;101119;49.55;10;10084019363;B
20240410;101119;49.55;20;10084019364;B
20240410;101121;49.52;470;10084019674;S
20240410;101122;49.52;580;10084019891;S
20240410;101122;49.52;420;10084019892;S
20240410;101122;49.52;50;10084019900;S
20240410;101122;49.52;50;10084019901;S
20240410;101122;49.53;10;10084019914;B
20240410;101123;49.52;300;10084020142;S
20240410;101124;49.52;3000;10084020184;S
20240410;101125;49.52;2010;10084020465;S
20240410;101126;49.52;450;10084020616;S
20240410;101126;49.53;1180;10084020803;B
20240410;101127;49.52;40;10084020868;S
20240410;101127;49.53;2000;10084020907;B
20240410;101128;49.53;10;10084021213;B
20240410;101129;49.52;10;10084021294;S
20240410;101131;49.52;50;10084021582;S
20240410;101131;49.53;900;10084021734;B
20240410;101133;49.52;10;10084021912;S
20240410;101133;49.53;160;10084021932;B
20240410;101134;49.53;2690;10084022137;B
20240410;101134;49.53;840;10084022138;B
20240410;101134;49.53;1000;10084022139;B
20240410;101134;49.53;2020;10084022140;B
20240410;101135;49.54;20;10084022346;B
20240410;101135;49.53;2000;10084022347;S
20240410;101136;49.53;380;10084022427;S
20240410;101136;49.53;170;10084022555;B
20240410;101137;49.52;100;10084022596;S
20240410;101137;49.54;340;10084022648;B
20240410;101137;49.54;1420;10084022649;B
20240410;101137;49.54;960;10084022650;B
20240410;101137;49.54;1000;10084022651;B
20240410;101137;49.54;2640;10084022652;B
20240410;101137;49.55;80;10084022653;B
20240410;101137;49.55;5000;10084022654;B
20240410;101137;49.55;2500;10084022655;B
20240410;101137;49.55;10;10084022656;B
20240410;101137;49.55;830;10084022657;B
20240410;101137;49.56;1000;10084022658;B
20240410;101137;49.56;1000;10084022659;B
20240410;101137;49.56;100;10084022660;B
20240410;101137;49.56;100;10084022661;B
20240410;101137;49.56;1000;10084022662;B
20240410;101137;49.56;410;10084022663;B
20240410;101137;49.57;1000;10084022664;B
20240410;101137;49.57;30000;10084022665;B
20240410;101137;49.57;100;10084022666;S
20240410;101137;49.57;500;10084022667;S
20240410;101137;49.57;10;10084022669;S
20240410;101137;49.55;1000;10084022680;S
20240410;101137;49.54;1000;10084022681;S
20240410;101137;49.54;820;10084022682;S
20240410;101137;49.53;180;10084022683;S
20240410;101138;49.54;50;10084022787;B
20240410;101138;49.54;20;10084022821;B
20240410;101139;49.53;10;10084023010;S
20240410;101140;49.54;10;10084023048;B
20240410;101141;49.53;40;10084023289;S
20240410;101143;49.54;260;10084023773;B
20240410;101143;49.54;810;10084023774;B
20240410;101143;49.55;930;10084023775;B
20240410;101143;49.55;10;10084023819;B
20240410;101144;49.56;480;10084024035;B
20240410;101144;49.56;420;10084024036;B
20240410;101145;49.57;10;10084024149;B
20240410;101149;49.55;10;10084024893;S
20240410;101149;49.57;10;10084024983;B
20240410;101149;49.55;990;10084025064;S
20240410;101149;49.54;1000;10084025065;S
20240410;101149;49.54;800;10084025066;S
20240410;101149;49.54;1420;10084025067;S
20240410;101149;49.53;790;10084025068;S
20240410;101152;49.55;10;10084025336;B
20240410;101152;49.55;600;10084025476;B
20240410;101153;49.54;400;10084025489;S
20240410;101154;49.54;50;10084025683;S
20240410;101154;49.54;100;10084025693;S
20240410;101155;49.55;10;10084025816;B
20240410;101155;49.54;100;10084025825;S
20240410;101155;49.54;10;10084025844;S
20240410;101156;49.54;10;10084025888;S
20240410;101156;49.54;100;10084025957;S
20240410;101156;49.55;1880;10084025974;B
20240410;101156;49.55;210;10084025975;B
20240410;101157;49.57;160;10084026109;B
20240410;101157;49.57;100;10084026110;B
20240410;101157;49.57;230;10084026111;B
20240410;101157;49.57;700;10084026145;B
20240410;101157;49.54;30;10084026163;S
20240410;101158;49.55;10;10084026260;B
20240410;101159;49.55;2500;10084026450;B
20240410;101159;49.54;200;10084026486;S
20240410;101200;49.54;110;10084026515;B
20240410;101200;49.53;150;10084026525;S
20240410;101200;49.54;10;10084026601;B
20240410;101200;49.54;500;10084026603;B
20240410;101202;49.54;180;10084026756;B
20240410;101202;49.54;100;10084026757;B
20240410;101202;49.55;170;10084026758;B
20240410;101202;49.55;50;10084026759;B
20240410;101205;49.56;10;10084027299;B
20240410;101206;49.56;50;10084027498;B
20240410;101206;49.56;50;10084027499;B
20240410;101206;49.57;900;10084027500;B
20240410;101207;49.57;40;10084027658;B
20240410;101208;49.57;20;10084027783;B
20240410;101208;49.57;20;10084027791;B
20240410;101211;49.56;100;10084028144;S
20240410;101212;49.57;10;10084028217;B
20240410;101212;49.56;10;10084028237;S
20240410;101213;49.57;10;10084028316;B
20240410;101213;49.56;10;10084028345;S
20240410;101213;49.57;100;10084028403;B
20240410;101213;49.57;200;10084028404;B
20240410;101213;49.57;100;10084028405;B
20240410;101213;49.57;600;10084028406;B
20240410;101215;49.57;200;10084028710;B
20240410;101215;49.57;690;10084028711;B
20240410;101216;49.58;10;10084028728;B
20240410;101216;49.59;20;10084028842;B
20240410;101216;49.56;380;10084028856;S
20240410;101216;49.56;100;10084028857;S
20240410;101216;49.56;210;10084028866;B
20240410;101216;49.56;400;10084028888;B
20240410;101217;49.56;20;10084028899;B
20240410;101217;49.56;1000;10084028916;B
20240410;101219;49.55;30;10084029257;S
20240410;101219;49.55;100;10084029258;S
20240410;101219;49.55;50;10084029259;S
20240410;101219;49.55;1000;10084029272;B
20240410;101223;49.54;20;10084029874;S
20240410;101223;49.55;10;10084030024;B
20240410;101223;49.55;200;10084030029;B
20240410;101224;49.54;100;10084030084;S
20240410;101224;49.55;1110;10084030138;B
20240410;101224;49.55;90;10084030139;B
20240410;101224;49.55;20;10084030143;B
20240410;101226;49.54;590;10084030344;S
20240410;101226;49.54;10;10084030345;S
20240410;101226;49.53;1000;10084030346;S
20240410;101226;49.53;740;10084030347;S
20240410;101226;49.53;2500;10084030348;S
20240410;101227;49.52;640;10084030507;S
20240410;101227;49.52;50;10084030508;S
20240410;101227;49.52;310;10084030509;S
20240410;101227;49.53;10;10084030622;B
20240410;101228;49.52;40;10084030869;S
20240410;101228;49.52;1000;10084030876;S
20240410;101229;49.52;20;10084030927;S
20240410;101229;49.52;500;10084030957;S
20240410;101231;49.52;2800;10084031449;S
20240410;101232;49.52;1000;10084031535;S
20240410;101232;49.52;2500;10084031539;S
20240410;101233;49.52;500;10084031827;S
20240410;101234;49.52;20;10084032024;S
20240410;101235;49.52;1000;10084032168;S
20240410;101236;49.53;150;10084032197;B
20240410;101236;49.53;160;10084032198;B
20240410;101237;49.52;2090;10084032404;S
20240410;101237;49.52;500;10084032431;S
20240410;101239;49.52;500;10084032609;S
20240410;101240;49.53;10;10084032925;B
20240410;101243;49.53;10;10084033306;B
20240410;101244;49.52;440;10084033507;S
20240410;101244;49.52;500;10084033518;S
20240410;101244;49.52;500;10084033519;S
20240410;101245;49.53;10;10084033725;B
20240410;101245;49.53;310;10084033764;B
20240410;101245;49.53;90;10084033765;B
20240410;101246;49.53;100;10084033838;B
20240410;101246;49.53;400;10084033839;B
20240410;101247;49.52;200;10084033966;S
20240410;101248;49.52;310;10084034138;S
20240410;101248;49.53;600;10084034176;B
20240410;101248;49.53;400;10084034177;B
20240410;101249;49.53;1000;10084034362;B
20240410;101249;49.52;1000;10084034545;S
20240410;101252;49.52;19000;10084035214;S
20240410;101255;49.53;1000;10084035740;B
20240410;101255;49.52;2500;10084035887;S
20240410;101255;49.53;1000;10084035910;B
20240410;101259;49.52;150;10084036500;S
20240410;101259;49.53;10;10084036552;B
20240410;101303;49.52;4900;10084037111;S
20240410;101303;49.52;100;10084037112;S
20240410;101306;49.52;100;10084037809;S
20240410;101308;49.52;100;10084038061;S
20240410;101308;49.52;3990;10084038079;S
20240410;101308;49.52;10;10084038080;S
20240410;101310;49.52;10;10084038336;S
20240410;101311;49.52;8390;10084038385;S
20240410;101311;49.52;10;10084038440;S
20240410;101311;49.53;40;10084038445;B
20240410;101313;49.53;40;10084038685;B
20240410;101314;49.52;1720;10084038815;S
20240410;101316;49.52;30;10084039152;S
20240410;101316;49.52;700;10084039163;S
20240410;101316;49.52;4920;10084039208;S
20240410;101316;49.52;80;10084039209;S
20240410;101318;49.52;400;10084039394;S
20240410;101318;49.53;10;10084039487;B
20240410;101320;49.52;50;10084039791;S
20240410;101322;49.53;100;10084040002;B
20240410;101325;49.53;30;10084040658;B
20240410;101326;49.52;10;10084040703;S
20240410;101327;49.52;200;10084040899;S
20240410;101328;49.52;60;10084041079;S
20240410;101329;49.52;100;10084041130;S
20240410;101329;49.52;10000;10084041247;S
20240410;101330;49.52;500;10084041266;S
20240410;101330;49.52;140;10084041283;S
20240410;101330;49.53;1370;10084041372;B
20240410;101330;49.53;220;10084041373;B
20240410;101330;49.52;11600;10084041408;S
20240410;101332;49.52;1370;10084041621;S
20240410;101332;49.52;4000;10084041661;S
20240410;101334;49.53;10;10084041811;B
20240410;101334;49.53;700;10084041932;B
20240410;101335;49.52;500;10084041988;S
20240410;101335;49.53;430;10084042077;B
20240410;101335;49.53;1280;10084042078;B
20240410;101336;49.53;10;10084042140;B
20240410;101336;49.52;5000;10084042216;S
20240410;101336;49.52;500;10084042243;S
20240410;101338;49.53;10;10084042490;B
20240410;101339;49.52;20;10084042587;S
20240410;101339;49.52;10;10084042667;S
20240410;101340;49.52;2600;10084042704;S
20240410;101341;49.53;120;10084042859;B
20240410;101343;49.52;1000;10084043091;S
20240410;101344;49.53;10;10084043324;B
20240410;101346;49.53;500;10084043566;B
20240410;101346;49.52;5150;10084043573;S
20240410;101347;49.52;1400;10084043785;S
20240410;101348;49.53;10;10084043882;B
20240410;101348;49.52;20;10084043897;S
20240410;101348;49.52;4000;10084043944;S
20240410;101349;49.52;10;10084044065;S
20240410;101350;49.52;2260;10084044144;S
20240410;101352;49.53;10;10084044416;B
20240410;101353;49.52;330;10084044537;S
20240410;101354;49.53;40;10084044749;B
20240410;101355;49.52;140;10084044817;S
20240410;101356;49.53;10;10084045025;B
20240410;101356;49.53;30;10084045026;B
20240410;101356;49.52;140;10084045165;S
20240410;101359;49.52;550;10084045572;S
20240410;101400;49.53;20;10084045747;B
20240410;101401;49.52;1000;10084045853;S
20240410;101401;49.52;20000;10084045918;S
20240410;101402;49.52;200;10084045976;S
20240410;101402;49.52;300;10084045980;S
20240410;101403;49.52;200;10084046187;S
20240410;101404;49.52;100;10084046398;S
20240410;101405;49.52;50;10084046504;S
20240410;101405;49.53;200;10084046544;B
20240410;101407;49.53;10;10084046902;B
20240410;101407;49.52;100;10084046973;S
20240410;101408;49.53;10;10084047044;B
20240410;101409;49.53;100;10084047233;B
20240410;101409;49.52;100;10084047239;S
20240410;101409;49.52;500;10084047240;S
20240410;101410;49.52;100;10084047598;S
20240410;101413;49.52;380;10084048134;S
20240410;101413;49.52;1120;10084048135;S
20240410;101413;49.52;100;10084048168;S
20240410;101413;49.52;200;10084048281;S
20240410;101415;49.52;100;10084048624;S
20240410;101418;49.52;4530;10084048936;S
20240410;101418;49.52;470;10084048937;S
20240410;101418;49.52;40;10084049026;S
20240410;101418;49.53;10;10084049065;B
20240410;101419;49.53;20;10084049200;B
20240410;101421;49.52;50;10084049493;S
20240410;101422;49.52;5000;10084049604;S
20240410;101423;49.52;6790;10084049789;S
20240410;101423;49.52;10;10084049790;S
20240410;101424;49.52;2500;10084049983;S
20240410;101425;49.52;5000;10084050018;S
20240410;101426;49.52;130;10084050241;S
20240410;101426;49.52;130;10084050249;S
20240410;101426;49.52;20;10084050254;S
20240410;101427;49.52;10000;10084050586;S
20240410;101427;49.52;30;10084050783;S
20240410;101429;49.52;2500;10084050963;S
20240410;101429;49.53;30;10084051044;B
20240410;101431;49.52;100;10084051206;S
20240410;101431;49.52;1650;10084051212;S
20240410;101431;49.52;6000;10084051224;S
20240410;101433;49.52;20000;10084051441;S
20240410;101433;49.52;3000;10084051474;S
20240410;101434;49.52;2500;10084051735;S
20240410;101436;49.52;20000;10084051850;S
20240410;101437;49.52;100;10084052130;S
20240410;101441;49.52;500;10084052603;S
20240410;101441;49.52;500;10084052624;S
20240410;101441;49.52;100;10084052626;S
20240410;101442;49.53;10;10084052694;B
20240410;101443;49.52;60;10084052873;S
20240410;101447;49.53;10;10084053323;B
20240410;101447;49.52;2000;10084053367;S
20240410;101447;49.52;7600;10084053382;S
20240410;101447;49.52;400;10084053383;S
20240410;101447;49.52;6710;10084053385;S
20240410;101447;49.51;120;10084053386;S
20240410;101447;49.51;100;10084053387;S
20240410;101447;49.51;810;10084053388;S
20240410;101447;49.5;100;10084053389;S
20240410;101447;49.5;2160;10084053390;S
20240410;101447;49.49;500;10084053399;S
20240410;101447;49.49;500;10084053400;S
20240410;101447;49.49;500;10084053401;S
20240410;101447;49.49;470;10084053402;S
20240410;101447;49.48;30;10084053403;S
20240410;101447;49.48;970;10084053404;S
20240410;101447;49.47;1000;10084053405;S
20240410;101447;49.47;40;10084053406;S
20240410;101447;49.47;720;10084053407;S
20240410;101447;49.46;1000;10084053408;S
20240410;101447;49.46;270;10084053409;S
20240410;101448;49.46;1000;10084053455;S
20240410;101448;49.45;1000;10084053456;S
20240410;101448;49.45;10;10084053457;S
20240410;101448;49.45;180;10084053458;S
20240410;101448;49.45;1810;10084053459;S
20240410;101450;49.45;140;10084053702;S
20240410;101450;49.45;360;10084053703;S
20240410;101450;49.45;500;10084053794;S
20240410;101451;49.47;200;10084053800;B
20240410;101451;49.47;10;10084053814;B
20240410;101452;49.45;500;10084054042;S
20240410;101453;49.46;10;10084054086;B
20240410;101453;49.46;140;10084054087;B
20240410;101453;49.45;500;10084054128;S
20240410;101453;49.47;1210;10084054203;B
20240410;101453;49.47;1000;10084054204;B
20240410;101453;49.48;720;10084054205;B
20240410;101453;49.48;790;10084054206;B
20240410;101453;49.49;60;10084054207;B
20240410;101453;49.49;2640;10084054208;B
20240410;101453;49.49;1000;10084054209;B
20240410;101453;49.5;470;10084054210;B
20240410;101453;49.5;1000;10084054211;B
20240410;101453;49.5;720;10084054212;B
20240410;101453;49.5;390;10084054213;B
20240410;101457;49.49;20;10084054743;B
20240410;101457;49.47;10;10084054744;S
20240410;101457;49.47;2990;10084054745;S
20240410;101457;49.46;470;10084054746;S
20240410;101457;49.46;10;10084054747;S
20240410;101457;49.46;2670;10084054748;S
20240410;101457;49.46;780;10084054749;S
20240410;101457;49.45;1140;10084054750;S
20240410;101457;49.45;1000;10084054751;S
20240410;101457;49.44;1000;10084054752;S
20240410;101457;49.44;970;10084054753;S
20240410;101457;49.43;1000;10084054754;S
20240410;101457;49.43;100;10084054755;S
20240410;101457;49.43;40;10084054756;S
20240410;101457;49.43;700;10084054757;S
20240410;101457;49.43;50;10084054758;S
20240410;101457;49.43;7080;10084054759;S
20240410;101458;49.43;20;10084054862;S
20240410;101459;49.46;10;10084055113;B
20240410;101500;49.44;30;10084055267;S
20240410;101501;49.44;1000;10084055490;S
20240410;101502;49.45;20;10084055577;B
20240410;101502;49.46;1410;10084055578;B
20240410;101502;49.46;500;10084055579;B
20240410;101502;49.46;470;10084055580;B
20240410;101502;49.46;780;10084055581;B
20240410;101505;49.45;10;10084056501;S
20240410;101506;49.47;10;10084056701;B
20240410;101508;49.47;10;10084057274;B
20240410;101512;49.46;30;10084058240;S
20240410;101513;49.46;40;10084058374;S
20240410;101514;49.46;10;10084058688;S
20240410;101515;49.47;1400;10084058820;B
20240410;101515;49.48;1000;10084058821;B
20240410;101515;49.48;1000;10084058822;B
20240410;101515;49.48;2640;10084058823;B
20240410;101515;49.48;10;10084058824;B
20240410;101515;49.48;770;10084058825;B
20240410;101516;49.49;2000;10084059041;B
20240410;101517;49.48;50;10084059342;S
20240410;101518;49.48;3130;10084059578;S
20240410;101520;49.48;20;10084060003;B
20240410;101522;49.48;10;10084060386;B
20240410;101522;49.48;330;10084060402;B
20240410;101522;49.48;20;10084060413;B
20240410;101523;49.48;10;10084060500;B
20240410;101523;49.47;10;10084060514;S
20240410;101523;49.47;50;10084060515;S
20240410;101523;49.47;40;10084060516;S
20240410;101524;49.47;500;10084060662;S
20240410;101524;49.47;10;10084060776;S
20240410;101524;49.47;1450;10084060792;S
20240410;101524;49.47;100;10084060793;S
20240410;101524;49.46;1920;10084060794;S
20240410;101524;49.46;10;10084060795;S
20240410;101524;49.46;2590;10084060796;S
20240410;101524;49.46;760;10084060797;S
20240410;101524;49.45;10;10084060798;S
20240410;101524;49.45;470;10084060799;S
20240410;101524;49.44;1970;10084060800;S
20240410;101524;49.44;720;10084060801;S
20240410;101525;49.43;700;10084060879;S
20240410;101528;49.47;20;10084061637;B
20240410;101534;49.46;500;10084062793;B
20240410;101534;49.46;500;10084062794;B
20240410;101535;49.44;620;10084062990;S
20240410;101535;49.43;990;10084063133;S
20240410;101541;49.42;500;10084064619;S
20240410;101541;49.42;250;10084064633;S
20240410;101547;49.44;500;10084065922;B
20240410;101547;49.44;1000;10084065923;B
20240410;101547;49.44;340;10084066004;S
20240410;101547;49.44;10;10084066025;S
20240410;101547;49.45;10;10084066038;B
20240410;101548;49.44;480;10084066128;S
20240410;101549;49.45;60;10084066296;B
20240410;101549;49.45;30;10084066303;B
20240410;101549;49.44;10;10084066358;S
20240410;101550;49.45;60;10084066487;B
20240410;101551;49.45;20;10084066790;B
20240410;101551;49.45;10;10084066803;B
20240410;101552;49.45;30;10084066896;B
20240410;101553;49.45;20;10084067090;B
20240410;101554;49.45;30;10084067198;B
20240410;101556;49.45;10;10084067509;B
20240410;101557;49.44;20;10084067616;S
20240410;101600;49.44;10;10084068176;S
20240410;101600;49.45;20;10084068191;B
20240410;101600;49.44;350;10084068271;S
20240410;101600;49.44;280;10084068311;S
20240410;101600;49.43;750;10084068312;S
20240410;101600;49.43;430;10084068313;S
20240410;101600;49.43;500;10084068314;S
20240410;101600;49.42;2020;10084068315;S
20240410;101600;49.42;1020;10084068316;S
20240410;101603;49.43;30;10084068701;B
20240410;101604;49.43;40;10084068915;B
20240410;101605;49.43;20;10084069059;B
20240410;101608;49.41;400;10084069500;S
20240410;101608;49.41;210;10084069501;S
20240410;101608;49.42;300;10084069529;B
20240410;101609;49.41;10;10084069614;S
20240410;101611;49.42;200;10084069767;B
20240410;101611;49.42;500;10084070041;S
20240410;101612;49.43;10;10084070178;B
20240410;101615;49.42;200;10084070641;S
20240410;101616;49.43;190;10084070741;B
20240410;101616;49.43;210;10084070772;B
20240410;101616;49.43;740;10084070773;B
20240410;101616;49.43;10;10084070774;B
20240410;101616;49.44;40;10084070775;B
20240410;101619;49.43;1070;10084071243;B
20240410;101619;49.43;30;10084071248;B
20240410;101619;49.44;740;10084071249;B
20240410;101619;49.45;1120;10084071250;B
20240410;101619;49.45;110;10084071251;B
20240410;101619;49.45;1000;10084071252;B
20240410;101619;49.45;1000;10084071253;B
20240410;101619;49.45;10;10084071254;B
20240410;101619;49.46;470;10084071255;B
20240410;101619;49.46;1000;10084071256;B
20240410;101619;49.46;400;10084071257;B
20240410;101619;49.46;1130;10084071258;B
20240410;101619;49.47;2620;10084071259;B
20240410;101619;49.47;370;10084071260;B
20240410;101622;49.43;780;10084071786;S
20240410;101622;49.42;2100;10084071787;S
20240410;101622;49.42;730;10084071788;S
20240410;101622;49.41;180;10084071789;S
20240410;101622;49.41;10;10084071790;S
20240410;101622;49.41;7280;10084071791;S
20240410;101622;49.41;470;10084071792;S
20240410;101622;49.41;1000;10084071793;S
20240410;101622;49.4;100;10084071794;S
20240410;101622;49.4;10;10084071795;S
20240410;101622;49.4;1000;10084071796;S
20240410;101622;49.4;50;10084071797;S
20240410;101622;49.4;10;10084071798;S
20240410;101622;49.4;2020;10084071799;S
20240410;101622;49.4;10;10084071800;S
20240410;101622;49.39;10;10084071801;S
20240410;101622;49.39;10;10084071802;S
20240410;101622;49.39;10;10084071803;S
20240410;101622;49.39;10;10084071804;S
20240410;101622;49.39;1000;10084071805;S
20240410;101622;49.39;80;10084071806;S
20240410;101622;49.39;3130;10084071807;S
20240410;101623;49.4;30;10084071864;S
20240410;101624;49.43;20;10084072062;B
20240410;101624;49.4;10;10084072140;S
20240410;101628;49.4;10;10084072792;S
20240410;101630;49.4;4000;10084073013;S
20240410;101631;49.4;100;10084073140;S
20240410;101633;49.4;900;10084073670;S
20240410;101637;49.4;50;10084074275;B
20240410;101640;49.4;50;10084074828;B
20240410;101640;49.4;120;10084074829;B
20240410;101640;49.4;900;10084074830;B
20240410;101642;49.39;720;10084075095;S
20240410;101642;49.39;2450;10084075096;S
20240410;101642;49.38;330;10084075097;S
20240410;101645;49.4;100;10084075516;B
20240410;101647;49.4;10;10084075797;B
20240410;101647;49.39;2000;10084075845;S
20240410;101648;49.39;200;10084075998;S
20240410;101651;49.39;240;10084076432;S
20240410;101651;49.39;1010;10084076491;S
20240410;101651;49.38;670;10084076492;S
20240410;101651;49.38;320;10084076493;S
20240410;101653;49.38;180;10084076975;S
20240410;101654;49.38;10;10084077085;S
20240410;101655;49.39;50;10084077166;B
20240410;101657;49.38;140;10084077692;S
20240410;101657;49.39;30;10084077754;B
20240410;101657;49.39;10;10084077755;B
20240410;101657;49.39;100;10084077838;B
20240410;101657;49.39;70;10084077902;B
20240410;101701;49.38;190;10084078530;S
20240410;101701;49.38;1000;10084078546;S
20240410;101701;49.38;180;10084078586;S
20240410;101701;49.38;720;10084078587;S
20240410;101701;49.38;100;10084078588;S
20240410;101702;49.38;20;10084078647;S
20240410;101702;49.38;140;10084078735;S
20240410;101702;49.38;330;10084078767;S
20240410;101704;49.38;480;10084079133;S
20240410;101704;49.38;330;10084079245;S
20240410;101704;49.38;10;10084079283;S
20240410;101704;49.38;160;10084079284;S
20240410;101704;49.38;140;10084079335;S
20240410;101705;49.38;480;10084079485;S
20240410;101705;49.38;10;10084079610;S
20240410;101705;49.37;30;10084079611;S
20240410;101705;49.37;430;10084079666;S
20240410;101705;49.38;10;10084079780;B
20240410;101711;49.37;20;10084080791;S
20240410;101712;49.37;90;10084080824;S
20240410;101712;49.37;390;10084080825;S
20240410;101712;49.36;20;10084080914;S
20240410;101713;49.37;10;10084080979;B
20240410;101713;49.36;450;10084081081;S
20240410;101713;49.36;440;10084081165;S
20240410;101714;49.36;1110;10084081395;S
20240410;101714;49.36;20;10084081396;S
20240410;101714;49.36;30;10084081397;S
20240410;101715;49.35;10;10084081500;S
20240410;101715;49.35;10;10084081501;S
20240410;101715;49.35;40;10084081502;S
20240410;101715;49.35;200;10084081712;S
20240410;101717;49.35;30;10084081919;S
20240410;101717;49.35;230;10084081972;S
20240410;101717;49.35;10;10084081973;S
20240410;101717;49.35;50;10084081974;S
20240410;101717;49.34;2020;10084081975;S
20240410;101717;49.34;200;10084081976;S
20240410;101717;49.34;7290;10084081977;S
20240410;101717;49.34;690;10084081978;S
20240410;101717;49.33;20;10084081979;S
20240410;101717;49.33;100;10084081980;S
20240410;101717;49.33;1000;10084081981;S
20240410;101717;49.33;2000;10084081982;S
20240410;101717;49.33;2500;10084081983;S
20240410;101717;49.33;80;10084081984;S
20240410;101717;49.32;10;10084081985;S
20240410;101717;49.32;1800;10084081986;S
20240410;101718;49.33;10;10084082063;B
20240410;101718;49.33;690;10084082173;B
20240410;101718;49.33;380;10084082174;B
20240410;101728;49.33;20;10084084482;B
20240410;101731;49.33;150;10084085026;B
20240410;101731;49.33;680;10084085027;B
20240410;101731;49.33;240;10084085028;B
20240410;101732;49.33;30;10084085142;S
20240410;101733;49.35;120;10084085293;B
20240410;101733;49.36;470;10084085294;B
20240410;101733;49.36;1000;10084085295;B
20240410;101733;49.36;1000;10084085296;B
20240410;101733;49.37;1070;10084085297;B
20240410;101733;49.37;1000;10084085298;B
20240410;101733;49.37;490;10084085299;B
20240410;101733;49.36;50;10084085383;B
20240410;101738;49.36;20;10084086190;B
20240410;101739;49.35;10;10084086364;S
20240410;101739;49.37;300;10084086427;B
20240410;101744;49.35;230;10084087082;S
20240410;101745;49.37;1000;10084087249;B
20240410;101746;49.35;10;10084087388;S
20240410;101750;49.37;80;10084087983;B
20240410;101750;49.37;420;10084087984;B
20240410;101751;49.37;580;10084088064;B
20240410;101751;49.37;200;10084088065;B
20240410;101751;49.37;70;10084088066;B
20240410;101751;49.38;40;10084088067;B
20240410;101751;49.38;680;10084088068;B
20240410;101751;49.39;40;10084088069;B
20240410;101751;49.39;890;10084088070;B
20240410;101753;49.37;10;10084088507;B
20240410;101753;49.37;990;10084088508;B
20240410;101754;49.38;10;10084089068;B
20240410;101755;49.35;1170;10084089279;S
20240410;101755;49.35;190;10084089280;S
20240410;101755;49.35;2640;10084089281;S
20240410;101755;49.35;1000;10084089282;S
20240410;101755;49.35;30;10084089283;S
20240410;101755;49.35;1970;10084089284;S
20240410;101756;49.38;100;10084089500;B
20240410;101757;49.38;20;10084089570;B
20240410;101757;49.38;10;10084089642;B
20240410;101802;49.36;1110;10084090362;S
20240410;101805;49.38;1000;10084090949;B
20240410;101806;49.37;10;10084091010;S
20240410;101807;49.38;250;10084091139;B
20240410;101807;49.38;670;10084091140;B
20240410;101807;49.39;50;10084091141;B
20240410;101807;49.39;1000;10084091142;B
20240410;101807;49.4;490;10084091143;B
20240410;101807;49.4;20;10084091144;B
20240410;101807;49.4;1000;10084091145;B
20240410;101807;49.4;3380;10084091146;B
20240410;101810;49.4;500;10084091561;B
20240410;101814;49.36;1000;10084092213;S
20240410;101815;49.39;40;10084092277;B
20240410;101816;49.39;70;10084092475;B
20240410;101818;49.36;30;10084092810;S
20240410;101819;49.39;10;10084093040;B
20240410;101823;49.36;450;10084093648;S
20240410;101826;49.36;650;10084094351;S
20240410;101830;49.36;100;10084095038;S
20240410;101835;49.36;10;10084096053;S
20240410;101838;49.36;10;10084096895;B
20240410;101840;49.36;1220;10084097387;B
20240410;101841;49.35;20;10084097538;S
20240410;101841;49.35;4980;10084097539;S
20240410;101843;49.36;160;10084097931;B
20240410;101843;49.36;2840;10084097932;B
20240410;101852;49.35;20;10084100415;S
20240410;101852;49.35;30;10084100416;S
20240410;101852;49.35;20;10084100494;S
20240410;101852;49.35;10;10084100495;S
20240410;101854;49.36;10;10084100714;B
20240410;101856;49.35;10;10084100988;S
20240410;101856;49.36;190;10084101017;B
20240410;101856;49.36;10;10084101018;B
20240410;101856;49.36;10;10084101019;B
20240410;101858;49.36;10;10084101184;S
20240410;101858;49.36;10;10084101231;S
20240410;101900;49.37;10;10084101444;B
20240410;101901;49.36;110;10084101622;S
20240410;101904;49.36;2160;10084101968;S
20240410;101904;49.36;1420;10084101969;S
20240410;101904;49.36;4420;10084101970;S
20240410;101904;49.37;3750;10084102002;B
20240410;101905;49.36;10;10084102090;S
20240410;101905;49.36;10;10084102093;S
20240410;101906;49.36;1500;10084102142;S
20240410;101906;49.36;110;10084102144;S
20240410;101907;49.37;30;10084102342;B
20240410;101909;49.37;10;10084102544;B
20240410;101909;49.36;10;10084102545;S
20240410;101909;49.36;10;10084102696;S
20240410;101910;49.36;3930;10084102816;S
20240410;101914;49.35;10;10084103723;S
20240410;101916;49.35;10;10084104118;S
20240410;101916;49.35;10;10084104165;S
20240410;101916;49.35;20;10084104166;S
20240410;101918;49.35;390;10084104358;S
20240410;101919;49.35;10;10084104629;S
20240410;101919;49.36;10;10084104684;B
20240410;101919;49.36;10;10084104685;B
20240410;101919;49.36;10;10084104686;B
20240410;101919;49.36;50;10084104687;B
20240410;101919;49.36;10;10084104688;B
20240410;101919;49.36;10;10084104689;B
20240410;101919;49.36;10;10084104690;B
20240410;101919;49.36;30;10084104692;B
20240410;101919;49.36;20;10084104693;B
20240410;101919;49.36;10;10084104694;B
20240410;101919;49.36;50;10084104695;B
20240410;101919;49.36;20;10084104696;B
20240410;101919;49.36;90;10084104697;B
20240410;101919;49.36;60;10084104698;B
20240410;101919;49.36;110;10084104699;B
20240410;101919;49.36;10;10084104700;B
20240410;101919;49.36;50;10084104701;B
20240410;101919;49.36;50;10084104702;B
20240410;101919;49.36;140;10084104703;B
20240410;101919;49.36;10;10084104704;B
20240410;101919;49.36;20;10084104705;B
20240410;101919;49.36;10;10084104706;B
20240410;101919;49.36;30;10084104707;B
20240410;101919;49.36;10;10084104708;B
20240410;101919;49.36;10;10084104709;B
20240410;101919;49.36;10;10084104710;B
20240410;101919;49.36;10;10084104711;B
20240410;101919;49.36;50;10084104712;B
20240410;101919;49.36;10;10084104713;B
20240410;101919;49.36;30;10084104714;B
20240410;101919;49.36;40;10084104716;B
20240410;101919;49.36;50;10084104717;B
20240410;101919;49.36;10;10084104718;B
20240410;101919;49.36;20;10084104721;B
20240410;101919;49.36;10;10084104722;B
20240410;101919;49.36;150;10084104723;B
20240410;101919;49.36;30;10084104724;B
20240410;101919;49.36;20;10084104726;B
20240410;101919;49.36;20;10084104727;B
20240410;101919;49.36;10;10084104728;B
20240410;101919;49.36;10;10084104729;B
20240410;101919;49.36;10;10084104730;B
20240410;101919;49.36;20;10084104731;B
20240410;101919;49.36;10;10084104733;B
20240410;101919;49.36;50;10084104734;B
20240410;101919;49.36;20;10084104735;B
20240410;101920;49.36;50;10084104759;B
20240410;101920;49.36;30;10084105063;B
20240410;101920;49.36;10;10084105073;B
20240410;101920;49.36;30;10084105085;B
20240410;101920;49.36;10;10084105086;B
20240410;101920;49.35;20;10084105090;S
20240410;101920;49.35;20;10084105091;S
20240410;101920;49.36;40;10084105109;B
20240410;101920;49.36;20;10084105111;B
20240410;101920;49.36;60;10084105119;B
20240410;101920;49.36;60;10084105120;B
20240410;101920;49.36;20;10084105122;B
20240410;101920;49.36;10;10084105127;B
20240410;101920;49.36;30;10084105130;B
20240410;101920;49.36;20;10084105131;B
20240410;101920;49.36;10;10084105132;B
20240410;101920;49.36;20;10084105133;B
20240410;101920;49.36;30;10084105134;B
20240410;101920;49.36;20;10084105135;B
20240410;101920;49.36;10;10084105137;B
20240410;101920;49.36;50;10084105138;B
20240410;101920;49.36;10;10084105140;B
20240410;101920;49.36;20;10084105141;B
20240410;101920;49.36;20;10084105142;B
20240410;101920;49.36;20;10084105143;B
20240410;101920;49.36;10;10084105150;B
20240410;101920;49.36;20;10084105156;B
20240410;101920;49.36;10;10084105160;B
20240410;101920;49.36;20;10084105218;B
20240410;101920;49.36;10;10084105219;B
20240410;101920;49.36;20;10084105223;B
20240410;101920;49.36;30;10084105224;B
20240410;101920;49.36;10;10084105228;B
20240410;101920;49.36;20;10084105229;B
20240410;101920;49.36;20;10084105230;B
20240410;101920;49.36;10;10084105234;B
20240410;101920;49.36;30;10084105235;B
20240410;101920;49.36;50;10084105237;B
20240410;101921;49.36;20;10084105282;B
20240410;101921;49.36;120;10084105284;B
20240410;101921;49.36;50;10084105296;B
20240410;101921;49.36;10;10084105325;B
20240410;101921;49.36;60;10084105415;B
20240410;101922;49.35;10;10084105657;S
20240410;101924;49.36;10;10084106072;B
20240410;101925;49.35;30;10084106238;S
20240410;101925;49.35;50;10084106239;S
20240410;101927;49.36;60;10084106654;B
20240410;101927;49.35;10;10084106725;S
20240410;101927;49.36;50;10084106768;B
20240410;101927;49.36;10;10084106808;B
20240410;101927;49.36;50;10084106809;B
20240410;101927;49.36;100;10084106810;B
20240410;101927;49.36;10;10084106811;B
20240410;101927;49.36;10;10084106812;B
20240410;101927;49.36;10;10084106815;B
20240410;101927;49.36;40;10084106816;B
20240410;101927;49.36;20;10084106817;B
20240410;101927;49.36;150;10084106818;B
20240410;101927;49.36;60;10084106819;B
20240410;101927;49.36;20;10084106820;B
20240410;101927;49.36;30;10084106821;B
20240410;101927;49.36;20;10084106822;B
20240410;101927;49.36;20;10084106825;B
20240410;101927;49.36;30;10084106826;B
20240410;101927;49.36;30;10084106828;B
20240410;101927;49.36;10;10084106829;B
20240410;101927;49.36;20;10084106830;B
20240410;101927;49.36;20;10084106841;B
20240410;101927;49.36;20;10084106842;B
20240410;101927;49.36;10;10084106843;B
20240410;101927;49.36;40;10084106845;B
20240410;101927;49.36;20;10084106846;B
20240410;101927;49.36;30;10084106847;B
20240410;101927;49.36;50;10084106848;B
20240410;101927;49.36;10;10084106849;B
20240410;101927;49.36;30;10084106850;B
20240410;101927;49.36;10;10084106851;B
20240410;101927;49.36;20;10084106852;B
20240410;101927;49.36;80;10084106853;B
20240410;101927;49.36;50;10084106854;B
20240410;101927;49.36;20;10084106855;B
20240410;101927;49.36;20;10084106856;B
20240410;101927;49.36;30;10084106857;B
20240410;101927;49.36;50;10084106858;B
20240410;101927;49.36;10;10084106859;B
20240410;101927;49.36;10;10084106860;B
20240410;101927;49.36;20;10084106862;B
20240410;101927;49.36;10;10084106863;B
20240410;101927;49.36;30;10084106866;B
20240410;101927;49.36;20;10084106867;B
20240410;101927;49.36;20;10084106868;B
20240410;101927;49.36;50;10084106871;B
20240410;101927;49.36;10;10084106875;B
20240410;101927;49.36;10;10084106877;B
20240410;101927;49.36;50;10084106879;B
20240410;101927;49.36;20;10084106882;B
20240410;101928;49.36;20;10084106904;B
20240410;101928;49.36;20;10084106905;B
20240410;101928;49.35;10;10084106906;S
20240410;101928;49.36;10;10084106907;B
20240410;101928;49.36;10;10084106909;B
20240410;101928;49.36;30;10084106910;B
20240410;101928;49.36;10;10084106913;B
20240410;101928;49.36;30;10084106914;B
20240410;101928;49.36;10;10084106916;B
20240410;101928;49.36;30;10084106917;B
20240410;101928;49.36;10;10084106918;B
20240410;101928;49.36;50;10084106926;B
20240410;101928;49.36;70;10084106930;B
20240410;101928;49.36;60;10084106931;B
20240410;101928;49.36;20;10084106936;B
20240410;101928;49.37;30;10084106937;B
20240410;101928;49.37;20;10084106938;B
20240410;101928;49.37;40;10084106939;B
20240410;101928;49.37;10;10084106940;B
20240410;101928;49.37;50;10084106941;B
20240410;101928;49.37;20;10084106942;B
20240410;101928;49.37;10;10084106943;B
20240410;101928;49.37;10;10084106945;B
20240410;101928;49.37;10;10084106946;B
20240410;101928;49.37;60;10084106947;B
20240410;101928;49.37;20;10084106950;B
20240410;101931;49.37;20;10084107369;B
20240410;101931;49.37;240;10084107371;B
20240410;101931;49.37;30;10084107372;B
20240410;101931;49.37;290;10084107373;B
20240410;101931;49.38;30;10084107374;B
20240410;101931;49.38;20;10084107375;B
20240410;101931;49.38;20;10084107376;B
20240410;101931;49.38;40;10084107377;B
20240410;101931;49.38;60;10084107378;B
20240410;101931;49.38;40;10084107379;B
20240410;101931;49.38;10;10084107380;B
20240410;101931;49.38;50;10084107381;B
20240410;101931;49.38;10;10084107383;B
20240410;101931;49.38;30;10084107385;B
20240410;101931;49.38;30;10084107386;B
20240410;101931;49.38;80;10084107387;B
20240410;101931;49.38;20;10084107388;B
20240410;101931;49.38;560;10084107389;B
20240410;101931;49.38;70;10084107390;B
20240410;101931;49.38;40;10084107391;B
20240410;101931;49.38;80;10084107411;B
20240410;101931;49.38;10;10084107413;B
20240410;101931;49.38;560;10084107414;B
20240410;101931;49.38;10;10084107417;B
20240410;101931;49.38;150;10084107419;B
20240410;101931;49.38;10;10084107420;B
20240410;101931;49.38;10;10084107421;B
20240410;101931;49.38;2930;10084107423;B
20240410;101931;49.38;10;10084107425;B
20240410;101931;49.38;290;10084107428;B
20240410;101931;49.38;20;10084107430;B
20240410;101931;49.38;170;10084107444;B
20240410;101931;49.38;370;10084107445;B
20240410;101931;49.38;50;10084107446;B
20240410;101931;49.38;10;10084107448;B
20240410;101931;49.38;190;10084107451;B
20240410;101931;49.38;10;10084107452;B
20240410;101931;49.38;10;10084107453;B
20240410;101931;49.38;1370;10084107454;B
20240410;101931;49.38;320;10084107455;B
20240410;101931;49.38;600;10084107456;B
20240410;101931;49.39;170;10084107457;B
20240410;101931;49.38;130;10084107458;B
20240410;101931;49.38;40;10084107459;B
20240410;101931;49.38;400;10084107461;B
20240410;101931;49.38;10;10084107462;B
20240410;101931;49.38;2820;10084107466;B
20240410;101931;49.39;10;10084107470;B
20240410;101931;49.39;30;10084107472;B
20240410;101931;49.39;200;10084107473;B
20240410;101931;49.39;50;10084107474;B
20240410;101931;49.39;540;10084107475;B
20240410;101931;49.39;50;10084107476;B
20240410;101931;49.39;80;10084107477;B
20240410;101931;49.39;130;10084107478;B
20240410;101931;49.39;20;10084107480;B
20240410;101931;49.39;50;10084107481;B
20240410;101931;49.39;90;10084107482;B
20240410;101931;49.39;20;10084107484;B
20240410;101931;49.39;270;10084107485;B
20240410;101931;49.39;320;10084107486;B
20240410;101931;49.39;20;10084107489;B
20240410;101931;49.39;240;10084107494;B
20240410;101931;49.39;350;10084107495;B
20240410;101931;49.39;960;10084107496;B
20240410;101931;49.39;2400;10084107530;B
20240410;101931;49.39;50;10084107534;B
20240410;101931;49.39;650;10084107535;B
20240410;101931;49.39;10;10084107537;B
20240410;101931;49.39;250;10084107538;B
20240410;101931;49.39;40;10084107540;B
20240410;101931;49.39;50;10084107541;B
20240410;101931;49.39;210;10084107542;B
20240410;101931;49.4;100;10084107543;B
20240410;101931;49.4;30;10084107544;B
20240410;101931;49.4;10;10084107545;B
20240410;101931;49.4;20;10084107546;B
20240410;101931;49.4;240;10084107547;B
20240410;101931;49.4;580;10084107548;B
20240410;101931;49.4;10;10084107552;B
20240410;101931;49.4;20;10084107553;B
20240410;101931;49.4;50;10084107554;B
20240410;101931;49.4;10;10084107555;B
20240410;101931;49.4;10;10084107556;B
20240410;101931;49.4;20;10084107557;B
20240410;101931;49.4;410;10084107558;B
20240410;101931;49.4;40;10084107559;B
20240410;101931;49.4;260;10084107561;B
20240410;101931;49.4;20;10084107562;B
20240410;101931;49.36;20;10084107564;S
20240410;101931;49.36;80;10084107565;S
20240410;101931;49.4;90;10084107566;B
20240410;101931;49.4;170;10084107569;B
20240410;101931;49.4;90;10084107570;B
20240410;101931;49.4;10;10084107571;B
20240410;101931;49.4;10;10084107572;B
20240410;101931;49.4;40;10084107573;B
20240410;101931;49.4;260;10084107574;B
20240410;101931;49.4;320;10084107575;B
20240410;101931;49.4;30;10084107576;B
20240410;101931;49.4;40;10084107578;B
20240410;101931;49.4;140;10084107579;B
20240410;101931;49.4;60;10084107581;B
20240410;101931;49.4;110;10084107582;B
20240410;101931;49.4;120;10084107583;B
20240410;101931;49.4;260;10084107584;B
20240410;101931;49.4;590;10084107585;B
20240410;101931;49.4;430;10084107587;B
20240410;101931;49.4;10;10084107588;B
20240410;101931;49.4;20;10084107589;B
20240410;101931;49.4;60;10084107591;B
20240410;101931;49.4;40;10084107592;B
20240410;101931;49.4;30;10084107593;B
20240410;101931;49.4;120;10084107596;B
20240410;101931;49.4;280;10084107602;B
20240410;101931;49.4;10;10084107621;B
20240410;101932;49.4;140;10084107662;B
20240410;101932;49.4;10;10084107666;B
20240410;101932;49.4;280;10084107672;B
20240410;101932;49.4;70;10084107673;B
20240410;101932;49.4;80;10084107686;B
20240410;101932;49.4;60;10084107687;B
20240410;101932;49.4;260;10084107688;B
20240410;101932;49.4;10;10084107690;B
20240410;101932;49.4;30;10084107697;B
20240410;101932;49.4;40;10084107698;B
20240410;101932;49.4;60;10084107703;B
20240410;101932;49.4;3050;10084107704;B
20240410;101932;49.4;550;10084107705;B
20240410;101932;49.4;10;10084107729;B
20240410;101932;49.4;280;10084107731;B
20240410;101932;49.4;180;10084107734;B
20240410;101932;49.4;1200;10084107754;B
20240410;101932;49.4;30;10084107757;B
20240410;101932;49.4;110;10084107760;B
20240410;101932;49.4;20;10084107761;B
20240410;101932;49.4;320;10084107762;B
20240410;101932;49.4;40;10084107763;B
20240410;101932;49.4;160;10084107764;B
20240410;101932;49.4;30;10084107767;B
20240410;101932;49.4;20;10084107771;B
20240410;101932;49.4;270;10084107772;B
20240410;101932;49.4;60;10084107773;B
20240410;101932;49.4;40;10084107792;B
20240410;101932;49.4;60;10084107793;B
20240410;101932;49.4;100;10084107795;B
20240410;101932;49.4;10;10084107796;B
20240410;101932;49.4;50;10084107797;B
20240410;101932;49.4;70;10084107798;B
20240410;101932;49.4;20;10084107799;B
20240410;101932;49.4;10;10084107800;B
20240410;101932;49.4;710;10084107801;B
20240410;101932;49.4;10;10084107805;B
20240410;101932;49.4;30;10084107806;B
20240410;101932;49.4;170;10084107808;B
20240410;101932;49.4;50;10084107809;B
20240410;101932;49.4;30;10084107810;B
20240410;101932;49.4;10;10084107811;B
20240410;101932;49.4;20;10084107812;B
20240410;101932;49.4;60;10084107817;B
20240410;101932;49.4;10;10084107820;B
20240410;101932;49.4;270;10084107821;B
20240410;101932;49.4;690;10084107822;B
20240410;101932;49.4;10;10084107825;B
20240410;101932;49.4;600;10084107829;B
20240410;101932;49.4;40;10084107837;B
20240410;101932;49.4;30;10084107839;B
20240410;101932;49.4;50;10084107840;B
20240410;101933;49.4;20;10084107871;B
20240410;101933;49.4;20;10084107882;B
20240410;101933;49.4;30;10084107883;B
20240410;101933;49.4;50;10084107886;B
20240410;101933;49.4;30;10084107887;B
20240410;101933;49.4;130;10084107888;B
20240410;101933;49.4;210;10084107894;B
20240410;101933;49.4;30;10084107896;B
20240410;101933;49.4;40;10084107897;B
20240410;101933;49.4;370;10084107901;B
20240410;101933;49.4;240;10084107910;B
20240410;101933;49.4;280;10084107911;B
20240410;101933;49.4;20;10084107912;B
20240410;101933;49.4;30;10084107915;B
20240410;101933;49.4;10;10084107916;B
20240410;101933;49.4;90;10084107917;B
20240410;101933;49.4;160;10084107924;B
20240410;101933;49.4;30;10084107980;B
20240410;101933;49.4;690;10084107981;B
20240410;101933;49.4;590;10084107984;B
20240410;101933;49.4;10;10084107989;B
20240410;101933;49.4;110;10084107993;B
20240410;101933;49.4;30;10084107996;B
20240410;101933;49.4;600;10084107998;B
20240410;101933;49.4;680;10084107999;B
20240410;101933;49.4;30;10084108003;B
20240410;101933;49.4;180;10084108007;B
20240410;101933;49.4;20;10084108010;B
20240410;101933;49.4;30;10084108014;B
20240410;101933;49.4;200;10084108015;B
20240410;101933;49.4;590;10084108016;B
20240410;101933;49.4;20;10084108017;B
20240410;101933;49.4;40;10084108018;B
20240410;101933;49.4;20;10084108021;B
20240410;101933;49.4;120;10084108022;B
20240410;101933;49.4;30;10084108023;B
20240410;101933;49.4;360;10084108024;B
20240410;101933;49.4;180;10084108025;B
20240410;101933;49.4;40;10084108026;B
20240410;101933;49.4;60;10084108027;B
20240410;101933;49.4;50;10084108029;B
20240410;101933;49.4;320;10084108030;B
20240410;101933;49.4;50;10084108031;B
20240410;101933;49.4;250;10084108047;B
20240410;101933;49.4;1370;10084108049;B
20240410;101933;49.4;10;10084108052;B
20240410;101933;49.4;320;10084108053;B
20240410;101933;49.4;100;10084108055;B
20240410;101933;49.4;140;10084108057;B
20240410;101933;49.4;260;10084108059;B
20240410;101933;49.4;90;10084108081;B
20240410;101933;49.4;10;10084108083;B
20240410;101933;49.4;20;10084108084;B
20240410;101933;49.4;30;10084108085;B
20240410;101933;49.4;60;10084108086;B
20240410;101933;49.4;680;10084108087;B
20240410;101933;49.4;90;10084108096;B
20240410;101933;49.4;120;10084108097;B
20240410;101933;49.41;180;10084108098;B
20240410;101933;49.4;1000;10084108099;S
20240410;101933;49.42;130;10084108103;B
20240410;101933;49.42;370;10084108115;B
20240410;101933;49.42;40;10084108116;B
20240410;101933;49.42;10;10084108118;B
20240410;101933;49.42;10;10084108135;B
20240410;101933;49.42;30;10084108137;B
20240410;101933;49.42;30;10084108138;B
20240410;101934;49.42;260;10084108139;B
20240410;101934;49.42;30;10084108156;B
20240410;101934;49.42;30;10084108157;B
20240410;101934;49.42;270;10084108159;B
20240410;101934;49.42;260;10084108160;B
20240410;101934;49.42;20;10084108163;B
20240410;101934;49.42;90;10084108164;B
20240410;101934;49.42;40;10084108165;B
20240410;101934;49.4;100;10084108166;S
20240410;101934;49.42;50;10084108167;B
20240410;101934;49.42;70;10084108171;B
20240410;101934;49.42;20;10084108172;B
20240410;101934;49.42;20;10084108173;B
20240410;101934;49.42;30;10084108174;B
20240410;101934;49.42;500;10084108177;B
20240410;101934;49.42;240;10084108178;B
20240410;101934;49.42;300;10084108181;B
20240410;101934;49.42;20;10084108184;B
20240410;101934;49.42;250;10084108188;B
20240410;101934;49.42;20;10084108196;B
20240410;101934;49.42;20;10084108197;B
20240410;101934;49.42;2200;10084108198;B
20240410;101934;49.42;130;10084108201;B
20240410;101934;49.42;30;10084108203;B
20240410;101934;49.42;10;10084108207;B
20240410;101934;49.41;500;10084108210;S
20240410;101934;49.42;50;10084108217;B
20240410;101934;49.42;50;10084108258;B
20240410;101934;49.42;40;10084108260;B
20240410;101934;49.42;20;10084108265;B
20240410;101934;49.42;290;10084108269;B
20240410;101934;49.42;90;10084108270;B
20240410;101934;49.42;50;10084108274;B
20240410;101934;49.41;100;10084108276;S
20240410;101934;49.42;40;10084108278;B
20240410;101935;49.42;50;10084108308;B
20240410;101935;49.42;60;10084108309;B
20240410;101935;49.42;270;10084108417;B
20240410;101935;49.42;10;10084108420;B
20240410;101935;49.42;10;10084108421;B
20240410;101935;49.42;170;10084108422;B
20240410;101935;49.42;260;10084108437;B
20240410;101935;49.42;60;10084108447;B
20240410;101935;49.42;300;10084108448;B
20240410;101935;49.42;660;10084108452;B
20240410;101935;49.42;30;10084108454;B
20240410;101935;49.42;50;10084108470;B
20240410;101936;49.42;280;10084108544;B
20240410;101936;49.42;30;10084108558;B
20240410;101936;49.42;6160;10084108561;B
20240410;101936;49.42;50;10084108562;B
20240410;101936;49.42;70;10084108568;B
20240410;101936;49.42;10;10084108569;B
20240410;101936;49.42;1100;10084108642;B
20240410;101936;49.41;10;10084108705;S
20240410;101937;49.42;40;10084108727;B
20240410;101937;49.42;680;10084108740;B
20240410;101937;49.42;10;10084108804;B
20240410;101937;49.42;80;10084108805;B
20240410;101939;49.42;30;10084109170;B
20240410;101939;49.42;100;10084109171;B
20240410;101939;49.42;40;10084109172;B
20240410;101939;49.42;60;10084109173;B
20240410;101939;49.42;30;10084109174;B
20240410;101939;49.42;60;10084109175;B
20240410;101939;49.42;30;10084109177;B
20240410;101939;49.42;30;10084109178;B
20240410;101939;49.42;60;10084109179;B
20240410;101939;49.42;30;10084109180;B
20240410;101939;49.42;30;10084109181;B
20240410;101939;49.42;100;10084109182;B
20240410;101939;49.42;100;10084109183;B
20240410;101939;49.42;100;10084109184;B
20240410;101939;49.42;60;10084109186;B
20240410;101939;49.42;70;10084109187;B
20240410;101939;49.42;30;10084109188;B
20240410;101939;49.42;30;10084109189;B
20240410;101939;49.42;30;10084109190;B
20240410;101939;49.42;40;10084109191;B
20240410;101939;49.42;20;10084109192;B
20240410;101939;49.42;180;10084109193;B
20240410;101939;49.42;110;10084109195;B
20240410;101939;49.42;50;10084109196;B
20240410;101939;49.42;30;10084109197;B
20240410;101939;49.42;20;10084109198;B
20240410;101939;49.42;20;10084109200;B
20240410;101939;49.42;50;10084109201;B
20240410;101939;49.42;90;10084109202;B
20240410;101939;49.42;40;10084109203;B
20240410;101939;49.42;30;10084109205;B
20240410;101939;49.42;30;10084109206;B
20240410;101939;49.42;270;10084109221;B
20240410;101939;49.42;40;10084109222;B
20240410;101939;49.42;30;10084109223;B
20240410;101939;49.42;20;10084109224;B
20240410;101939;49.42;50;10084109225;B
20240410;101939;49.42;30;10084109226;B
20240410;101939;49.42;90;10084109227;B
20240410;101939;49.42;70;10084109228;B
20240410;101939;49.42;30;10084109229;B
20240410;101939;49.42;60;10084109230;B
20240410;101939;49.42;50;10084109236;B
20240410;101939;49.42;100;10084109240;B
20240410;101939;49.42;30;10084109241;B
20240410;101939;49.42;40;10084109243;B
20240410;101939;49.42;30;10084109265;B
20240410;101940;49.42;30;10084109332;B
20240410;101940;49.42;230;10084109333;B
20240410;101940;49.42;30;10084109334;B
20240410;101940;49.42;100;10084109335;B
20240410;101940;49.42;40;10084109337;B
20240410;101940;49.42;30;10084109338;B
20240410;101940;49.42;30;10084109340;B
20240410;101940;49.42;110;10084109341;B
20240410;101940;49.42;30;10084109342;B
20240410;101940;49.42;30;10084109343;B
20240410;101940;49.42;30;10084109345;B
20240410;101940;49.42;300;10084109346;B
20240410;101940;49.42;20;10084109359;B
20240410;101940;49.42;40;10084109360;B
20240410;101940;49.42;30;10084109363;B
20240410;101940;49.42;60;10084109364;B
20240410;101940;49.42;30;10084109374;B
20240410;101940;49.42;60;10084109377;B
20240410;101940;49.42;30;10084109392;B
20240410;101940;49.42;30;10084109405;B
20240410;101940;49.42;40;10084109407;B
20240410;101940;49.42;100;10084109411;B
20240410;101940;49.42;30;10084109412;B
20240410;101940;49.42;210;10084109415;B
20240410;101940;49.42;30;10084109428;B
20240410;101940;49.42;40;10084109433;B
20240410;101940;49.42;30;10084109434;B
20240410;101940;49.42;110;10084109438;B
20240410;101940;49.42;60;10084109499;B
20240410;101940;49.42;30;10084109503;B
20240410;101940;49.42;30;10084109506;B
20240410;101940;49.42;30;10084109507;B
20240410;101940;49.42;30;10084109512;B
20240410;101940;49.42;110;10084109513;B
20240410;101941;49.42;30;10084109552;B
20240410;101941;49.42;110;10084109582;B
20240410;101941;49.42;120;10084109612;B
20240410;101941;49.42;60;10084109673;B
20240410;101941;49.42;100;10084109708;B
20240410;101942;49.42;300;10084109796;B
20240410;101946;49.41;390;10084110480;S
20240410;101946;49.41;10;10084110481;S
20240410;101949;49.42;10;10084111053;B
20240410;101950;49.41;20;10084111336;S
20240410;101950;49.41;480;10084111337;S
20240410;101953;49.41;500;10084111827;S
20240410;101954;49.42;10;10084111883;B
20240410;101955;49.42;10;10084112162;B
20240410;101957;49.42;200;10084112533;B
20240410;101959;49.42;10;10084113175;B
20240410;102003;49.41;70;10084113933;S
20240410;102003;49.41;360;10084113934;S
20240410;102003;49.41;140;10084113936;S
20240410;102003;49.41;60;10084113937;S
20240410;102007;49.41;50;10084114811;S
20240410;102008;49.4;220;10084115203;S
20240410;102016;49.39;100;10084116995;S
20240410;102016;49.39;100;10084117060;S
20240410;102016;49.39;1700;10084117125;S
20240410;102016;49.39;10;10084117126;S
20240410;102016;49.39;4360;10084117127;S
20240410;102021;49.39;20;10084118983;S
20240410;102022;49.4;10000;10084120373;B
20240410;102022;49.4;50;10084120393;B
20240410;102022;49.4;50;10084120394;B
20240410;102022;49.4;50;10084120395;B
20240410;102023;49.4;40;10084120434;B
20240410;102026;49.4;10;10084121780;B
20240410;102026;49.4;20;10084121783;B
20240410;102026;49.4;330;10084121784;B
20240410;102026;49.4;130;10084121785;B
20240410;102026;49.4;10;10084121786;B
20240410;102026;49.4;10;10084121787;B
20240410;102026;49.4;10;10084121789;B
20240410;102026;49.4;100;10084121790;B
20240410;102026;49.4;20;10084121792;B
20240410;102026;49.4;300;10084121793;B
20240410;102026;49.4;320;10084121794;B
20240410;102026;49.4;20;10084121795;B
20240410;102026;49.4;30;10084121798;B
20240410;102026;49.4;10;10084121799;B
20240410;102026;49.4;10;10084121800;B
20240410;102026;49.4;50;10084121801;B
20240410;102026;49.4;120;10084121802;B
20240410;102026;49.4;10;10084121803;B
20240410;102026;49.4;10;10084121804;B
20240410;102026;49.4;10;10084121805;B
20240410;102026;49.4;90;10084121806;B
20240410;102026;49.4;10;10084121807;B
20240410;102026;49.4;10;10084121808;B
20240410;102026;49.4;30;10084121809;B
20240410;102026;49.4;60;10084121810;B
20240410;102026;49.4;60;10084121811;B
20240410;102026;49.4;90;10084121812;B
