<DATE>;<TIME>;<LAST>;<VOL>;<ID>;<OPER>
20240408;095950;49.62;10;10058902912;S
20240408;095950;49.62;1440;10058902913;S
20240408;095950;49.62;10;10058902914;S
20240408;095950;49.62;930;10058902915;S
20240408;095950;49.62;60;10058902916;S
20240408;095950;49.62;10;10058902917;S
20240408;095950;49.62;10;10058902918;S
20240408;095950;49.62;100;10058902919;S
20240408;095950;49.62;10;10058902920;S
20240408;095950;49.62;40;10058902921;S
20240408;095950;49.62;70;10058902922;S
20240408;095950;49.62;30;10058902923;S
20240408;095950;49.62;30;10058902924;S
20240408;095950;49.62;10;10058902925;S
20240408;095950;49.62;20;10058902926;S
20240408;095950;49.62;90;10058902927;S
20240408;095950;49.62;10;10058902928;S
20240408;095950;49.62;50;10058902929;S
20240408;095950;49.62;10;10058902930;S
20240408;095950;49.62;10;10058902931;S
20240408;095950;49.62;30;10058902932;S
20240408;095950;49.62;40;10058902933;S
20240408;095950;49.62;10;10058902934;S
20240408;095950;49.62;20;10058902935;S
20240408;095950;49.62;10;10058902936;B
20240408;095950;49.62;20;10058902937;S
20240408;095950;49.62;310;10058902938;B
20240408;095950;49.62;1810;10058902939;B
20240408;095950;49.62;10;10058902940;B
20240408;095950;49.62;10;10058902941;B
20240408;095950;49.62;20;10058902942;B
20240408;095950;49.62;30;10058902943;S
20240408;095950;49.62;100;10058902944;B
20240408;095950;49.62;100;10058902945;B
20240408;095950;49.62;20;10058902946;B
20240408;095950;49.62;10;10058902947;B
20240408;095950;49.62;380;10058902948;B
20240408;095950;49.62;150;10058902949;B
20240408;095950;49.62;480;10058902950;B
20240408;095950;49.62;570;10058902951;B
20240408;095950;49.62;10;10058902952;B
20240408;095950;49.62;10;10058902953;B
20240408;095950;49.62;10;10058902954;B
20240408;095950;49.62;10;10058902955;B
20240408;095950;49.62;10;10058902956;B
20240408;095950;49.62;30;10058902957;B
20240408;095950;49.62;50;10058902958;B
20240408;095950;49.62;20;10058902959;B
20240408;095950;49.62;10;10058902960;B
20240408;095950;49.62;10;10058902961;B
20240408;095950;49.62;10;10058902962;B
20240408;095950;49.62;10;10058902963;B
20240408;095950;49.62;10;10058902964;B
20240408;095950;49.62;30;10058902965;B
20240408;095950;49.62;10;10058902966;B
20240408;095950;49.62;10;10058902967;B
20240408;095950;49.62;10;10058902968;B
20240408;095950;49.62;10;10058902969;B
20240408;095950;49.62;10;10058902970;B
20240408;095950;49.62;10;10058902971;B
20240408;095950;49.62;10;10058902972;B
20240408;095950;49.62;10;10058902973;B
20240408;095950;49.62;10;10058902974;B
20240408;095950;49.62;10;10058902975;B
20240408;095950;49.62;10;10058902976;B
20240408;095950;49.62;10;10058902977;B
20240408;095950;49.62;10;10058902978;B
20240408;095950;49.62;30;10058902979;B
20240408;095950;49.62;10;10058902980;B
20240408;095950;49.62;60;10058902981;B
20240408;095950;49.62;10;10058902982;B
20240408;095950;49.62;60;10058902983;B
20240408;095950;49.62;30;10058902984;B
20240408;095950;49.62;3390;10058902985;B
20240408;095950;49.62;10;10058902986;B
20240408;095950;49.62;1080;10058902987;B
20240408;095950;49.62;200;10058902988;B
20240408;095950;49.62;10;10058902989;B
20240408;095950;49.62;310;10058902990;B
20240408;095950;49.62;10;10058902991;B
20240408;095950;49.62;10;10058902992;B
20240408;095950;49.62;20;10058902993;B
20240408;095950;49.62;10;10058902994;B
20240408;095950;49.62;50;10058902995;B
20240408;095950;49.62;20;10058902996;B
20240408;095950;49.62;10;10058902997;B
20240408;095950;49.62;30;10058902998;B
20240408;095950;49.62;50;10058902999;B
20240408;095950;49.62;10;10058903000;B
20240408;095950;49.62;10;10058903001;B
20240408;095950;49.62;10;10058903002;B
20240408;095950;49.62;10;10058903003;B
20240408;095950;49.62;30;10058903004;B
20240408;095950;49.62;10;10058903005;B
20240408;095950;49.62;10;10058903006;B
20240408;095950;49.62;10;10058903007;B
20240408;095950;49.62;10;10058903008;B
20240408;095950;49.62;30;10058903009;B
20240408;095950;49.62;30;10058903010;B
20240408;095950;49.62;30;10058903011;B
20240408;095950;49.62;30;10058903012;B
20240408;095950;49.62;30;10058903013;B
20240408;095950;49.62;30;10058903014;B
20240408;095950;49.62;10;10058903015;B
20240408;095950;49.62;30;10058903016;B
20240408;095950;49.62;10;10058903017;B
20240408;095950;49.62;30;10058903018;B
20240408;095950;49.62;10;10058903019;B
20240408;095950;49.62;10;10058903020;B
20240408;095950;49.62;10;10058903021;B
20240408;095950;49.62;2000;10058903022;B
20240408;095950;49.62;30;10058903023;B
20240408;095950;49.62;750;10058903024;B
20240408;095950;49.62;20;10058903025;B
20240408;095950;49.62;10;10058903026;B
20240408;095950;49.62;20;10058903027;B
20240408;095950;49.62;400;10058903028;B
20240408;095950;49.62;10;10058903029;B
20240408;095950;49.62;10;10058903030;B
20240408;095950;49.62;2140;10058903031;B
20240408;095950;49.62;30;10058903032;B
20240408;095950;49.62;10;10058903033;B
20240408;095950;49.62;10;10058903034;B
20240408;095950;49.62;10;10058903035;B
20240408;095950;49.62;10;10058903036;S
20240408;095950;49.62;190;10058903037;B
20240408;095950;49.62;10;10058903038;B
20240408;095950;49.62;10;10058903039;B
20240408;095950;49.62;10;10058903040;B
20240408;095950;49.62;10;10058903041;B
20240408;095950;49.62;60;10058903042;B
20240408;095950;49.62;30;10058903043;B
20240408;095950;49.62;10;10058903044;B
20240408;095950;49.62;500;10058903045;S
20240408;095950;49.62;10;10058903046;B
20240408;095950;49.62;10;10058903047;B
20240408;095950;49.62;10;10058903048;B
20240408;095950;49.62;10;10058903049;B
20240408;095950;49.62;10;10058903050;B
20240408;095950;49.62;10;10058903051;B
20240408;095950;49.62;10;10058903052;B
20240408;095950;49.62;10;10058903053;B
20240408;095950;49.62;10;10058903054;B
20240408;095950;49.62;10;10058903055;B
20240408;095950;49.62;10;10058903056;B
20240408;095950;49.62;10;10058903057;B
20240408;095950;49.62;10;10058903058;B
20240408;095950;49.62;10;10058903059;B
20240408;095950;49.62;10;10058903060;B
20240408;095950;49.62;10;10058903061;B
20240408;095950;49.62;10;10058903062;B
20240408;095950;49.62;10;10058903063;B
20240408;095950;49.62;10;10058903064;B
20240408;095950;49.62;10;10058903065;B
20240408;095950;49.62;10;10058903066;B
20240408;095950;49.62;10;10058903067;B
20240408;095950;49.62;10;10058903068;B
20240408;095950;49.62;10;10058903069;B
20240408;095950;49.62;10;10058903070;B
20240408;095950;49.62;10;10058903071;B
20240408;095950;49.62;10;10058903072;B
20240408;095950;49.62;20;10058903073;S
20240408;095950;49.62;10;10058903074;B
20240408;095950;49.62;10;10058903075;B
20240408;095950;49.62;10;10058903076;B
20240408;095950;49.62;10;10058903077;B
20240408;095950;49.62;10;10058903078;B
20240408;095950;49.62;10;10058903079;B
20240408;095950;49.62;10;10058903080;B
20240408;095950;49.62;10;10058903081;B
20240408;095950;49.62;10;10058903082;B
20240408;095950;49.62;50;10058903083;B
20240408;095950;49.62;10;10058903084;B
20240408;095950;49.62;10;10058903085;B
20240408;095950;49.62;10;10058903086;B
20240408;095950;49.62;10;10058903087;B
20240408;095950;49.62;10;10058903088;B
20240408;095950;49.62;10;10058903089;B
20240408;095950;49.62;10;10058903090;B
20240408;095950;49.62;10;10058903091;B
20240408;095950;49.62;10;10058903092;B
20240408;095950;49.62;30;10058903093;B
20240408;095950;49.62;10;10058903094;B
20240408;095950;49.62;1810;10058903095;B
20240408;095950;49.62;1000;10058903096;B
20240408;095950;49.62;1000;10058903097;B
20240408;095950;49.62;5000;10058903098;B
20240408;095950;49.62;1410;10058903099;B
20240408;095950;49.62;10;10058903100;B
20240408;095950;49.62;10;10058903101;B
20240408;095950;49.62;10;10058903102;B
20240408;095950;49.62;10;10058903103;B
20240408;095950;49.62;10;10058903104;B
20240408;095950;49.62;10;10058903105;B
20240408;095950;49.62;10;10058903106;B
20240408;095950;49.62;10;10058903107;B
20240408;095950;49.62;10;10058903108;B
20240408;095950;49.62;10;10058903109;B
20240408;095950;49.62;10;10058903110;B
20240408;095950;49.62;50;10058903111;B
20240408;095950;49.62;10;10058903112;B
20240408;095950;49.62;10;10058903113;B
20240408;095950;49.62;10;10058903114;B
20240408;095950;49.62;10;10058903115;B
20240408;095950;49.62;10;10058903116;B
20240408;095950;49.62;50;10058903117;B
20240408;095950;49.62;10;10058903118;B
20240408;095950;49.62;10;10058903119;B
20240408;095950;49.62;40;10058903120;B
20240408;095950;49.62;2270;10058903121;B
20240408;095950;49.62;230;10058903122;S
20240408;095950;49.62;770;10058903123;B
20240408;095950;49.62;10;10058903124;B
20240408;095950;49.62;20;10058903125;B
20240408;095950;49.62;200;10058903126;B
20240408;095950;49.62;10;10058903127;B
20240408;095950;49.62;10;10058903128;B
20240408;095950;49.62;20;10058903129;B
20240408;095950;49.62;10;10058903130;B
20240408;095950;49.62;140;10058903131;B
20240408;095950;49.62;10;10058903132;B
20240408;095950;49.62;20;10058903133;B
20240408;095950;49.62;80;10058903134;B
20240408;095950;49.62;500;10058903135;B
20240408;100000;49.63;10;10058907789;B
20240408;100000;49.63;10;10058907790;B
20240408;100000;49.64;10;10058907970;B
20240408;100000;49.64;10;10058907971;B
20240408;100000;49.64;10;10058907972;B
20240408;100000;49.64;10;10058907973;B
20240408;100000;49.64;10;10058907974;B
20240408;100000;49.65;10;10058907975;B
20240408;100000;49.65;10;10058907976;B
20240408;100000;49.65;10;10058907977;B
20240408;100000;49.65;10;10058907978;B
20240408;100000;49.65;10;10058907979;B
20240408;100000;49.65;10;10058907980;B
20240408;100000;49.65;10;10058907981;B
20240408;100000;49.65;10;10058907982;B
20240408;100000;49.65;10;10058907983;B
20240408;100000;49.65;10;10058907984;B
20240408;100000;49.65;10;10058907985;B
20240408;100000;49.65;200;10058907986;B
20240408;100000;49.66;20;10058907987;B
20240408;100001;49.66;20;10058908354;B
20240408;100001;49.66;50;10058908619;B
20240408;100001;49.66;10;10058908620;B
20240408;100001;49.66;10;10058908621;B
20240408;100001;49.66;10;10058908622;B
20240408;100001;49.66;10;10058908623;B
20240408;100001;49.66;10;10058908624;B
20240408;100001;49.66;10;10058908625;B
20240408;100001;49.66;10;10058908626;B
20240408;100001;49.67;10;10058908627;B
20240408;100001;49.67;20;10058908628;B
20240408;100001;49.67;260;10058908629;B
20240408;100001;49.68;10;10058908630;B
20240408;100001;49.68;10;10058908631;B
20240408;100001;49.68;1420;10058908632;B
20240408;100001;49.69;10;10058908633;B
20240408;100001;49.69;20;10058908634;B
20240408;100001;49.69;50;10058908635;B
20240408;100001;49.69;120;10058908636;B
20240408;100001;49.69;500;10058908637;B
20240408;100001;49.69;2640;10058908638;B
20240408;100001;49.7;10;10058908639;B
20240408;100001;49.7;200;10058908640;B
20240408;100001;49.7;10;10058908641;B
20240408;100001;49.7;1000;10058908642;B
20240408;100001;49.7;50;10058908643;B
20240408;100001;49.7;1230;10058908644;B
20240408;100001;49.7;2580;10058908645;B
20240408;100001;49.69;1280;10058908695;B
20240408;100001;49.7;1000;10058908911;B
20240408;100001;49.69;600;10058909098;S
20240408;100001;49.68;200;10058909099;S
20240408;100001;49.68;1100;10058909100;S
20240408;100001;49.68;400;10058909101;S
20240408;100001;49.68;290;10058909102;S
20240408;100001;49.65;1410;10058909103;S
20240408;100001;49.62;10;10058909141;S
20240408;100001;49.63;500;10058909230;B
20240408;100002;49.67;10;10058909242;B
20240408;100002;49.69;1420;10058909618;B
20240408;100002;49.69;2080;10058909619;B
20240408;100002;49.69;880;10058909699;B
20240408;100002;49.7;40;10058909960;B
20240408;100002;49.64;100;10058909996;S
20240408;100002;49.71;10;10058910315;B
20240408;100002;49.71;10;10058910316;B
20240408;100002;49.71;80;10058910317;B
20240408;100002;49.66;460;10058910496;S
20240408;100002;49.66;40;10058910497;S
20240408;100002;49.7;500;10058910582;B
20240408;100002;49.7;460;10058910583;B
20240408;100002;49.7;2640;10058910584;B
20240408;100002;49.71;6400;10058910585;B
20240408;100003;49.72;20;10058910970;B
20240408;100003;49.72;80;10058910971;B
20240408;100003;49.67;100;10058911093;S
20240408;100003;49.72;150;10058911191;B
20240408;100003;49.72;1190;10058911215;B
20240408;100003;49.72;2640;10058911216;B
20240408;100003;49.73;3000;10058911217;B
20240408;100003;49.74;10;10058911218;B
20240408;100003;49.74;50;10058911219;B
20240408;100003;49.74;100;10058911220;B
20240408;100003;49.74;1000;10058911221;B
20240408;100003;49.74;1050;10058911222;B
20240408;100003;49.74;860;10058911223;B
20240408;100003;49.67;20;10058911398;S
20240408;100003;49.67;10;10058911476;S
20240408;100003;49.67;10;10058911687;S
20240408;100003;49.67;130;10058911701;S
20240408;100004;49.67;10;10058912114;S
20240408;100004;49.73;500;10058912169;B
20240408;100004;49.74;2000;10058912170;B
20240408;100004;49.74;180;10058912185;B
20240408;100004;49.74;20;10058912186;B
20240408;100004;49.67;10;10058912448;S
20240408;100005;49.69;100;10058912808;B
20240408;100005;49.7;10;10058912809;B
20240408;100005;49.72;400;10058912810;B
20240408;100005;49.67;30;10058913173;S
20240408;100005;49.72;10;10058913176;B
20240408;100005;49.67;10;10058913182;S
20240408;100005;49.73;10;10058913187;B
20240408;100005;49.67;6910;10058913300;S
20240408;100005;49.67;60;10058913301;S
20240408;100005;49.66;460;10058913302;S
20240408;100005;49.63;20;10058913303;S
20240408;100005;49.61;700;10058913304;S
20240408;100005;49.61;1850;10058913305;S
20240408;100005;49.63;40;10058913795;S
20240408;100005;49.69;10;10058913808;B
20240408;100005;49.69;10;10058913825;B
20240408;100005;49.63;10;10058913832;S
20240408;100005;49.63;10;10058913838;S
20240408;100005;49.63;50;10058913848;S
20240408;100005;49.69;10;10058913860;B
20240408;100005;49.69;10;10058913868;B
20240408;100005;49.63;20;10058913880;S
20240408;100005;49.71;50;10058913888;B
20240408;100005;49.65;40;10058913891;S
20240408;100005;49.63;10;10058913903;S
20240408;100005;49.71;10;10058913908;B
20240408;100005;49.71;10;10058913918;B
20240408;100005;49.62;10;10058913928;S
20240408;100005;49.72;10;10058913937;B
20240408;100006;49.71;10;10058914578;B
20240408;100006;49.66;10;10058914580;S
20240408;100006;49.71;10;10058914604;B
20240408;100006;49.71;20;10058914609;B
20240408;100006;49.71;10;10058914615;B
20240408;100006;49.66;20;10058914629;S
20240408;100006;49.71;10;10058914637;B
20240408;100006;49.71;20;10058914654;B
20240408;100006;49.71;100;10058914663;B
20240408;100006;49.66;10;10058915032;S
20240408;100006;49.71;10;10058915041;B
20240408;100006;49.71;10;10058915043;B
20240408;100006;49.71;10;10058915047;B
20240408;100006;49.71;10;10058915052;B
20240408;100006;49.71;10;10058915064;B
20240408;100006;49.66;10;10058915065;S
20240408;100006;49.66;30;10058915073;S
20240408;100006;49.66;10;10058915077;S
20240408;100006;49.71;10;10058915089;B
20240408;100006;49.66;10;10058915091;S
20240408;100006;49.71;10;10058915098;B
20240408;100006;49.71;20;10058915100;B
20240408;100006;49.66;10;10058915101;S
20240408;100006;49.71;20;10058915103;B
20240408;100006;49.71;10;10058915106;B
20240408;100006;49.66;10;10058915112;S
20240408;100006;49.71;10;10058915124;B
20240408;100006;49.71;10;10058915135;B
20240408;100006;49.66;50;10058915136;S
20240408;100006;49.71;10;10058915138;B
20240408;100006;49.69;10;10058915146;B
20240408;100006;49.69;10;10058915147;B
20240408;100006;49.66;10;10058915149;S
20240408;100006;49.66;10;10058915150;S
20240408;100006;49.69;10;10058915163;B
20240408;100006;49.63;20;10058915165;S
20240408;100006;49.69;20;10058915170;B
20240408;100006;49.69;10;10058915186;B
20240408;100006;49.64;2190;10058915187;S
20240408;100006;49.69;20;10058915191;B
20240408;100006;49.64;10;10058915196;S
20240408;100006;49.64;10;10058915197;S
20240408;100006;49.69;10;10058916083;B
20240408;100006;49.64;10;10058916090;S
20240408;100006;49.69;10;10058916104;B
20240408;100006;49.69;40;10058916105;B
20240408;100006;49.69;10;10058916117;B
20240408;100006;49.69;200;10058916142;B
20240408;100006;49.64;10;10058916154;S
20240408;100006;49.64;100;10058916167;S
20240408;100006;49.64;10;10058916420;S
20240408;100007;49.66;10;10058917467;B
20240408;100007;49.69;10;10058917477;B
20240408;100007;49.69;20;10058917482;B
20240408;100007;49.64;70;10058917490;S
20240408;100007;49.69;10;10058917495;B
20240408;100007;49.64;10;10058917502;S
20240408;100007;49.69;20;10058917528;B
20240408;100007;49.64;30;10058917535;S
20240408;100007;49.64;140;10058917541;S
20240408;100007;49.64;160;10058917548;S
20240408;100007;49.69;10;10058917555;B
20240408;100007;49.64;30;10058917560;S
20240408;100007;49.64;510;10058917564;S
20240408;100007;49.69;40;10058917794;B
20240408;100007;49.64;10;10058917797;S
20240408;100007;49.72;20;10058917805;B
20240408;100007;49.72;120;10058917811;B
20240408;100007;49.72;10;10058917812;B
20240408;100007;49.72;10;10058917816;B
20240408;100007;49.71;10;10058917817;B
20240408;100007;49.71;10;10058917819;B
20240408;100007;49.71;10;10058917825;B
20240408;100007;49.71;10;10058917829;B
20240408;100007;49.71;50;10058917833;B
20240408;100007;49.71;10;10058917836;B
20240408;100007;49.71;10;10058917840;B
20240408;100007;49.64;30;10058917842;S
20240408;100007;49.64;10;10058917848;S
20240408;100007;49.71;10;10058917851;B
20240408;100007;49.72;10;10058917852;B
20240408;100007;49.64;50;10058917857;S
20240408;100007;49.64;10;10058917860;S
20240408;100007;49.72;10;10058918522;B
20240408;100007;49.64;10;10058918523;S
20240408;100007;49.72;10;10058918524;B
20240408;100007;49.72;10;10058918525;B
20240408;100007;49.72;20;10058918528;B
20240408;100007;49.72;30;10058918531;B
20240408;100007;49.64;20;10058918532;S
20240408;100008;49.64;40;10058918962;S
20240408;100008;49.64;40;10058918968;S
20240408;100008;49.71;10;10058918974;B
20240408;100008;49.64;10;10058918981;S
20240408;100008;49.64;20;10058918988;S
20240408;100008;49.71;10;10058918995;B
20240408;100008;49.71;10;10058919002;B
20240408;100008;49.64;20;10058919010;S
20240408;100008;49.64;10;10058919017;S
20240408;100008;49.71;10;10058919029;B
20240408;100008;49.71;20;10058919030;B
20240408;100008;49.71;10;10058919048;B
20240408;100008;49.64;30;10058919076;S
20240408;100008;49.64;20;10058919461;S
20240408;100008;49.64;10;10058919462;S
20240408;100008;49.68;10;10058919465;B
20240408;100008;49.68;10;10058919466;B
20240408;100008;49.64;10;10058919467;S
20240408;100008;49.64;10;10058919468;S
20240408;100008;49.64;50;10058919471;S
20240408;100008;49.68;20;10058919472;B
20240408;100008;49.64;10;10058919473;S
20240408;100008;49.64;10;10058919474;S
20240408;100008;49.68;500;10058919478;B
20240408;100008;49.68;10;10058919982;B
20240408;100008;49.68;10;10058919992;B
20240408;100008;49.68;10;10058920028;B
20240408;100008;49.68;10;10058920033;B
20240408;100008;49.68;10;10058920038;B
20240408;100008;49.68;20;10058920043;B
20240408;100008;49.64;10;10058920047;S
20240408;100008;49.68;10;10058920061;B
20240408;100008;49.68;10;10058920065;B
20240408;100008;49.68;10;10058920077;B
20240408;100008;49.68;10;10058920080;B
20240408;100008;49.68;100;10058920093;B
20240408;100008;49.69;190;10058920096;B
20240408;100008;49.68;40;10058920103;B
20240408;100008;49.64;60;10058920105;S
20240408;100008;49.64;10;10058920107;S
20240408;100008;49.68;10;10058920109;B
20240408;100008;49.64;10;10058920111;S
20240408;100008;49.64;10;10058920114;S
20240408;100008;49.68;10;10058920115;B
20240408;100008;49.68;10;10058920118;B
20240408;100008;49.68;10;10058920702;B
20240408;100008;49.68;10;10058920705;B
20240408;100008;49.68;20;10058920716;B
20240408;100008;49.68;20;10058920726;B
20240408;100008;49.68;10;10058920730;B
20240408;100008;49.68;10;10058920736;B
20240408;100008;49.68;30;10058920742;B
20240408;100008;49.68;10;10058920745;B
20240408;100008;49.64;30;10058920751;S
20240408;100008;49.64;10;10058920755;S
20240408;100008;49.64;20;10058920761;S
20240408;100008;49.68;10;10058920763;B
20240408;100008;49.68;10;10058920768;B
20240408;100008;49.64;10;10058920775;S
20240408;100008;49.64;3350;10058920777;S
20240408;100008;49.64;5650;10058920778;S
20240408;100008;49.68;10;10058920784;B
20240408;100008;49.65;30;10058920787;S
20240408;100008;49.68;10;10058920797;B
20240408;100008;49.68;1000;10058920802;B
20240408;100008;49.68;10;10058920806;B
20240408;100008;49.68;10;10058920815;B
20240408;100008;49.69;10;10058920819;B
20240408;100008;49.69;10;10058920832;B
20240408;100009;49.65;10;10058921135;S
20240408;100009;49.65;10;10058921136;S
20240408;100009;49.68;20;10058921146;B
20240408;100009;49.68;20;10058921150;B
20240408;100009;49.68;10;10058921157;B
20240408;100009;49.68;30;10058921160;B
20240408;100009;49.65;10;10058921163;S
20240408;100009;49.65;10;10058921169;S
20240408;100009;49.68;10;10058921172;B
20240408;100009;49.68;20;10058921176;B
20240408;100009;49.65;10;10058921183;S
20240408;100009;49.68;10;10058921187;B
20240408;100009;49.68;20;10058921189;B
20240408;100009;49.68;20;10058921190;B
20240408;100009;49.68;10;10058921192;B
20240408;100009;49.65;10;10058921195;S
20240408;100009;49.68;30;10058921196;B
20240408;100009;49.68;10;10058921199;B
20240408;100009;49.68;10;10058921203;B
20240408;100009;49.68;40;10058921208;B
20240408;100009;49.65;10;10058921211;S
20240408;100009;49.65;10;10058921216;S
20240408;100009;49.68;10;10058921217;B
20240408;100009;49.65;10;10058921224;S
20240408;100009;49.65;20;10058921226;S
20240408;100009;49.65;10;10058921228;S
20240408;100009;49.68;10;10058921229;B
20240408;100009;49.65;30;10058921234;S
20240408;100009;49.68;10;10058921239;B
20240408;100009;49.68;10;10058921248;B
20240408;100009;49.68;40;10058921250;B
20240408;100009;49.68;10;10058921254;B
20240408;100009;49.68;500;10058921260;B
20240408;100009;49.68;100;10058921267;B
20240408;100009;49.68;10;10058921276;B
20240408;100009;49.68;20;10058921281;B
20240408;100009;49.65;10;10058921285;S
20240408;100009;49.68;100;10058921520;B
20240408;100009;49.68;250;10058922197;B
20240408;100009;49.65;50;10058922200;S
20240408;100009;49.65;140;10058922215;S
20240408;100009;49.65;10;10058922392;S
20240408;100009;49.65;10;10058922394;S
20240408;100009;49.65;10;10058922395;S
20240408;100009;49.65;20;10058922488;S
20240408;100009;49.65;10;10058922649;S
20240408;100009;49.65;10;10058922651;S
20240408;100009;49.68;20;10058922652;B
20240408;100009;49.65;10;10058922654;S
20240408;100009;49.68;10;10058922656;B
20240408;100009;49.68;200;10058922660;B
20240408;100009;49.65;20;10058922668;S
20240408;100009;49.68;10;10058922674;B
20240408;100009;49.65;10;10058922689;S
20240408;100009;49.68;20;10058922692;B
20240408;100009;49.65;30;10058922701;S
20240408;100009;49.68;60;10058922704;B
20240408;100009;49.65;10;10058922715;S
20240408;100010;49.68;100;10058923271;B
20240408;100010;49.67;20;10058923307;B
20240408;100010;49.68;50;10058923308;B
20240408;100010;49.65;60;10058923386;S
20240408;100010;49.65;350;10058923641;S
20240408;100010;49.65;10;10058924321;S
20240408;100010;49.65;10;10058924326;S
20240408;100010;49.65;10;10058924612;S
20240408;100010;49.65;10;10058924794;S
20240408;100010;49.68;1000;10058924811;B
20240408;100010;49.68;10;10058924821;B
20240408;100010;49.68;20;10058924822;B
20240408;100010;49.68;10;10058924839;B
20240408;100010;49.68;10;10058924851;B
20240408;100010;49.68;10;10058924867;B
20240408;100011;49.65;30;10058924888;S
20240408;100011;49.68;10;10058924892;B
20240408;100011;49.68;10;10058924893;B
20240408;100011;49.68;10;10058924894;B
20240408;100011;49.68;80;10058924899;B
20240408;100011;49.65;20;10058924900;S
20240408;100011;49.68;10;10058924901;B
20240408;100011;49.68;20;10058924902;B
20240408;100011;49.65;50;10058924903;S
20240408;100011;49.68;10;10058924905;B
20240408;100011;49.65;10;10058924910;S
20240408;100011;49.68;10;10058924918;B
20240408;100011;49.68;20;10058924930;B
20240408;100011;49.68;10;10058924953;B
20240408;100011;49.68;10;10058924971;B
20240408;100011;49.68;10;10058924984;B
20240408;100011;49.68;10;10058924993;B
20240408;100011;49.68;10;10058925010;B
20240408;100011;49.68;10;10058925020;B
20240408;100011;49.68;160;10058925028;B
20240408;100011;49.68;10;10058925038;B
20240408;100011;49.68;480;10058925153;B
20240408;100011;49.68;210;10058925199;B
20240408;100011;49.68;10;10058925403;B
20240408;100011;49.68;20;10058925448;B
20240408;100011;49.65;20;10058925704;S
20240408;100011;49.65;90;10058925829;S
20240408;100011;49.68;10;10058926034;B
20240408;100011;49.68;10;10058926037;B
20240408;100011;49.68;10;10058926041;B
20240408;100011;49.68;10;10058926046;B
20240408;100011;49.68;160;10058926055;B
20240408;100011;49.68;10;10058926060;B
20240408;100011;49.68;10;10058926068;B
20240408;100011;49.65;10;10058926073;S
20240408;100011;49.68;10;10058926077;B
20240408;100011;49.68;950;10058926088;B
20240408;100011;49.69;2790;10058926089;B
20240408;100011;49.7;2640;10058926090;B
20240408;100011;49.71;140;10058926091;B
20240408;100011;49.71;60;10058926092;B
20240408;100011;49.7;10;10058926107;B
20240408;100011;49.7;10;10058926110;B
20240408;100011;49.66;20;10058926114;S
20240408;100011;49.7;10;10058926122;B
20240408;100011;49.66;10;10058926127;S
20240408;100011;49.66;10;10058926131;S
20240408;100011;49.69;20;10058926237;B
20240408;100011;49.7;300;10058926238;B
20240408;100011;49.69;20;10058926298;B
20240408;100011;49.7;380;10058926299;B
20240408;100011;49.7;710;10058926472;B
20240408;100011;49.7;2290;10058926473;B
20240408;100012;49.71;210;10058926755;B
20240408;100012;49.66;50;10058926850;S
20240408;100012;49.7;10;10058927431;B
20240408;100012;49.7;40;10058927717;B
20240408;100012;49.7;310;10058927718;B
20240408;100012;49.7;60;10058927975;B
20240408;100012;49.7;10;10058928229;B
20240408;100012;49.67;70;10058928233;S
20240408;100012;49.67;70;10058928236;S
20240408;100012;49.7;20;10058928239;B
20240408;100012;49.7;20;10058928249;B
20240408;100012;49.67;10;10058928255;S
20240408;100012;49.7;10;10058928264;B
20240408;100012;49.67;30;10058928286;S
20240408;100012;49.7;10;10058928290;B
20240408;100012;49.7;30;10058928293;B
20240408;100012;49.67;50;10058928295;S
20240408;100012;49.67;110;10058928299;S
20240408;100012;49.67;200;10058928301;S
20240408;100012;49.7;10;10058928315;B
20240408;100012;49.72;10;10058928595;B
20240408;100012;49.72;10;10058928596;B
20240408;100012;49.72;10;10058928598;B
20240408;100012;49.67;30;10058928600;S
20240408;100012;49.72;10;10058928602;B
20240408;100012;49.72;10;10058928611;B
20240408;100012;49.72;100;10058928614;B
20240408;100012;49.72;10;10058928615;B
20240408;100012;49.72;20;10058928616;B
20240408;100012;49.67;20;10058928621;S
20240408;100014;49.68;2640;10058929253;B
20240408;100014;49.69;7240;10058929254;B
20240408;100014;49.71;10000;10058929255;B
20240408;100014;49.73;90;10058929256;B
20240408;100014;49.73;2000;10058929257;B
20240408;100014;49.73;2500;10058929258;B
20240408;100014;49.74;2000;10058929259;B
20240408;100014;49.75;800;10058929260;B
20240408;100014;49.75;4320;10058929261;B
20240408;100014;49.75;10;10058929262;B
20240408;100014;49.75;10;10058929263;B
20240408;100014;49.75;520;10058929264;B
20240408;100014;49.76;1550;10058929265;B
20240408;100014;49.76;10;10058929266;B
20240408;100014;49.76;2200;10058929267;B
20240408;100014;49.76;10;10058929268;B
20240408;100014;49.77;10;10058929269;B
20240408;100014;49.77;1000;10058929270;B
20240408;100014;49.77;490;10058929271;B
20240408;100014;49.76;60;10058929319;S
20240408;100014;49.76;190;10058929320;S
20240408;100014;49.76;100;10058929327;S
20240408;100014;49.76;10;10058929330;S
20240408;100015;49.76;40;10058929677;S
20240408;100015;49.77;1510;10058929726;B
20240408;100015;49.77;20;10058929727;B
20240408;100015;49.77;20;10058929728;B
20240408;100015;49.77;28450;10058929729;B
20240408;100015;49.76;20;10058929753;S
20240408;100015;49.76;130;10058929839;S
20240408;100015;49.73;2640;10058929893;B
20240408;100015;49.74;7230;10058929894;B
20240408;100015;49.76;1000;10058929895;B
20240408;100015;49.77;52680;10058929896;B
20240408;100015;49.75;1000;10058929899;B
20240408;100015;49.75;500;10058930065;B
20240408;100015;49.75;10;10058930068;B
20240408;100016;49.75;10;10058930079;B
20240408;100016;49.71;10;10058930236;S
20240408;100016;49.75;480;10058930271;B
20240408;100016;49.76;20;10058930272;B
20240408;100016;49.76;2620;10058930324;B
20240408;100016;49.77;18870;10058930325;B
20240408;100016;49.77;1000;10058930326;B
20240408;100016;49.77;2990;10058930327;B
20240408;100016;49.77;200;10058930328;B
20240408;100016;49.77;10;10058930329;B
20240408;100016;49.77;20;10058930330;B
20240408;100016;49.78;50;10058930331;B
20240408;100016;49.78;10;10058930332;B
20240408;100016;49.78;7230;10058930333;B
20240408;100016;49.79;10;10058930334;B
20240408;100016;49.79;50;10058930335;B
20240408;100016;49.79;5000;10058930336;B
20240408;100016;49.8;100;10058930337;B
20240408;100016;49.8;100;10058930338;B
20240408;100016;49.8;10;10058930339;B
20240408;100016;49.8;10;10058930340;B
20240408;100016;49.8;10;10058930341;B
20240408;100016;49.8;100;10058930342;B
20240408;100016;49.8;10;10058930343;B
20240408;100016;49.8;10;10058930344;B
20240408;100016;49.8;20;10058930345;B
20240408;100016;49.8;110;10058930346;B
20240408;100016;49.8;10;10058930347;B
20240408;100016;49.81;50;10058930348;B
20240408;100016;49.81;30;10058930349;B
20240408;100016;49.81;10;10058930350;B
20240408;100016;49.81;90;10058930351;B
20240408;100016;49.81;110;10058930352;B
20240408;100016;49.82;10;10058930353;B
20240408;100016;49.82;1000;10058930354;B
20240408;100016;49.83;50;10058930355;B
20240408;100016;49.83;10;10058930356;B
20240408;100016;49.83;10;10058930357;B
20240408;100016;49.84;20;10058930358;B
20240408;100016;49.84;10;10058930359;B
20240408;100016;49.84;400;10058930360;B
20240408;100016;49.84;710;10058930361;B
20240408;100016;49.84;100;10058930362;B
20240408;100016;49.84;300;10058930363;B
20240408;100016;49.84;5000;10058930364;B
20240408;100016;49.85;2020;10058930365;B
20240408;100016;49.85;10;10058930366;B
20240408;100016;49.85;10;10058930367;B
20240408;100016;49.85;10000;10058930368;B
20240408;100016;49.86;50;10058930369;B
20240408;100016;49.86;100;10058930370;B
20240408;100016;49.86;10;10058930371;B
20240408;100016;49.86;10;10058930372;B
20240408;100016;49.87;100;10058930373;B
20240408;100016;49.87;10;10058930374;B
20240408;100016;49.87;30;10058930375;B
20240408;100016;49.87;30;10058930376;B
20240408;100016;49.87;200;10058930377;B
20240408;100016;49.88;10;10058930378;B
20240408;100016;49.88;50;10058930379;B
20240408;100016;49.88;100;10058930380;B
20240408;100016;49.88;10;10058930381;B
20240408;100016;49.88;10;10058930382;B
20240408;100016;49.88;50;10058930383;B
20240408;100016;49.88;140730;10058930384;B
20240408;100016;49.8;620;10058930406;S
20240408;100016;49.8;10;10058930408;S
20240408;100017;49.84;50;10058930688;B
20240408;100017;49.81;400;10058930718;S
20240408;100017;49.81;20;10058930737;S
20240408;100017;49.81;10;10058930740;S
20240408;100017;49.81;600;10058930761;S
20240408;100017;49.81;120;10058930769;S
20240408;100017;49.83;50;10058930771;B
20240408;100017;49.83;40;10058930772;B
20240408;100017;49.84;40;10058930773;B
20240408;100017;49.83;40;10058930791;S
20240408;100017;49.81;50;10058930792;S
20240408;100017;49.81;50;10058930794;S
20240408;100017;49.84;100;10058930796;B
20240408;100017;49.84;300;10058930802;B
20240408;100017;49.81;70;10058930804;S
20240408;100017;49.81;5900;10058930915;S
20240408;100017;49.8;460;10058930916;S
20240408;100017;49.7;800;10058930917;S
20240408;100017;49.7;7300;10058930918;S
20240408;100017;49.69;5940;10058930919;S
20240408;100017;49.78;10;10058930947;S
20240408;100017;49.84;10;10058931065;B
20240408;100017;49.85;10;10058931066;B
20240408;100017;49.85;230;10058931067;B
20240408;100017;49.85;50;10058931142;B
20240408;100018;49.79;460;10058931186;S
20240408;100018;49.79;7220;10058931187;S
20240408;100018;49.77;1000;10058931188;B
20240408;100018;49.75;100;10058931193;S
20240408;100018;49.71;7230;10058931320;S
20240408;100018;49.7;460;10058931321;S
20240408;100018;49.7;700;10058931322;S
20240408;100018;49.68;1610;10058931323;S
20240408;100018;49.69;7230;10058931358;S
20240408;100018;49.68;460;10058931359;S
20240408;100018;49.68;4370;10058931360;B
20240408;100018;49.68;4620;10058931361;B
20240408;100018;49.68;600;10058931362;B
20240408;100018;49.68;22720;10058931363;B
20240408;100018;49.76;100;10058931383;B
20240408;100018;49.7;10;10058931419;S
20240408;100018;49.76;370;10058931434;B
20240408;100018;49.76;350;10058931435;S
20240408;100018;49.76;280;10058931436;S
20240408;100018;49.76;140;10058931437;S
20240408;100019;49.77;1320;10058931546;B
20240408;100019;49.78;40;10058931547;B
20240408;100019;49.78;700;10058931548;B
20240408;100019;49.8;100;10058931549;B
20240408;100019;49.8;340;10058931550;B
20240408;100019;49.8;130;10058931551;B
20240408;100019;49.8;40;10058931552;B
20240408;100019;49.83;20;10058931767;B
20240408;100019;49.83;610;10058931768;S
20240408;100019;49.83;560;10058931769;S
20240408;100020;49.83;140;10058931771;S
20240408;100020;49.83;3560;10058931772;S
20240408;100020;49.84;800;10058931782;B
20240408;100020;49.84;460;10058931783;B
20240408;100020;49.85;2640;10058931784;B
20240408;100020;49.86;1100;10058931785;B
20240408;100020;49.83;30;10058931787;S
20240408;100020;49.83;10;10058931788;S
20240408;100020;49.83;70;10058931789;S
20240408;100020;49.85;2640;10058931872;B
20240408;100020;49.85;90;10058931874;S
20240408;100020;49.85;90;10058931875;S
20240408;100020;49.85;310;10058931876;S
20240408;100020;49.85;20;10058931900;S
20240408;100020;49.85;10;10058931901;S
20240408;100020;49.85;60;10058931902;S
20240408;100020;49.85;20;10058931937;S
20240408;100020;49.85;10;10058932083;S
20240408;100021;49.87;10;10058932212;B
20240408;100021;49.85;100;10058932448;S
20240408;100022;49.87;170;10058932690;B
20240408;100022;49.87;30;10058932691;B
20240408;100022;49.85;80;10058932767;S
20240408;100022;49.87;190;10058932768;B
20240408;100022;49.88;5810;10058932769;B
20240408;100022;49.88;1200;10058932800;B
20240408;100023;49.88;10;10058932881;B
20240408;100023;49.85;10;10058933017;S
20240408;100024;49.85;10;10058933136;S
20240408;100024;49.88;2000;10058933169;B
20240408;100024;49.88;300;10058933187;B
20240408;100024;49.88;14390;10058933294;B
20240408;100024;49.88;1110;10058933295;B
20240408;100024;49.89;50;10058933342;B
20240408;100024;49.89;10;10058933343;B
20240408;100024;49.89;150;10058933344;B
20240408;100024;49.89;100;10058933345;B
20240408;100024;49.89;50;10058933346;B
20240408;100024;49.89;710;10058933347;B
20240408;100024;49.89;60;10058933348;B
20240408;100024;49.9;1000;10058933349;B
20240408;100024;49.9;40;10058933350;B
20240408;100024;49.9;10;10058933351;B
20240408;100024;49.9;100;10058933352;B
20240408;100024;49.9;880;10058933353;B
20240408;100024;49.9;10;10058933354;B
20240408;100024;49.9;100;10058933355;B
20240408;100024;49.9;10;10058933356;B
20240408;100024;49.9;10;10058933357;B
20240408;100024;49.9;10;10058933358;B
20240408;100024;49.9;500;10058933359;B
20240408;100024;49.9;30;10058933360;B
20240408;100024;49.9;10;10058933361;B
20240408;100024;49.91;10;10058933362;B
20240408;100024;49.91;100;10058933363;B
20240408;100024;49.91;1000;10058933364;B
20240408;100024;49.92;50;10058933365;B
20240408;100024;49.92;100;10058933366;B
20240408;100024;49.92;10;10058933367;B
20240408;100024;49.92;100;10058933368;B
20240408;100024;49.93;500;10058933369;B
20240408;100024;49.93;100;10058933370;B
20240408;100024;49.93;10;10058933371;B
20240408;100024;49.93;2000;10058933372;B
20240408;100024;49.93;1610;10058933373;B
20240408;100024;49.94;10;10058933374;B
20240408;100024;49.94;100;10058933375;B
20240408;100024;49.94;50;10058933376;B
20240408;100024;49.94;410;10058933377;B
20240408;100024;49.94;90;10058933387;B
20240408;100024;49.94;100;10058933388;B
20240408;100024;49.94;1900;10058933389;B
20240408;100024;49.88;20;10058933468;S
20240408;100025;49.87;10000;10058933558;S
20240408;100025;49.85;10000;10058933613;S
20240408;100025;49.85;20;10058933953;S
20240408;100025;49.88;3000;10058934187;B
20240408;100026;49.88;100;10058934423;B
20240408;100026;49.9;80;10058934424;B
20240408;100026;49.9;420;10058934463;B
20240408;100026;49.9;150;10058934464;B
20240408;100026;49.9;20;10058934465;B
20240408;100026;49.9;700;10058934466;B
20240408;100026;49.9;40;10058934467;B
20240408;100026;49.9;400;10058934468;B
20240408;100026;49.9;100;10058934469;B
20240408;100026;49.91;7210;10058934470;B
20240408;100026;49.91;20;10058934471;B
20240408;100026;49.91;100;10058934472;B
20240408;100026;49.93;10000;10058934473;B
20240408;100026;49.93;100;10058934474;B
20240408;100026;49.94;10;10058934475;B
20240408;100026;49.95;20;10058934476;B
20240408;100026;49.95;10;10058934477;B
20240408;100026;49.95;100;10058934478;B
20240408;100026;49.95;50;10058934479;B
20240408;100026;49.95;10;10058934480;B
20240408;100026;49.95;100;10058934481;B
20240408;100026;49.95;10;10058934482;B
20240408;100026;49.95;20;10058934483;B
20240408;100026;49.95;220;10058934484;B
20240408;100026;49.95;10;10058934485;B
20240408;100026;49.95;500;10058934486;B
20240408;100026;49.95;710;10058934487;B
20240408;100026;49.96;100;10058934488;B
20240408;100026;49.96;150;10058934489;B
20240408;100026;49.96;10;10058934490;B
20240408;100026;49.96;1000;10058934491;B
20240408;100026;49.96;200;10058934492;B
20240408;100026;49.96;12000;10058934493;B
20240408;100026;49.97;100;10058934494;B
20240408;100026;49.97;100;10058934495;B
20240408;100026;49.97;15310;10058934496;B
20240408;100026;49.96;170;10058934500;S
20240408;100026;49.96;20;10058934501;S
20240408;100026;49.87;70;10058934663;S
20240408;100027;49.88;10;10058934840;B
20240408;100027;49.88;10;10058934872;B
20240408;100027;49.94;10;10058934873;B
20240408;100027;49.87;40;10058934889;S
20240408;100027;49.87;350;10058934932;S
20240408;100027;49.87;40;10058934933;S
20240408;100027;49.87;2610;10058934934;S
20240408;100028;49.86;200;10058935382;S
20240408;100029;49.87;200;10058935548;B
20240408;100029;49.85;6790;10058935671;S
20240408;100029;49.85;1000;10058935672;S
20240408;100029;49.78;20;10058935695;S
20240408;100030;49.78;460;10058935769;S
20240408;100030;49.78;540;10058935770;S
20240408;100031;49.83;460;10058936553;B
20240408;100031;49.85;32210;10058936554;B
20240408;100031;49.87;6860;10058936555;B
20240408;100031;49.87;7220;10058936556;B
20240408;100031;49.92;40;10058936557;B
20240408;100031;49.93;20;10058936558;B
20240408;100031;49.93;3190;10058936559;B
20240408;100032;49.87;260;10058936849;S
20240408;100033;49.87;10;10058936989;S
20240408;100033;49.85;460;10058937117;S
20240408;100033;49.84;13000;10058937118;S
20240408;100033;49.83;10000;10058937119;S
20240408;100033;49.82;7210;10058937120;S
20240408;100033;49.79;2000;10058937121;S
20240408;100033;49.74;500;10058937122;S
20240408;100033;49.68;1000;10058937123;S
20240408;100033;49.68;5640;10058937124;S
20240408;100033;49.78;500;10058937129;B
20240408;100033;49.83;470;10058937130;B
20240408;100033;49.87;30;10058937132;B
20240408;100033;49.87;430;10058937133;B
20240408;100033;49.87;70;10058937134;B
20240408;100033;49.88;460;10058937135;B
20240408;100033;49.89;2240;10058937136;B
20240408;100033;49.83;20;10058937188;S
20240408;100034;49.88;10;10058937336;B
20240408;100034;49.88;10;10058937422;B
20240408;100034;49.89;440;10058937423;B
20240408;100035;49.9;50;10058937481;B
20240408;100035;49.91;4950;10058937482;B
20240408;100036;49.87;110;10058937808;B
20240408;100036;49.87;110;10058938045;B
20240408;100036;49.9;250;10058938046;B
20240408;100037;49.9;300;10058938151;B
20240408;100037;49.89;10;10058938274;B
20240408;100038;49.85;50;10058938499;S
20240408;100039;49.89;340;10058938890;B
20240408;100039;49.9;200;10058938891;B
20240408;100039;49.91;2460;10058938892;B
20240408;100039;49.91;720;10058938899;B
20240408;100039;49.85;300;10058938939;S
20240408;100040;49.85;1750;10058939431;S
20240408;100041;49.92;10;10058939512;B
20240408;100041;49.85;10;10058939622;S
20240408;100041;49.85;5000;10058939789;S
20240408;100041;49.92;1440;10058939819;B
20240408;100043;49.85;10;10058940176;S
20240408;100043;49.9;20;10058940440;B
20240408;100044;49.91;10;10058940767;B
20240408;100044;49.89;10;10058940779;B
20240408;100045;49.85;40;10058940838;S
20240408;100046;49.89;1000;10058941228;B
20240408;100047;49.87;460;10058941820;S
20240408;100047;49.86;10;10058941821;S
20240408;100047;49.86;6000;10058941822;S
20240408;100047;49.85;2810;10058941823;S
20240408;100047;49.85;720;10058941824;S
20240408;100048;49.82;200;10058942182;S
20240408;100048;49.81;500;10058942730;S
20240408;100049;49.81;1500;10058942837;S
20240408;100049;49.81;40;10058942838;S
20240408;100049;49.8;200;10058942839;S
20240408;100049;49.79;1000;10058942840;S
20240408;100049;49.79;460;10058942841;S
20240408;100049;49.78;6800;10058942842;S
20240408;100049;49.83;50;10058942874;B
20240408;100049;49.77;2900;10058942912;S
20240408;100049;49.83;420;10058942943;B
20240408;100049;49.83;2710;10058942944;B
20240408;100049;49.76;10;10058943281;S
20240408;100050;49.76;100;10058943367;S
20240408;100050;49.82;460;10058943454;B
20240408;100050;49.82;1540;10058943455;B
20240408;100051;49.82;40;10058943695;B
20240408;100051;49.78;10;10058943865;S
20240408;100051;49.85;150;10058943878;B
20240408;100051;49.85;2650;10058943879;B
20240408;100051;49.86;40;10058943880;B
20240408;100051;49.86;1370;10058943881;B
20240408;100052;49.78;10;10058944063;S
20240408;100052;49.78;440;10058944248;S
20240408;100052;49.78;1000;10058944249;S
20240408;100052;49.78;40;10058944250;S
20240408;100052;49.77;270;10058944251;S
20240408;100053;49.85;270;10058944300;B
20240408;100053;49.85;230;10058944301;B
20240408;100053;49.78;460;10058944339;S
20240408;100053;49.77;1540;10058944340;S
20240408;100053;49.77;3620;10058944519;S
20240408;100055;49.77;10;10058945295;S
20240408;100056;49.76;890;10058945455;S
20240408;100056;49.76;1000;10058945456;S
20240408;100056;49.76;300;10058945457;S
20240408;100056;49.76;2000;10058945458;S
20240408;100056;49.76;3810;10058945459;S
20240408;100057;49.76;110;10058945692;S
20240408;100057;49.8;1000;10058945839;B
20240408;100059;49.76;3300;10058946391;S
20240408;100059;49.76;700;10058946392;S
20240408;100059;49.76;140;10058946404;S
20240408;100059;49.8;600;10058946481;B
20240408;100059;49.76;1160;10058946579;S
20240408;100059;49.75;5000;10058946580;S
20240408;100059;49.73;910;10058946581;S
20240408;100059;49.72;460;10058946582;S
20240408;100059;49.72;1000;10058946583;S
20240408;100059;49.72;700;10058946584;S
20240408;100059;49.72;770;10058946585;S
20240408;100100;49.76;300;10058946643;B
20240408;100100;49.72;10;10058946713;S
20240408;100100;49.72;110;10058946829;S
20240408;100100;49.76;170;10058946904;B
20240408;100100;49.76;830;10058946905;B
20240408;100100;49.76;170;10058946951;B
20240408;100100;49.76;8160;10058946952;B
20240408;100100;49.76;1840;10058946979;B
20240408;100100;49.76;460;10058946980;B
20240408;100100;49.76;700;10058946981;B
20240408;100101;49.76;300;10058947141;S
20240408;100101;49.76;1200;10058947142;S
20240408;100101;49.75;830;10058947143;S
20240408;100101;49.73;1000;10058947144;S
20240408;100101;49.72;1000;10058947145;S
20240408;100101;49.71;7230;10058947146;S
20240408;100101;49.71;1000;10058947147;S
20240408;100101;49.71;1000;10058947148;S
20240408;100101;49.7;100;10058947149;S
20240408;100101;49.7;1000;10058947150;S
20240408;100101;49.7;460;10058947151;S
20240408;100101;49.69;1000;10058947152;S
20240408;100101;49.69;30;10058947153;S
20240408;100101;49.68;100;10058947154;S
20240408;100101;49.68;1000;10058947155;S
20240408;100101;49.68;2750;10058947159;B
20240408;100101;49.71;450;10058947169;B
20240408;100101;49.77;50;10058947170;B
20240408;100101;49.77;950;10058947171;B
20240408;100101;49.77;500;10058947222;S
20240408;100101;49.78;80;10058947233;B
20240408;100101;49.77;40;10058947242;S
20240408;100101;49.77;10;10058947248;S
20240408;100102;49.76;1000;10058947613;B
20240408;100102;49.77;500;10058947614;B
20240408;100102;49.76;1000;10058947692;B
20240408;100102;49.76;1000;10058947749;B
20240408;100102;49.75;500;10058947754;S
20240408;100102;49.77;10;10058947899;B
20240408;100102;49.77;1480;10058947987;B
20240408;100102;49.77;230;10058947988;B
20240408;100103;49.75;20;10058948103;S
20240408;100103;49.77;20;10058948156;B
20240408;100103;49.75;20;10058948343;S
20240408;100104;49.75;340;10058948730;S
20240408;100104;49.75;810;10058948731;S
20240408;100104;49.74;7230;10058948732;S
20240408;100104;49.73;1000;10058948733;S
20240408;100104;49.72;6120;10058948734;S
20240408;100105;49.73;3200;10058949033;S
20240408;100105;49.73;4030;10058949100;S
20240408;100105;49.72;3880;10058949101;S
20240408;100105;49.72;2000;10058949102;S
20240408;100105;49.72;810;10058949103;S
20240408;100105;49.72;1000;10058949104;S
20240408;100105;49.71;1000;10058949105;S
20240408;100105;49.7;460;10058949106;S
20240408;100105;49.7;1000;10058949107;S
20240408;100105;49.69;820;10058949108;S
20240408;100106;49.72;20;10058949277;B
20240408;100106;49.72;10;10058949331;B
20240408;100106;49.68;30;10058949340;S
20240408;100107;49.68;20;10058949565;S
20240408;100107;49.72;20;10058949646;B
20240408;100107;49.68;950;10058949689;S
20240408;100107;49.68;1000;10058949690;S
20240408;100107;49.68;1000;10058949691;S
20240408;100107;49.68;1000;10058949692;S
20240408;100107;49.68;7050;10058949693;S
20240408;100108;49.72;950;10058949736;B
20240408;100108;49.73;50;10058949737;B
20240408;100108;49.72;10;10058949787;B
20240408;100109;49.69;800;10058950226;S
20240408;100109;49.68;2950;10058950227;S
20240408;100109;49.67;1000;10058950228;S
20240408;100109;49.67;1000;10058950229;S
20240408;100109;49.67;3250;10058950230;S
20240408;100109;49.68;500;10058950411;B
20240408;100109;49.68;1960;10058950412;B
20240408;100109;49.68;10;10058950413;B
20240408;100110;49.66;10;10058951826;S
20240408;100110;49.65;50;10058951827;S
20240408;100110;49.65;20;10058951828;S
20240408;100110;49.65;3450;10058952120;S
20240408;100110;49.65;1000;10058952121;S
20240408;100110;49.65;40;10058952122;S
20240408;100110;49.64;1510;10058952123;S
20240408;100110;49.68;10;10058952133;B
20240408;100110;49.64;2000;10058952177;S
20240408;100111;49.65;780;10058952620;S
20240408;100111;49.64;220;10058952621;S
20240408;100111;49.66;20;10058952709;B
20240408;100112;49.68;990;10058952741;B
20240408;100112;49.69;10;10058952742;B
20240408;100112;49.65;10;10058952811;S
20240408;100113;49.67;10;10058953260;B
20240408;100113;49.68;190;10058953261;B
20240408;100113;49.64;5620;10058953571;S
20240408;100113;49.64;10;10058953572;S
20240408;100113;49.64;7240;10058953573;S
20240408;100113;49.64;1000;10058953574;S
20240408;100113;49.63;1000;10058953575;S
20240408;100113;49.63;780;10058953576;S
20240408;100113;49.62;200;10058953577;S
20240408;100113;49.62;1000;10058953578;S
20240408;100113;49.62;1000;10058953579;S
20240408;100113;49.62;10000;10058953580;S
20240408;100113;49.61;1000;10058953581;S
20240408;100113;49.6;500;10058953582;S
20240408;100113;49.6;3000;10058953583;S
20240408;100113;49.6;1000;10058953584;S
20240408;100113;49.6;460;10058953585;S
20240408;100113;49.6;4350;10058953586;B
20240408;100113;49.6;410;10058953587;B
20240408;100113;49.6;1430;10058953588;B
20240408;100113;49.62;1000;10058953591;B
20240408;100113;49.64;480;10058953597;B
20240408;100113;49.64;480;10058953598;B
20240408;100113;49.64;480;10058953599;B
20240408;100113;49.64;40;10058953600;B
20240408;100113;49.65;1000;10058953601;B
20240408;100114;49.67;100;10058953753;B
20240408;100114;49.67;900;10058953755;B
20240408;100114;49.67;470;10058953763;S
20240408;100114;49.67;30;10058953764;S
20240408;100114;49.67;470;10058953765;S
20240408;100114;49.67;50;10058953766;S
20240408;100114;49.67;40;10058953778;S
20240408;100114;49.67;50;10058953867;S
20240408;100114;49.67;890;10058954018;S
20240408;100114;49.62;490;10058954019;S
20240408;100114;49.61;20;10058954143;S
20240408;100115;49.61;7220;10058954261;S
20240408;100115;49.6;1000;10058954262;S
20240408;100115;49.6;1000;10058954263;S
20240408;100115;49.6;680;10058954264;S
20240408;100116;49.59;20;10058954740;S
20240408;100116;49.59;40;10058954764;S
20240408;100116;49.58;470;10058954765;S
20240408;100116;49.58;40;10058954766;S
20240408;100116;49.58;170;10058954767;S
20240408;100116;49.58;90;10058954835;S
20240408;100116;49.64;500;10058954892;B
20240408;100117;49.61;510;10058955258;S
20240408;100117;49.58;490;10058955259;S
20240408;100118;49.61;10;10058955441;S
20240408;100118;49.59;490;10058955442;S
20240408;100119;49.64;500;10058955705;B
20240408;100119;49.64;1750;10058955706;B
20240408;100119;49.64;500;10058955722;S
20240408;100119;49.66;270;10058955801;B
20240408;100119;49.66;20;10058955859;B
20240408;100120;49.66;710;10058956101;B
20240408;100120;49.66;40;10058956102;B
20240408;100120;49.67;1000;10058956103;B
20240408;100120;49.67;250;10058956104;B
20240408;100120;49.64;200;10058956262;S
20240408;100121;49.65;30;10058956342;B
20240408;100121;49.65;20;10058956343;B
20240408;100121;49.66;20;10058956344;B
20240408;100121;49.64;720;10058956625;S
20240408;100122;49.67;900;10058956946;B
20240408;100123;49.67;10;10058957013;B
20240408;100124;49.64;1000;10058957239;S
20240408;100124;49.67;90;10058957346;B
20240408;100124;49.67;40;10058957368;S
20240408;100125;49.67;10;10058957512;S
20240408;100125;49.68;20;10058957543;B
20240408;100125;49.68;980;10058957651;B
20240408;100125;49.69;1000;10058957652;B
20240408;100125;49.69;680;10058957653;B
20240408;100125;49.68;100;10058957751;B
20240408;100126;49.68;900;10058957804;B
20240408;100126;49.68;10;10058957813;S
20240408;100126;49.68;30;10058957884;S
20240408;100128;49.68;10;10058958559;S
20240408;100130;49.68;4050;10058959114;S
20240408;100130;49.67;60;10058959115;S
20240408;100130;49.67;100;10058959116;S
20240408;100130;49.65;480;10058959117;S
20240408;100130;49.64;3330;10058959118;S
20240408;100130;49.64;1000;10058959119;S
20240408;100130;49.63;1000;10058959120;S
20240408;100130;49.62;1000;10058959121;S
20240408;100130;49.62;300;10058959122;S
20240408;100130;49.62;260;10058959123;S
20240408;100130;49.61;1000;10058959124;S
20240408;100130;49.61;1000;10058959125;S
20240408;100130;49.61;230;10058959126;S
20240408;100130;49.61;40;10058959127;S
20240408;100130;49.61;7240;10058959128;S
20240408;100130;49.6;1000;10058959129;S
20240408;100130;49.6;3700;10058959130;S
20240408;100130;49.6;800;10058959131;S
20240408;100130;49.59;1000;10058959132;S
20240408;100130;49.59;100;10058959133;S
20240408;100130;49.59;460;10058959134;S
20240408;100130;49.59;4000;10058959135;S
20240408;100130;49.58;1000;10058959136;S
20240408;100130;49.58;10;10058959137;S
20240408;100130;49.57;1950;10058959138;S
20240408;100130;49.57;1000;10058959139;S
20240408;100130;49.57;1000;10058959140;S
20240408;100130;49.57;60;10058959141;S
20240408;100130;49.56;1000;10058959142;S
20240408;100130;49.56;340;10058959143;S
20240408;100130;49.56;1000;10058959144;S
20240408;100130;49.55;10;10058959145;S
20240408;100130;49.55;5000;10058959146;S
20240408;100130;49.55;2000;10058959147;S
20240408;100130;49.55;2000;10058959148;S
20240408;100130;49.55;10080;10058959149;S
20240408;100130;49.55;1000;10058959150;S
20240408;100130;49.55;10000;10058959151;S
20240408;100130;49.55;500;10058959152;S
20240408;100130;49.54;1000;10058959153;S
20240408;100130;49.53;1000;10058959154;S
20240408;100130;49.52;1000;10058959155;S
20240408;100130;49.51;10;10058959156;S
20240408;100130;49.5;100;10058959157;S
20240408;100130;49.5;6790;10058959158;S
20240408;100130;49.52;1000;10058959162;S
20240408;100130;49.52;1510;10058959163;S
20240408;100130;49.51;2000;10058959164;S
20240408;100130;49.51;1000;10058959165;S
20240408;100130;49.51;240;10058959166;S
20240408;100130;49.51;650;10058959167;B
20240408;100130;49.51;520;10058959168;B
20240408;100130;49.51;3080;10058959169;B
20240408;100130;49.54;1000;10058959170;B
20240408;100130;49.55;480;10058959171;B
20240408;100130;49.55;250;10058959172;B
20240408;100130;49.55;270;10058959173;B
20240408;100130;49.56;300;10058959175;B
20240408;100130;49.56;100;10058959176;B
20240408;100130;49.56;200;10058959177;B
20240408;100130;49.56;400;10058959178;B
20240408;100130;49.57;480;10058959179;B
20240408;100130;49.57;1000;10058959180;B
20240408;100130;49.59;10;10058959182;B
20240408;100130;49.56;10;10058959200;S
20240408;100130;49.58;480;10058959308;B
20240408;100130;49.59;990;10058959309;B
20240408;100131;49.59;30;10058959310;S
20240408;100131;49.57;490;10058959311;B
20240408;100131;49.54;10;10058959330;S
20240408;100131;49.54;120;10058959424;S
20240408;100131;49.54;110;10058959425;S
20240408;100131;49.57;10;10058959467;B
20240408;100132;49.57;20;10058959694;B
20240408;100132;49.57;200;10058959795;B
20240408;100132;49.57;770;10058959890;B
20240408;100132;49.58;470;10058959891;B
20240408;100132;49.58;750;10058959892;B
20240408;100133;49.57;1000;10058960087;B
20240408;100133;49.57;1000;10058960088;B
20240408;100134;49.56;20;10058960383;S
20240408;100134;49.55;120;10058960384;S
20240408;100134;49.54;1310;10058960385;S
20240408;100134;49.53;950;10058960386;S
20240408;100134;49.53;50;10058960419;S
20240408;100134;49.53;60;10058960420;S
20240408;100134;49.52;2000;10058960421;S
20240408;100134;49.52;470;10058960422;S
20240408;100134;49.51;1000;10058960423;S
20240408;100134;49.5;2420;10058960424;S
20240408;100135;49.54;20;10058960790;B
20240408;100135;49.55;110;10058960791;B
20240408;100136;49.55;200;10058960886;B
20240408;100136;49.54;30;10058961024;S
20240408;100136;49.55;10;10058961109;B
20240408;100138;49.55;100;10058961644;B
20240408;100138;49.55;1000;10058961712;B
20240408;100138;49.55;1000;10058961713;B
20240408;100138;49.55;1000;10058961714;B
20240408;100138;49.55;1000;10058961715;B
20240408;100138;49.56;1000;10058961716;B
20240408;100138;49.57;340;10058961717;B
20240408;100138;49.57;1000;10058961718;B
20240408;100138;49.58;250;10058961719;B
20240408;100138;49.58;3410;10058961720;B
20240408;100138;49.58;500;10058961722;B
20240408;100138;49.59;970;10058961747;B
20240408;100139;49.58;50;10058962031;B
20240408;100140;49.55;30;10058962119;S
20240408;100140;49.55;100;10058962120;S
20240408;100140;49.54;1000;10058962121;S
20240408;100140;49.54;430;10058962122;S
20240408;100141;49.55;20;10058962498;S
20240408;100141;49.54;30;10058962499;S
20240408;100142;49.55;20;10058962819;S
20240408;100142;49.55;1000;10058962820;S
20240408;100142;49.54;2980;10058962821;S
20240408;100143;49.54;10;10058963214;S
20240408;100144;49.58;980;10058963404;B
20240408;100144;49.55;10;10058963581;S
20240408;100145;49.58;20;10058963656;B
20240408;100145;49.59;470;10058963657;B
20240408;100145;49.59;1000;10058963658;B
20240408;100145;49.6;1000;10058963659;B
20240408;100145;49.6;40;10058963660;B
20240408;100145;49.6;7470;10058963661;B
20240408;100145;49.56;470;10058963903;S
20240408;100145;49.55;1410;10058963904;S
20240408;100145;49.55;1000;10058963905;S
20240408;100145;49.55;1000;10058963906;S
20240408;100145;49.55;1120;10058963907;S
20240408;100145;49.59;10;10058963916;B
20240408;100146;49.58;470;10058964216;B
20240408;100146;49.58;590;10058964217;B
20240408;100147;49.6;200;10058964373;B
20240408;100149;49.55;10;10058965101;S
20240408;100149;49.6;10;10058965117;B
20240408;100150;49.62;1000;10058965319;B
20240408;100150;49.62;60;10058965385;B
20240408;100150;49.58;600;10058965421;S
20240408;100152;49.58;5000;10058965729;S
20240408;100152;49.61;1420;10058965770;B
20240408;100152;49.62;1940;10058965771;B
20240408;100152;49.63;1000;10058965772;B
20240408;100152;49.64;1000;10058965773;B
20240408;100152;49.64;4540;10058965774;B
20240408;100152;49.63;10;10058965873;B
20240408;100152;49.64;10;10058965874;B
20240408;100152;49.6;90;10058965895;S
20240408;100153;49.6;150;10058966158;S
20240408;100155;49.63;1920;10058966598;S
20240408;100156;49.64;50;10058966978;B
20240408;100157;49.64;10;10058967060;B
20240408;100158;49.64;610;10058967361;B
20240408;100158;49.64;90;10058967362;B
20240408;100158;49.64;130;10058967363;B
20240408;100158;49.65;1000;10058967364;B
20240408;100158;49.67;900;10058967416;B
20240408;100158;49.65;1170;10058967445;S
20240408;100158;49.63;30;10058967446;S
20240408;100158;49.67;100;10058967462;B
20240408;100158;49.68;200;10058967463;B
20240408;100200;49.64;10;10058967958;B
20240408;100201;49.67;20;10058968260;B
20240408;100201;49.67;20;10058968423;B
20240408;100205;49.67;50;10058969391;B
20240408;100207;49.65;10;10058969783;S
20240408;100207;49.65;730;10058969784;S
20240408;100207;49.64;90;10058969785;S
20240408;100207;49.64;1000;10058969786;S
20240408;100207;49.64;30;10058969787;S
20240408;100207;49.63;3140;10058969788;S
20240408;100208;49.63;100;10058970195;S
20240408;100209;49.67;10;10058970492;B
20240408;100210;49.67;900;10058970978;B
20240408;100210;49.67;800;10058970979;B
20240408;100210;49.68;1720;10058970980;B
20240408;100210;49.68;1000;10058970981;B
20240408;100210;49.68;580;10058970982;B
20240408;100211;49.67;30;10058971185;B
20240408;100212;49.67;10;10058971676;B
20240408;100214;49.67;10;10058972316;B
20240408;100215;49.63;10;10058972662;S
20240408;100215;49.63;10;10058972742;S
20240408;100215;49.67;20;10058972743;B
20240408;100215;49.63;300;10058972872;S
20240408;100216;49.63;4490;10058973094;S
20240408;100216;49.63;1000;10058973095;S
20240408;100216;49.63;1000;10058973096;S
20240408;100216;49.63;720;10058973097;S
20240408;100216;49.62;1000;10058973098;S
20240408;100216;49.62;460;10058973099;S
20240408;100216;49.61;1000;10058973100;S
20240408;100216;49.6;1000;10058973101;S
20240408;100216;49.6;10;10058973102;S
20240408;100216;49.6;10;10058973103;S
20240408;100216;49.6;20;10058973104;S
20240408;100216;49.6;4540;10058973105;S
20240408;100216;49.59;1000;10058973106;S
20240408;100216;49.59;10;10058973107;S
20240408;100216;49.59;4000;10058973108;S
20240408;100216;49.59;20;10058973109;S
20240408;100216;49.59;100;10058973110;S
20240408;100216;49.59;40;10058973111;S
20240408;100216;49.58;9580;10058973112;S
20240408;100216;49.62;2340;10058973186;B
20240408;100217;49.59;90;10058973227;S
20240408;100217;49.64;600;10058973316;B
20240408;100217;49.59;20;10058973343;S
20240408;100218;49.64;10;10058973674;B
20240408;100219;49.64;20;10058973938;B
20240408;100219;49.64;10;10058973970;B
20240408;100220;49.59;100;10058974006;S
20240408;100220;49.64;20;10058974043;B
20240408;100221;49.64;940;10058974498;B
20240408;100221;49.64;40;10058974499;B
20240408;100221;49.64;10;10058974500;B
20240408;100221;49.65;1000;10058974501;B
20240408;100221;49.65;720;10058974502;B
20240408;100221;49.65;290;10058974503;B
20240408;100222;49.6;170;10058974599;S
20240408;100222;49.64;1000;10058974656;B
20240408;100222;49.65;1000;10058974657;B
20240408;100222;49.65;720;10058974658;B
20240408;100222;49.66;1000;10058974659;B
20240408;100222;49.66;6280;10058974660;B
20240408;100222;49.66;3720;10058974706;B
20240408;100222;49.66;1000;10058974707;B
20240408;100222;49.67;960;10058974708;B
20240408;100222;49.67;1000;10058974709;B
20240408;100222;49.67;5000;10058974710;B
20240408;100222;49.67;10;10058974711;B
20240408;100222;49.67;720;10058974712;B
20240408;100222;49.68;1000;10058974713;B
20240408;100222;49.68;10;10058974714;B
20240408;100222;49.68;6700;10058974715;B
20240408;100223;49.69;10;10058975035;B
20240408;100225;49.69;200;10058975974;B
20240408;100225;49.68;200;10058976490;S
20240408;100225;49.68;50;10058976491;S
20240408;100226;49.68;150;10058976817;S
20240408;100228;49.67;10;10058977857;S
20240408;100228;49.66;20;10058977859;S
20240408;100228;49.68;10;10058977892;B
20240408;100230;49.66;980;10058978226;S
20240408;100230;49.65;420;10058978227;S
20240408;100231;49.65;250;10058978601;S
20240408;100233;49.67;10;10058979192;B
20240408;100237;49.67;190;10058980681;B
20240408;100237;49.67;10;10058980682;B
20240408;100237;49.68;20;10058980683;B
20240408;100237;49.68;100;10058980684;B
20240408;100237;49.68;430;10058980685;B
20240408;100238;49.65;10;10058981065;S
20240408;100239;49.65;10;10058981396;S
20240408;100240;49.65;230;10058981542;S
20240408;100240;49.68;10;10058981785;B
20240408;100243;49.65;80;10058982490;S
20240408;100243;49.65;510;10058982491;S
20240408;100243;49.65;710;10058982492;S
20240408;100243;49.65;550;10058982493;S
20240408;100243;49.64;1000;10058982494;S
20240408;100243;49.64;1000;10058982495;S
20240408;100243;49.63;1000;10058982496;S
20240408;100243;49.63;500;10058982497;S
20240408;100243;49.63;6150;10058982498;S
20240408;100243;49.64;30;10058982529;S
20240408;100244;49.64;60;10058982916;S
20240408;100245;49.67;10;10058983238;B
20240408;100245;49.64;390;10058983240;S
20240408;100246;49.67;360;10058983338;B
20240408;100246;49.63;600;10058983614;S
20240408;100246;49.63;1000;10058983615;S
20240408;100246;49.63;1000;10058983616;S
20240408;100246;49.62;1000;10058983617;S
20240408;100246;49.62;200;10058983618;S
20240408;100246;49.62;260;10058983619;S
20240408;100246;49.62;460;10058983620;S
20240408;100246;49.61;480;10058983621;S
20240408;100247;49.62;1000;10058983935;S
20240408;100247;49.62;1000;10058983936;S
20240408;100249;49.65;470;10058984436;B
20240408;100249;49.65;630;10058984437;B
20240408;100249;49.61;50;10058984498;S
20240408;100251;49.67;30;10058985400;B
20240408;100252;49.67;970;10058985586;B
20240408;100252;49.67;130;10058985587;B
20240408;100252;49.67;1000;10058985725;B
20240408;100252;49.68;260;10058985726;B
20240408;100253;49.61;470;10058985983;S
20240408;100253;49.61;1000;10058985984;S
20240408;100253;49.61;470;10058985985;S
20240408;100253;49.61;290;10058985986;S
20240408;100253;49.6;2430;10058985987;S
20240408;100253;49.6;1000;10058985988;S
20240408;100253;49.6;500;10058985989;S
20240408;100253;49.6;40;10058985990;S
20240408;100253;49.6;1000;10058985991;B
20240408;100253;49.6;1000;10058985992;B
20240408;100253;49.6;1500;10058985993;B
20240408;100253;49.6;16190;10058985994;B
20240408;100253;49.6;1000;10058985995;B
20240408;100253;49.6;1500;10058985996;B
20240408;100253;49.6;1000;10058985997;B
20240408;100253;49.6;1000;10058985998;B
20240408;100253;49.6;400;10058985999;B
20240408;100253;49.6;600;10058986000;B
20240408;100254;49.6;4000;10058986169;B
20240408;100254;49.6;150;10058986328;B
20240408;100254;49.6;500;10058986378;B
20240408;100255;49.6;13330;10058986649;B
20240408;100255;49.62;1670;10058986650;B
20240408;100255;49.6;50;10058986670;S
20240408;100256;49.62;100;10058986950;B
20240408;100256;49.6;950;10058986972;S
20240408;100256;49.6;1000;10058986973;S
20240408;100256;49.59;100;10058986974;S
20240408;100256;49.59;90;10058986975;S
20240408;100256;49.59;1000;10058986976;S
20240408;100256;49.58;8310;10058986977;S
20240408;100257;49.61;300;10058987396;S
20240408;100257;49.6;700;10058987397;S
20240408;100258;49.62;230;10058987705;B
20240408;100258;49.63;470;10058987706;B
20240408;100258;49.64;1000;10058987729;B
20240408;100258;49.64;40;10058987730;B
20240408;100258;49.65;1000;10058987752;B
20240408;100258;49.65;400;10058987753;B
20240408;100258;49.65;350;10058987779;B
20240408;100258;49.65;20;10058987780;B
20240408;100258;49.65;1000;10058987781;B
20240408;100258;49.66;220;10058987927;B
20240408;100258;49.63;1420;10058988037;S
20240408;100258;49.62;580;10058988038;S
20240408;100259;49.62;460;10058988209;S
20240408;100259;49.62;1420;10058988210;S
20240408;100259;49.62;1000;10058988211;S
20240408;100259;49.62;920;10058988212;S
20240408;100300;49.61;10;10058988626;S
20240408;100301;49.61;100;10058989081;S
20240408;100305;49.63;10;10058990141;B
20240408;100305;49.63;20;10058990316;B
20240408;100309;49.64;30;10058991542;B
20240408;100310;49.64;540;10058991843;B
20240408;100311;49.61;10;10058992324;S
20240408;100311;49.61;10;10058992325;S
20240408;100312;49.61;30;10058992400;S
20240408;100314;49.6;1000;10058992932;S
20240408;100314;49.6;250;10058992933;S
20240408;100314;49.6;1000;10058992934;S
20240408;100314;49.6;690;10058992935;S
20240408;100314;49.59;1000;10058992936;S
20240408;100314;49.59;3880;10058992937;S
20240408;100314;49.59;100;10058992938;S
20240408;100314;49.59;80;10058992939;S
20240408;100314;49.64;20;10058993117;B
20240408;100315;49.64;830;10058993240;B
20240408;100315;49.64;460;10058993241;B
20240408;100315;49.64;1000;10058993242;B
20240408;100315;49.65;710;10058993243;B
20240408;100316;49.61;200;10058993607;B
20240408;100316;49.63;690;10058993608;B
20240408;100316;49.64;110;10058993609;B
20240408;100318;49.61;20;10058994278;S
20240408;100320;49.65;1530;10058995404;B
20240408;100320;49.65;470;10058995405;B
20240408;100321;49.61;30;10058995641;S
20240408;100321;49.61;50;10058995721;S
20240408;100321;49.61;170;10058995953;S
20240408;100321;49.61;690;10058995954;S
20240408;100321;49.6;1000;10058995955;S
20240408;100321;49.6;470;10058995956;S
20240408;100321;49.6;1000;10058995957;S
20240408;100321;49.6;100;10058995958;S
20240408;100321;49.6;1420;10058995959;S
20240408;100321;49.59;1000;10058995960;S
20240408;100321;49.59;9000;10058995961;S
20240408;100321;49.58;28650;10058995962;S
20240408;100324;49.61;280;10058996594;B
20240408;100324;49.62;450;10058996595;B
20240408;100324;49.6;20;10058996645;S
20240408;100324;49.6;680;10058996715;S
20240408;100324;49.6;300;10058996794;B
20240408;100326;49.6;90;10058997180;B
20240408;100327;49.6;100;10058997370;B
20240408;100327;49.59;1000;10058997457;S
20240408;100327;49.59;1000;10058997458;S
20240408;100327;49.59;10;10058997506;S
20240408;100327;49.6;10;10058997526;B
20240408;100327;49.6;50;10058997559;B
20240408;100327;49.59;780;10058997645;S
20240408;100330;49.6;100;10058998476;B
20240408;100331;49.6;2500;10058998585;B
20240408;100333;49.6;90;10058999118;B
20240408;100333;49.59;50;10058999210;S
20240408;100335;49.6;10;10058999527;B
20240408;100335;49.59;50;10058999650;S
20240408;100335;49.6;130;10058999693;B
20240408;100337;49.6;120;10059000034;S
20240408;100337;49.6;690;10059000035;S
20240408;100337;49.6;2320;10059000036;S
20240408;100337;49.59;1440;10059000037;S
20240408;100338;49.59;100;10059000403;S
20240408;100338;49.61;100;10059000435;B
20240408;100338;49.61;1000;10059000436;B
20240408;100338;49.62;690;10059000437;B
20240408;100338;49.63;470;10059000438;B
20240408;100338;49.63;1000;10059000439;B
20240408;100338;49.64;1000;10059000440;B
20240408;100338;49.64;1420;10059000441;B
20240408;100338;49.65;530;10059000442;B
20240408;100338;49.65;3880;10059000443;B
20240408;100338;49.66;1000;10059000444;B
20240408;100338;49.66;8910;10059000445;B
20240408;100338;49.66;20;10059000490;B
20240408;100340;49.63;1000;10059000948;S
20240408;100342;49.66;100;10059001432;B
20240408;100342;49.66;100;10059001532;B
20240408;100342;49.66;10;10059001598;B
20240408;100342;49.66;100;10059001602;B
20240408;100342;49.66;100;10059001639;B
20240408;100342;49.66;100;10059001681;B
20240408;100342;49.66;220;10059001769;B
20240408;100343;49.66;20;10059001853;B
20240408;100344;49.66;160;10059002252;B
20240408;100345;49.65;10;10059002623;S
20240408;100347;49.67;100;10059002878;B
20240408;100348;49.65;490;10059003136;S
20240408;100348;49.65;2300;10059003137;S
20240408;100348;49.65;20;10059003138;S
20240408;100348;49.65;680;10059003139;S
20240408;100348;49.63;510;10059003140;S
20240408;100350;49.66;10;10059003629;B
20240408;100350;49.67;20;10059003630;B
20240408;100352;49.66;20;10059004086;B
20240408;100352;49.67;880;10059004087;B
20240408;100352;49.67;2000;10059004088;B
20240408;100352;49.67;100;10059004089;B
20240408;100352;49.67;1000;10059004187;B
20240408;100352;49.68;300;10059004188;B
20240408;100352;49.68;300;10059004189;B
20240408;100352;49.68;10;10059004190;B
20240408;100352;49.68;1000;10059004191;B
20240408;100352;49.68;50;10059004192;B
20240408;100352;49.68;1000;10059004193;B
20240408;100352;49.68;190;10059004194;B
20240408;100353;49.68;60;10059004374;B
20240408;100354;49.68;10;10059004534;B
20240408;100354;49.64;290;10059004636;S
20240408;100354;49.68;10;10059004659;B
20240408;100355;49.63;20;10059004817;S
20240408;100355;49.66;10;10059004867;B
20240408;100358;49.68;500;10059005894;B
20240408;100400;49.64;20;10059006422;S
20240408;100401;49.64;250;10059006686;S
20240408;100403;49.68;10;10059007038;B
20240408;100404;49.64;400;10059007357;S
20240408;100405;49.64;600;10059007556;S
20240408;100405;49.64;160;10059007557;S
20240408;100405;49.64;670;10059007558;S
20240408;100405;49.63;30;10059007559;S
20240408;100405;49.63;40;10059007560;S
20240408;100405;49.63;960;10059007652;S
20240408;100405;49.63;10;10059007653;S
20240408;100405;49.62;30;10059007654;S
20240408;100405;49.63;1000;10059007697;S
20240408;100405;49.62;470;10059007698;S
20240408;100405;49.62;470;10059007699;S
20240408;100405;49.62;1000;10059007700;S
20240408;100405;49.62;60;10059007701;S
20240408;100411;49.66;470;10059009400;B
20240408;100411;49.66;30;10059009401;B
20240408;100412;49.66;970;10059009595;B
20240408;100412;49.67;30;10059009596;B
20240408;100414;49.66;50;10059009898;B
20240408;100414;49.66;1480;10059009956;B
20240408;100414;49.67;1390;10059009957;B
20240408;100414;49.67;130;10059009958;B
20240408;100417;49.66;1530;10059010784;B
20240408;100417;49.67;720;10059010785;B
20240408;100418;49.65;80;10059010944;S
20240408;100418;49.66;30;10059011137;B
20240408;100419;49.66;40;10059011435;B
20240408;100420;49.66;10;10059011466;B
20240408;100421;49.66;10;10059012075;B
20240408;100424;49.65;950;10059012797;S
20240408;100424;49.66;20;10059012890;B
20240408;100425;49.65;670;10059012922;S
20240408;100425;49.65;1420;10059012923;S
20240408;100425;49.64;1910;10059012924;S
20240408;100425;49.66;20;10059013039;B
20240408;100426;49.66;420;10059013259;S
20240408;100427;49.67;1530;10059013642;B
20240408;100427;49.67;1420;10059013643;B
20240408;100427;49.68;50;10059013644;B
20240408;100427;49.65;200;10059013676;S
20240408;100432;49.66;860;10059014897;B
20240408;100432;49.65;100;10059014952;B
20240408;100434;49.64;120;10059015488;S
20240408;100435;49.65;50;10059015808;B
20240408;100439;49.65;1070;10059017049;B
20240408;100439;49.65;100;10059017175;B
20240408;100440;49.65;100;10059017451;B
20240408;100442;49.65;100;10059017864;B
20240408;100442;49.65;900;10059017865;B
20240408;100443;49.66;300;10059017946;B
20240408;100444;49.64;200;10059018159;S
20240408;100444;49.65;100;10059018371;B
20240408;100445;49.65;10;10059018402;B
20240408;100448;49.64;620;10059019428;S
20240408;100448;49.64;100;10059019429;S
20240408;100448;49.64;280;10059019430;S
20240408;100448;49.64;220;10059019458;S
20240408;100448;49.64;20;10059019459;S
20240408;100448;49.64;660;10059019460;S
20240408;100448;49.64;10;10059019557;B
20240408;100449;49.63;10;10059019633;S
20240408;100449;49.64;620;10059019846;B
20240408;100449;49.65;750;10059019847;B
20240408;100449;49.65;660;10059019848;B
20240408;100449;49.65;930;10059019849;B
20240408;100449;49.66;7450;10059019850;B
20240408;100449;49.66;1000;10059019851;B
20240408;100449;49.66;4410;10059019852;B
20240408;100450;49.65;10;10059020067;B
20240408;100451;49.63;260;10059020364;S
20240408;100451;49.65;10;10059020450;B
20240408;100452;49.64;10;10059020484;S
20240408;100452;49.64;90;10059020485;S
20240408;100452;49.64;10;10059020577;S
20240408;100453;49.65;300;10059020754;B
20240408;100454;49.65;200;10059020966;B
20240408;100454;49.63;370;10059020978;S
20240408;100455;49.65;120;10059021453;B
20240408;100456;49.65;300;10059021587;B
20240408;100500;49.66;10;10059022897;B
20240408;100501;49.64;500;10059023069;S
20240408;100501;49.64;100;10059023070;S
20240408;100501;49.64;580;10059023071;S
20240408;100503;49.66;120;10059023849;B
20240408;100504;49.64;70;10059024129;S
20240408;100504;49.64;1350;10059024200;S
20240408;100504;49.64;660;10059024201;S
20240408;100504;49.63;1440;10059024202;S
20240408;100505;49.63;10;10059024341;S
20240408;100505;49.65;40;10059024444;B
20240408;100505;49.64;10;10059024487;S
20240408;100505;49.63;1200;10059024488;S
20240408;100506;49.63;940;10059024575;S
20240408;100507;49.63;10;10059024776;S
20240408;100507;49.64;1420;10059025148;B
20240408;100507;49.65;360;10059025149;B
20240408;100507;49.65;1000;10059025150;B
20240408;100507;49.65;660;10059025151;B
20240408;100507;49.66;460;10059025152;B
20240408;100507;49.66;100;10059025153;B
20240408;100507;49.66;520;10059025154;B
20240408;100507;49.66;480;10059025155;B
20240408;100508;49.63;20;10059025382;S
20240408;100509;49.63;150;10059025648;S
20240408;100510;49.63;12090;10059025841;S
20240408;100510;49.63;100;10059025842;S
20240408;100510;49.63;660;10059025843;S
20240408;100510;49.62;1000;10059025844;S
20240408;100510;49.62;470;10059025845;S
20240408;100510;49.61;1000;10059025846;S
20240408;100510;49.61;1000;10059025847;S
20240408;100510;49.6;1000;10059025848;S
20240408;100510;49.6;6000;10059025849;S
20240408;100510;49.6;10;10059025850;S
20240408;100510;49.6;230;10059025851;S
20240408;100510;49.6;7000;10059025852;S
20240408;100510;49.59;7570;10059025853;S
20240408;100510;49.59;1000;10059025854;S
20240408;100510;49.59;40;10059025855;S
20240408;100510;49.59;10000;10059025856;S
20240408;100510;49.58;830;10059025857;S
20240408;100510;49.59;10;10059026035;S
20240408;100511;49.64;20;10059026272;B
20240408;100511;49.64;980;10059026365;B
20240408;100511;49.64;50;10059026366;B
20240408;100511;49.6;800;10059026429;S
20240408;100511;49.6;200;10059026430;S
20240408;100512;49.64;10;10059026553;B
20240408;100512;49.6;10;10059026643;S
20240408;100512;49.64;50;10059026655;B
20240408;100513;49.6;10;10059026703;S
20240408;100514;49.6;20;10059027130;S
20240408;100514;49.64;360;10059027131;B
20240408;100514;49.64;40;10059027132;B
20240408;100514;49.64;1000;10059027133;B
20240408;100516;49.64;200;10059027795;S
20240408;100516;49.65;90;10059027809;B
20240408;100517;49.65;200;10059028006;B
20240408;100517;49.64;10;10059028015;S
20240408;100517;49.64;10;10059028201;S
20240408;100520;49.64;380;10059028928;S
20240408;100521;49.64;170;10059029145;B
20240408;100521;49.61;20;10059029169;S
20240408;100522;49.63;10;10059029537;B
20240408;100524;49.6;10;10059030051;S
20240408;100525;49.64;150;10059030466;B
20240408;100526;49.64;100;10059030516;B
20240408;100526;49.6;20;10059030642;S
20240408;100527;49.6;10;10059030749;S
20240408;100528;49.64;20;10059031028;B
20240408;100530;49.64;40;10059031651;B
20240408;100532;49.64;10;10059032156;B
20240408;100532;49.6;40;10059032170;S
20240408;100532;49.64;130;10059032229;B
20240408;100532;49.64;9000;10059032230;B
20240408;100532;49.64;870;10059032231;B
20240408;100533;49.64;20;10059032315;B
20240408;100533;49.6;600;10059032410;S
20240408;100534;49.6;80;10059032503;S
20240408;100534;49.6;650;10059032504;S
20240408;100534;49.6;270;10059032505;S
20240408;100535;49.64;10;10059032950;B
20240408;100536;49.6;500;10059033056;S
20240408;100536;49.6;1000;10059033057;S
20240408;100536;49.6;2000;10059033060;B
20240408;100536;49.6;1500;10059033061;B
20240408;100536;49.63;600;10059033063;B
20240408;100536;49.63;400;10059033064;B
20240408;100536;49.63;10;10059033116;S
20240408;100536;49.64;90;10059033357;B
20240408;100537;49.61;10;10059033550;S
20240408;100537;49.64;10;10059033751;B
20240408;100537;49.64;80;10059033752;B
20240408;100539;49.64;680;10059034430;B
20240408;100543;49.6;10;10059035944;S
20240408;100544;49.6;350;10059036257;S
20240408;100548;49.61;140;10059037115;S
20240408;100548;49.64;10;10059037187;B
20240408;100548;49.64;100;10059037489;B
20240408;100549;49.64;3000;10059037517;B
20240408;100549;49.61;360;10059037563;S
20240408;100549;49.61;650;10059037564;S
20240408;100549;49.6;640;10059037565;S
20240408;100549;49.6;1000;10059037566;S
20240408;100549;49.59;990;10059037567;S
20240408;100549;49.59;10;10059037568;S
20240408;100549;49.59;350;10059037569;S
20240408;100553;49.6;1850;10059038770;S
20240408;100553;49.6;650;10059038771;S
20240408;100553;49.59;120;10059038772;S
20240408;100553;49.59;320;10059038773;S
20240408;100553;49.59;1000;10059038774;S
20240408;100553;49.59;30;10059038775;S
20240408;100553;49.58;46030;10059038776;S
20240408;100553;49.58;1000;10059038779;S
20240408;100553;49.58;10;10059038780;S
20240408;100553;49.58;20;10059038781;S
20240408;100553;49.58;970;10059038782;B
20240408;100553;49.58;1000;10059038783;B
20240408;100553;49.58;30;10059038784;S
20240408;100553;49.58;1000;10059038785;B
20240408;100553;49.61;300;10059038786;B
20240408;100553;49.61;700;10059038787;B
20240408;100553;49.61;300;10059038788;B
20240408;100555;49.57;160;10059039509;S
20240408;100555;49.6;830;10059039553;B
20240408;100555;49.6;10;10059039567;B
20240408;100556;49.6;20;10059039615;B
20240408;100556;49.6;20;10059039776;B
20240408;100600;49.6;10;10059041193;B
20240408;100601;49.57;10;10059041444;S
20240408;100604;49.59;20;10059042095;B
20240408;100604;49.59;630;10059042096;B
20240408;100604;49.6;110;10059042097;B
20240408;100604;49.6;1000;10059042098;B
20240408;100604;49.6;460;10059042099;B
20240408;100604;49.61;170;10059042100;B
20240408;100604;49.61;610;10059042101;B
20240408;100606;49.57;130;10059042758;S
20240408;100606;49.57;400;10059042759;S
20240408;100606;49.57;630;10059042760;S
20240408;100606;49.56;1000;10059042761;S
20240408;100606;49.56;1000;10059042762;S
20240408;100606;49.56;60;10059042763;S
20240408;100606;49.55;1000;10059042764;S
20240408;100606;49.55;10;10059042765;S
20240408;100606;49.55;500;10059042766;S
20240408;100606;49.55;15270;10059042767;S
20240408;100606;49.55;70;10059042807;S
20240408;100609;49.55;4660;10059043631;S
20240408;100609;49.55;340;10059043632;S
20240408;100609;49.55;1500;10059043685;S
20240408;100610;49.55;10;10059043775;S
20240408;100610;49.55;1150;10059043840;S
20240408;100610;49.55;5000;10059043841;S
20240408;100610;49.55;470;10059043842;S
20240408;100610;49.55;500;10059043843;S
20240408;100610;49.54;100;10059043844;S
20240408;100610;49.54;1000;10059043845;S
20240408;100610;49.54;200;10059043846;S
20240408;100610;49.54;640;10059043847;S
20240408;100610;49.53;950;10059043848;S
20240408;100610;49.56;50;10059043949;S
20240408;100610;49.56;1000;10059043981;S
20240408;100611;49.57;960;10059044095;B
20240408;100611;49.57;10;10059044153;B
20240408;100611;49.56;40;10059044269;S
20240408;100611;49.57;30;10059044304;B
20240408;100611;49.57;120;10059044305;B
20240408;100613;49.57;10;10059044784;B
20240408;100614;49.56;960;10059045199;S
20240408;100614;49.54;520;10059045200;S
20240408;100616;49.53;10;10059045674;S
20240408;100617;49.56;30;10059045916;B
20240408;100617;49.56;970;10059045943;B
20240408;100617;49.56;30;10059045944;B
20240408;100617;49.56;200;10059045985;B
20240408;100618;49.56;10;10059046156;B
20240408;100619;49.56;790;10059046278;B
20240408;100619;49.57;340;10059046279;B
20240408;100619;49.57;1000;10059046280;B
20240408;100619;49.57;7870;10059046281;B
20240408;100619;49.53;40;10059046399;S
20240408;100620;49.57;1000;10059046541;B
20240408;100623;49.57;10;10059047214;B
20240408;100625;49.57;10;10059047715;B
20240408;100625;49.57;40;10059047933;B
20240408;100626;49.57;20;10059048005;B
20240408;100626;49.57;300;10059048040;B
20240408;100626;49.57;10;10059048071;B
20240408;100626;49.56;100;10059048077;S
20240408;100626;49.55;10;10059048122;S
20240408;100626;49.54;10;10059048123;S
20240408;100627;49.54;610;10059048363;S
20240408;100627;49.53;390;10059048364;S
20240408;100629;49.56;3000;10059048945;B
20240408;100630;49.56;10;10059049039;B
20240408;100632;49.56;40;10059049523;B
20240408;100634;49.56;1100;10059050014;B
20240408;100635;49.54;100;10059050046;S
20240408;100635;49.54;100;10059050047;B
20240408;100635;49.53;250;10059050056;S
20240408;100635;49.53;100;10059050135;S
20240408;100635;49.53;70;10059050136;S
20240408;100635;49.52;10;10059050165;S
20240408;100636;49.52;1410;10059050315;S
20240408;100636;49.52;20;10059050316;S
20240408;100636;49.51;1000;10059050317;S
20240408;100636;49.51;200;10059050318;S
20240408;100636;49.51;200;10059050319;S
20240408;100636;49.51;360;10059050320;S
20240408;100636;49.51;40;10059050321;S
20240408;100636;49.51;660;10059050322;S
20240408;100636;49.5;790;10059050323;S
20240408;100636;49.5;1000;10059050324;S
20240408;100636;49.5;800;10059050325;S
20240408;100636;49.5;100;10059050326;S
20240408;100636;49.5;3320;10059050327;S
20240408;100636;49.51;20;10059050341;S
20240408;100636;49.51;620;10059050342;S
20240408;100636;49.5;290;10059050343;S
20240408;100637;49.5;830;10059050650;S
20240408;100637;49.5;5000;10059050651;S
20240408;100637;49.5;10;10059050652;S
20240408;100637;49.5;860;10059050653;S
20240408;100638;49.5;140;10059050897;S
20240408;100638;49.5;30;10059050898;S
20240408;100638;49.5;30;10059050899;S
20240408;100638;49.53;1420;10059050937;B
20240408;100638;49.53;1000;10059050938;B
20240408;100638;49.54;15580;10059050939;B
20240408;100639;49.53;200;10059050982;B
20240408;100639;49.5;970;10059051073;S
20240408;100639;49.5;10;10059051074;S
20240408;100639;49.5;10;10059051075;S
20240408;100639;49.5;800;10059051076;S
20240408;100639;49.5;10;10059051077;S
20240408;100639;49.5;10;10059051078;S
20240408;100639;49.5;60;10059051079;S
20240408;100639;49.5;470;10059051080;S
20240408;100639;49.5;10;10059051081;S
20240408;100639;49.5;630;10059051082;S
20240408;100639;49.5;1000;10059051083;S
20240408;100639;49.49;1000;10059051084;S
20240408;100639;49.48;1000;10059051085;S
20240408;100639;49.48;400;10059051086;S
20240408;100639;49.48;1000;10059051087;S
20240408;100639;49.48;480;10059051088;S
20240408;100639;49.48;4000;10059051089;S
20240408;100639;49.47;2000;10059051090;S
20240408;100639;49.47;1000;10059051091;S
20240408;100639;49.47;2000;10059051092;S
20240408;100639;49.47;2500;10059051093;S
20240408;100639;49.46;1000;10059051094;S
20240408;100639;49.46;10;10059051095;S
20240408;100639;49.46;2500;10059051096;S
20240408;100639;49.46;200;10059051097;S
20240408;100639;49.46;1000;10059051098;S
20240408;100639;49.46;3140;10059051099;S
20240408;100639;49.52;1000;10059051100;B
20240408;100639;49.52;40;10059051231;S
20240408;100640;49.52;20;10059051436;S
20240408;100640;49.52;70;10059051437;S
20240408;100640;49.52;200;10059051447;S
20240408;100640;49.53;20;10059051495;B
20240408;100640;49.52;210;10059051508;S
20240408;100640;49.52;300;10059051527;S
20240408;100641;49.53;100;10059051776;B
20240408;100642;49.53;20;10059052001;B
20240408;100643;49.52;100;10059052324;S
20240408;100644;49.52;10;10059052721;S
20240408;100646;49.52;10;10059053253;S
20240408;100646;49.53;10;10059053254;B
20240408;100646;49.52;30;10059053287;S
20240408;100646;49.53;20;10059053343;B
20240408;100646;49.53;500;10059053394;B
20240408;100647;49.52;10;10059053491;S
20240408;100647;49.5;20;10059053492;S
20240408;100647;49.5;70;10059053493;S
20240408;100648;49.5;770;10059053858;S
20240408;100648;49.5;10;10059053859;S
20240408;100648;49.49;1000;10059053860;S
20240408;100648;49.48;1000;10059053861;S
20240408;100648;49.48;200;10059053862;S
20240408;100648;49.47;440;10059053863;S
20240408;100648;49.51;10;10059053877;B
20240408;100648;49.5;440;10059053878;B
20240408;100650;49.5;50;10059054281;S
20240408;100650;49.51;10;10059054308;B
20240408;100650;49.5;10;10059054407;S
20240408;100651;49.5;320;10059054596;S
20240408;100652;49.51;300;10059054862;B
20240408;100652;49.5;1180;10059054985;S
20240408;100652;49.5;1000;10059054986;S
20240408;100652;49.5;2000;10059054987;S
20240408;100652;49.5;620;10059054988;S
20240408;100652;49.47;560;10059054989;S
20240408;100652;49.46;6860;10059054990;S
20240408;100652;49.46;1000;10059054991;S
20240408;100652;49.46;1020;10059054992;S
20240408;100652;49.45;6020;10059054993;S
20240408;100653;49.5;30;10059055041;B
20240408;100654;49.46;40;10059055190;S
20240408;100654;49.45;960;10059055191;S
20240408;100654;49.5;30;10059055222;B
20240408;100654;49.45;5000;10059055320;S
20240408;100654;49.5;30;10059055476;B
20240408;100655;49.5;40;10059055513;B
20240408;100655;49.5;30;10059055520;B
20240408;100655;49.46;10;10059055618;S
20240408;100655;49.46;640;10059055619;S
20240408;100655;49.45;880;10059055620;S
20240408;100656;49.45;10280;10059055944;S
20240408;100657;49.5;30;10059056049;B
20240408;100658;49.46;100;10059056303;S
20240408;100658;49.46;50;10059056304;S
20240408;100659;49.5;500;10059056511;B
20240408;100703;49.46;10;10059057496;S
20240408;100703;49.47;40;10059057513;S
20240408;100703;49.5;310;10059057529;B
20240408;100703;49.5;470;10059057530;B
20240408;100703;49.5;220;10059057531;B
20240408;100703;49.5;300;10059057556;B
20240408;100703;49.48;1420;10059057645;S
20240408;100703;49.48;660;10059057646;S
20240408;100703;49.47;460;10059057647;S
20240408;100703;49.46;490;10059057648;S
20240408;100703;49.46;1000;10059057649;S
20240408;100703;49.46;470;10059057650;S
20240408;100703;49.45;18500;10059057651;S
20240408;100704;49.49;100;10059057954;B
20240408;100705;49.49;10;10059058254;B
20240408;100706;49.46;100;10059058406;S
20240408;100707;49.49;100;10059058590;B
20240408;100707;49.46;100;10059058641;S
20240408;100707;49.49;30;10059058650;B
20240408;100708;49.48;1000;10059058757;B
20240408;100708;49.49;230;10059058758;B
20240408;100708;49.49;1000;10059058759;B
20240408;100708;49.49;670;10059058760;B
20240408;100708;49.49;1420;10059058761;B
20240408;100708;49.5;4020;10059058762;B
20240408;100708;49.5;1000;10059058763;B
20240408;100708;49.5;940;10059058764;B
20240408;100708;49.46;10;10059058769;S
20240408;100708;49.46;20;10059058770;S
20240408;100708;49.49;200;10059058807;B
20240408;100709;49.49;100;10059059108;B
20240408;100711;49.46;70;10059059515;S
20240408;100711;49.49;10;10059059516;B
20240408;100711;49.47;300;10059059744;B
20240408;100713;49.46;180;10059060058;S
20240408;100714;49.47;1590;10059060528;B
20240408;100715;49.46;670;10059060798;S
20240408;100715;49.46;200;10059060799;B
20240408;100716;49.46;800;10059060900;B
20240408;100716;49.46;1000;10059060901;B
20240408;100716;49.46;2000;10059060902;B
20240408;100716;49.46;330;10059060903;B
20240408;100716;49.47;110;10059060904;B
20240408;100716;49.47;670;10059060905;B
20240408;100716;49.49;100;10059060906;B
20240408;100717;49.49;50;10059061164;B
20240408;100718;49.47;150;10059061338;S
20240408;100718;49.47;240;10059061412;S
20240408;100718;49.47;500;10059061413;S
20240408;100718;49.46;100;10059061414;S
20240408;100718;49.46;680;10059061415;S
20240408;100718;49.45;480;10059061416;S
20240408;100719;49.49;80;10059061709;B
20240408;100719;49.46;10;10059061756;S
20240408;100722;49.49;300;10059062357;B
20240408;100723;49.46;150;10059062542;S
20240408;100725;49.46;100;10059063079;S
20240408;100725;49.49;100;10059063139;B
20240408;100725;49.5;480;10059063140;B
20240408;100726;49.46;20;10059063242;S
20240408;100726;49.5;20;10059063296;B
20240408;100727;49.5;300;10059063513;B
20240408;100727;49.46;220;10059063653;S
20240408;100727;49.46;680;10059063654;S
20240408;100727;49.46;2000;10059063655;S
20240408;100727;49.45;1920;10059063656;S
20240408;100728;49.45;40;10059063755;S
20240408;100730;49.45;20;10059064272;S
20240408;100730;49.45;20;10059064278;S
20240408;100730;49.45;40;10059064410;S
20240408;100731;49.49;1200;10059064648;B
20240408;100734;49.45;40;10059065202;S
20240408;100735;49.45;2300;10059065453;S
20240408;100735;49.45;1750;10059065459;S
20240408;100735;49.45;1750;10059065460;S
20240408;100735;49.45;100;10059065461;S
20240408;100735;49.45;1650;10059065462;S
20240408;100737;49.46;9000;10059065924;B
20240408;100737;49.49;200;10059066074;B
20240408;100738;49.49;100;10059066387;B
20240408;100738;49.47;720;10059066454;S
20240408;100738;49.47;360;10059066455;S
20240408;100738;49.46;5920;10059066456;S
20240408;100740;49.46;1440;10059066887;S
20240408;100741;49.49;10;10059067066;B
20240408;100742;49.46;3180;10059067331;S
20240408;100743;49.46;10;10059067542;S
20240408;100744;49.49;10;10059067726;B
20240408;100746;49.46;4610;10059068317;S
20240408;100747;49.46;400;10059068472;S
20240408;100748;49.49;10;10059068644;B
20240408;100748;49.49;100;10059068675;B
20240408;100751;49.46;1500;10059069127;S
20240408;100751;49.46;10;10059069267;S
20240408;100754;49.46;30;10059069900;S
20240408;100758;49.49;370;10059070798;B
20240408;100758;49.49;630;10059070799;B
20240408;100759;49.49;370;10059070937;B
20240408;100759;49.5;60;10059070938;B
20240408;100759;49.46;20;10059071172;S
20240408;100800;49.46;10;10059071323;S
20240408;100801;49.5;20;10059071552;B
20240408;100804;49.49;40;10059072506;B
20240408;100805;49.46;1830;10059072639;S
20240408;100805;49.47;10;10059072744;S
20240408;100806;49.5;10;10059072776;B
20240408;100806;49.5;30;10059072917;B
20240408;100808;49.47;1000;10059073140;S
20240408;100808;49.5;300;10059073255;B
20240408;100809;49.49;10;10059073606;S
20240408;100810;49.5;10130;10059073613;B
20240408;100810;49.5;100;10059073814;B
20240408;100816;49.49;30;10059075026;S
20240408;100817;49.5;9500;10059075207;B
20240408;100818;49.5;10;10059075367;B
20240408;100819;49.5;10;10059075515;B
20240408;100819;49.49;5000;10059075653;S
20240408;100821;49.5;300;10059076309;B
20240408;100822;49.49;200;10059076385;S
20240408;100824;49.5;20;10059076715;B
20240408;100824;49.5;10;10059076883;B
20240408;100825;49.49;40;10059077078;S
20240408;100825;49.49;10;10059077105;S
20240408;100826;49.5;500;10059077372;B
20240408;100827;49.5;7260;10059077515;B
20240408;100827;49.5;20;10059077516;B
20240408;100827;49.5;5680;10059077517;B
20240408;100827;49.5;1500;10059077518;B
20240408;100827;49.5;230;10059077519;B
20240408;100827;49.5;400;10059077520;B
20240408;100827;49.5;11340;10059077521;B
20240408;100827;49.5;50;10059077522;B
20240408;100827;49.5;90;10059077523;B
20240408;100827;49.5;1000;10059077524;B
20240408;100827;49.5;2430;10059077525;B
20240408;100827;49.5;10;10059077559;B
20240408;100827;49.5;40;10059077579;B
20240408;100827;49.5;460;10059077594;B
20240408;100829;49.5;10;10059077891;B
20240408;100829;49.49;20;10059077911;S
20240408;100830;49.49;20;10059078049;S
20240408;100831;49.49;10;10059078386;S
20240408;100833;49.49;4660;10059078671;S
20240408;100833;49.49;100;10059078672;S
20240408;100833;49.49;100;10059078673;S
20240408;100833;49.49;10;10059078674;S
20240408;100833;49.49;900;10059078675;S
20240408;100833;49.49;330;10059078676;S
20240408;100833;49.47;590;10059078677;S
20240408;100833;49.47;1420;10059078678;S
20240408;100833;49.47;1890;10059078679;S
20240408;100835;49.49;10;10059078968;B
20240408;100836;49.49;10;10059079292;B
20240408;100836;49.49;100;10059079419;B
20240408;100838;49.47;1420;10059079712;S
20240408;100838;49.47;910;10059079713;S
20240408;100838;49.46;1090;10059079714;S
20240408;100840;49.47;1420;10059080235;S
20240408;100840;49.46;950;10059080236;S
20240408;100840;49.46;1000;10059080237;S
20240408;100840;49.46;100;10059080238;S
20240408;100840;49.46;1530;10059080239;S
20240408;100841;49.49;40;10059080285;B
20240408;100841;49.5;160;10059080286;B
20240408;100841;49.5;840;10059080319;B
20240408;100841;49.5;200;10059080320;B
20240408;100841;49.5;1770;10059080321;B
20240408;100841;49.51;10;10059080337;B
20240408;100841;49.51;990;10059080367;B
20240408;100841;49.51;170;10059080368;B
20240408;100841;49.51;70;10059080369;B
20240408;100841;49.52;670;10059080370;B
20240408;100841;49.48;40;10059080415;S
20240408;100842;49.49;750;10059080618;B
20240408;100844;49.49;300;10059080965;S
20240408;100845;49.51;10;10059081118;B
20240408;100846;49.52;190;10059081408;B
20240408;100847;49.49;40;10059081572;S
20240408;100847;49.52;10;10059081618;B
20240408;100847;49.52;100;10059081626;B
20240408;100849;49.49;910;10059082046;S
20240408;100849;49.49;1420;10059082047;S
20240408;100849;49.48;1000;10059082048;S
20240408;100849;49.48;890;10059082049;S
20240408;100849;49.48;470;10059082050;S
20240408;100849;49.47;310;10059082051;S
20240408;100853;49.51;50;10059082693;B
20240408;100854;49.5;10;10059082863;S
20240408;100854;49.51;140;10059082969;B
20240408;100855;49.51;760;10059083008;B
20240408;100855;49.52;30;10059083009;B
20240408;100855;49.52;20000;10059083010;B
20240408;100855;49.52;100;10059083011;B
20240408;100855;49.52;20000;10059083012;B
20240408;100855;49.52;40;10059083013;B
20240408;100855;49.52;7270;10059083014;B
20240408;100855;49.53;330;10059083015;B
20240408;100855;49.53;10;10059083016;B
20240408;100855;49.53;10000;10059083017;B
20240408;100855;49.54;2220;10059083018;B
20240408;100855;49.54;1000;10059083019;B
20240408;100855;49.54;30000;10059083020;B
20240408;100855;49.54;100;10059083021;B
20240408;100855;49.54;700;10059083022;B
20240408;100856;49.55;500;10059083364;S
20240408;100858;49.56;10;10059083807;B
20240408;100859;49.56;20;10059083827;B
20240408;100859;49.57;1980;10059083828;B
20240408;100900;49.57;1100;10059084098;B
20240408;100901;49.56;500;10059084271;S
20240408;100901;49.57;30;10059084278;B
20240408;100902;49.57;130;10059084388;B
20240408;100902;49.58;1000;10059084389;B
20240408;100902;49.58;1000;10059084390;B
20240408;100902;49.58;470;10059084391;B
20240408;100902;49.58;910;10059084392;B
20240408;100902;49.59;100;10059084393;B
20240408;100902;49.59;200;10059084394;B
20240408;100902;49.6;500;10059084395;B
20240408;100902;49.6;1000;10059084396;B
20240408;100902;49.6;10;10059084397;B
20240408;100902;49.6;10000;10059084398;B
20240408;100902;49.6;2500;10059084399;B
20240408;100902;49.6;2150;10059084400;B
20240408;100902;49.61;20;10059084515;B
20240408;100902;49.62;300;10059084516;B
20240408;100903;49.62;350;10059084609;B
20240408;100905;49.62;10;10059085034;B
20240408;100906;49.61;100;10059085323;B
20240408;100906;49.62;340;10059085324;B
20240408;100906;49.62;4560;10059085325;B
20240408;100908;49.62;880;10059085677;B
20240408;100910;49.62;200;10059086066;B
20240408;100911;49.61;260;10059086301;S
20240408;100912;49.62;1620;10059086449;B
20240408;100912;49.62;900;10059086450;B
20240408;100912;49.63;200;10059086451;B
20240408;100912;49.63;1000;10059086452;B
20240408;100912;49.63;40;10059086453;B
20240408;100912;49.63;500;10059086454;B
20240408;100912;49.63;10;10059086455;B
20240408;100912;49.64;1130;10059086456;B
20240408;100912;49.64;500;10059086457;B
20240408;100912;49.64;9100;10059086458;B
20240408;100914;49.63;100;10059086894;B
20240408;100915;49.63;20;10059086999;B
20240408;100916;49.63;200;10059087119;B
20240408;100917;49.63;500;10059087373;B
20240408;100918;49.63;10;10059087677;B
20240408;100919;49.63;170;10059087839;B
20240408;100919;49.63;500;10059087840;B
20240408;100919;49.64;20900;10059087841;B
20240408;100919;49.64;1000;10059087842;B
20240408;100919;49.64;810;10059087843;B
20240408;100919;49.64;880;10059087907;B
20240408;100920;49.64;5000;10059088042;B
20240408;100920;49.65;10;10059088125;B
20240408;100920;49.63;10;10059088132;S
20240408;100920;49.61;20;10059088133;S
20240408;100920;49.65;20;10059088138;B
20240408;100921;49.65;1680;10059088314;B
20240408;100921;49.65;8320;10059088315;B
20240408;100921;49.61;300;10059088349;S
20240408;100922;49.65;10;10059088471;B
20240408;100922;49.65;1670;10059088494;B
20240408;100922;49.65;10;10059088495;B
20240408;100922;49.65;220;10059088496;B
20240408;100922;49.65;10;10059088608;B
20240408;100922;49.65;10;10059088624;B
20240408;100923;49.65;760;10059088842;B
20240408;100923;49.65;1000;10059088843;B
20240408;100923;49.65;500;10059088844;B
20240408;100923;49.65;240;10059088845;S
20240408;100924;49.64;160;10059088899;B
20240408;100927;49.64;100;10059089424;B
20240408;100927;49.62;100;10059089476;S
20240408;100927;49.64;10;10059089504;B
20240408;100929;49.64;230;10059089667;B
20240408;100929;49.65;1000;10059089668;B
20240408;100929;49.65;890;10059089669;B
20240408;100929;49.66;10;10059089670;B
20240408;100929;49.66;30;10059089671;B
20240408;100929;49.66;340;10059089672;B
20240408;100930;49.63;80;10059089880;S
20240408;100932;49.65;20;10059090368;B
20240408;100932;49.63;100;10059090464;S
20240408;100933;49.65;100;10059090545;B
20240408;100933;49.63;500;10059090547;S
20240408;100934;49.65;50;10059090870;B
20240408;100935;49.65;10;10059090905;B
20240408;100935;49.65;1300;10059091123;B
20240408;100936;49.65;20;10059091206;B
20240408;100936;49.65;500;10059091336;B
20240408;100940;49.65;10;10059092067;B
20240408;100940;49.65;10;10059092239;B
20240408;100943;49.64;10;10059092740;S
20240408;100944;49.64;1990;10059092850;S
20240408;100944;49.65;1500;10059092944;B
20240408;100944;49.66;110;10059092973;B
20240408;100945;49.66;70;10059093044;B
20240408;100945;49.64;50;10059093115;S
20240408;100945;49.66;10;10059093215;B
20240408;100948;49.66;20;10059093694;B
20240408;100949;49.66;40;10059093877;B
20240408;100949;49.66;750;10059093886;B
20240408;100949;49.66;1250;10059093887;B
20240408;100949;49.66;10;10059093888;B
20240408;100950;49.66;50;10059094061;B
20240408;100950;49.66;30;10059094084;B
20240408;100950;49.64;10;10059094150;S
20240408;100950;49.64;10;10059094226;S
20240408;100950;49.66;670;10059094228;B
20240408;100950;49.66;10;10059094233;B
20240408;100952;49.66;3510;10059094526;B
20240408;100952;49.65;10;10059094534;S
20240408;100953;49.65;80;10059094614;S
20240408;100956;49.66;20;10059095375;B
20240408;100956;49.66;10;10059095405;B
20240408;100957;49.64;30;10059095590;S
20240408;100958;49.65;890;10059095707;B
20240408;100958;49.66;10;10059095708;B
20240408;100959;49.66;2930;10059095809;B
20240408;100959;49.66;1000;10059095810;B
20240408;100959;49.66;260;10059095811;B
20240408;100959;49.67;20810;10059095812;B
20240408;100959;49.66;2000;10059095908;B
20240408;101001;49.66;30;10059096224;B
20240408;101001;49.64;40;10059096316;S
20240408;101001;49.66;10;10059096327;B
20240408;101002;49.66;10;10059096397;B
20240408;101002;49.66;5200;10059096500;B
20240408;101002;49.66;1000;10059096501;B
20240408;101002;49.67;1800;10059096502;B
20240408;101003;49.67;580;10059096716;B
20240408;101003;49.67;20;10059096749;B
20240408;101003;49.66;1000;10059096789;S
20240408;101003;49.65;1000;10059096790;S
20240408;101004;49.65;10;10059096944;S
20240408;101005;49.65;1000;10059097091;S
20240408;101008;49.66;40;10059097647;B
20240408;101009;49.66;10;10059097817;B
20240408;101009;49.67;2000;10059098033;B
20240408;101010;49.66;10;10059098106;S
20240408;101011;49.67;1420;10059098445;B
20240408;101013;49.67;1500;10059098833;B
20240408;101013;49.67;560;10059098863;B
20240408;101014;49.66;10;10059098928;S
20240408;101014;49.67;2580;10059098942;B
20240408;101014;49.67;400;10059098943;B
20240408;101014;49.67;100;10059098944;B
20240408;101014;49.67;1000;10059098945;B
20240408;101014;49.68;2000;10059098946;B
20240408;101014;49.68;100;10059098947;B
20240408;101014;49.68;80;10059098948;B
20240408;101014;49.68;200;10059098949;B
20240408;101014;49.68;900;10059098950;B
20240408;101014;49.69;50;10059098951;B
20240408;101014;49.69;30000;10059098952;B
20240408;101014;49.69;2000;10059098953;B
20240408;101014;49.69;860;10059098954;B
20240408;101014;49.69;100;10059098972;B
20240408;101014;49.69;100;10059098984;S
20240408;101014;49.7;610;10059099028;B
20240408;101015;49.7;20;10059099071;B
20240408;101015;49.7;20;10059099113;B
20240408;101016;49.7;350;10059099303;B
20240408;101016;49.7;10;10059099304;B
20240408;101016;49.69;50;10059099312;S
20240408;101016;49.69;110;10059099313;S
