<DATE>;<TIME>;<LAST>;<VOL>;<ID>;<OPER>
20240327;095957;40.59;30;9949983098;B
20240327;095957;40.59;450;9949983099;S
20240327;095957;40.59;20;9949983100;S
20240327;095957;40.59;20;9949983101;S
20240327;095957;40.59;500;9949983102;B
20240327;095957;40.59;40;9949983103;B
20240327;095957;40.59;100;9949983104;B
20240327;095957;40.59;150;9949983105;B
20240327;095957;40.59;50;9949983106;B
20240327;095957;40.59;30;9949983107;B
20240327;095957;40.59;2460;9949983108;B
20240327;095957;40.59;30;9949983109;B
20240327;095957;40.59;200;9949983110;B
20240327;095957;40.59;300;9949983111;B
20240327;095957;40.59;300;9949983112;B
20240327;095957;40.59;30;9949983113;B
20240327;095957;40.59;20;9949983114;B
20240327;095957;40.59;250;9949983115;B
20240327;095957;40.59;10;9949983116;B
20240327;095957;40.59;2440;9949983117;S
20240327;095957;40.59;2000;9949983118;B
20240327;095957;40.59;980;9949983119;S
20240327;095957;40.59;600;9949983120;B
20240327;095957;40.59;500;9949983121;S
20240327;095957;40.59;2000;9949983122;S
20240327;095957;40.59;10;9949983123;B
20240327;095957;40.59;10;9949983124;S
20240327;095957;40.59;500;9949983125;S
20240327;095957;40.59;1000;9949983126;B
20240327;095957;40.59;70;9949983127;B
20240327;095957;40.59;130;9949983128;B
20240327;095957;40.59;1500;9949983129;B
20240327;095957;40.59;500;9949983130;B
20240327;095957;40.59;600;9949983131;S
20240327;095957;40.59;30;9949983132;B
20240327;095957;40.59;1500;9949983133;B
20240327;095957;40.59;1120;9949983134;B
20240327;095957;40.59;100;9949983135;B
20240327;095957;40.59;10;9949983136;S
20240327;095957;40.59;50;9949983137;S
20240327;095957;40.59;10;9949983138;B
20240327;095957;40.59;10;9949983139;B
20240327;095957;40.59;900;9949983140;B
20240327;095957;40.59;30;9949983141;B
20240327;095957;40.59;10;9949983142;B
20240327;095957;40.59;20;9949983143;B
20240327;095957;40.59;30;9949983144;B
20240327;095957;40.59;40;9949983145;S
20240327;095957;40.59;70;9949983146;B
20240327;100000;40.59;570;9949984262;B
20240327;100000;40.59;10;9949984263;B
20240327;100000;40.6;100;9949984264;B
20240327;100000;40.6;300;9949984265;B
20240327;100000;40.6;70;9949984266;B
20240327;100000;40.61;700;9949984267;B
20240327;100001;40.63;60;9949984953;B
20240327;100001;40.62;10;9949985202;S
20240327;100002;40.62;10;9949986102;S
20240327;100004;40.62;10;9949987381;S
20240327;100004;40.63;10;9949987382;B
20240327;100004;40.63;10;9949987513;B
20240327;100004;40.63;20;9949987515;B
20240327;100004;40.64;10;9949987516;B
20240327;100004;40.64;10;9949987517;B
20240327;100004;40.64;60;9949987518;B
20240327;100004;40.63;150;9949987527;S
20240327;100004;40.62;10;9949987540;S
20240327;100005;40.63;50;9949987932;B
20240327;100005;40.64;10;9949987933;B
20240327;100005;40.64;20;9949987934;B
20240327;100005;40.65;50;9949987935;B
20240327;100005;40.65;30;9949987936;B
20240327;100005;40.65;30;9949987937;B
20240327;100005;40.65;30;9949987938;B
20240327;100005;40.65;780;9949987939;B
20240327;100005;40.62;40;9949987996;S
20240327;100005;40.65;30;9949988002;B
20240327;100006;40.66;10;9949988406;B
20240327;100006;40.66;10;9949988412;B
20240327;100006;40.63;20;9949988508;S
20240327;100006;40.66;10;9949988598;B
20240327;100006;40.66;70;9949989058;B
20240327;100006;40.66;20;9949989059;B
20240327;100006;40.66;80;9949989060;B
20240327;100006;40.66;70;9949989061;B
20240327;100006;40.66;10;9949989064;B
20240327;100006;40.66;200;9949989065;B
20240327;100006;40.66;10;9949989068;B
20240327;100006;40.66;1410;9949989072;B
20240327;100006;40.63;390;9949989100;S
20240327;100006;40.66;70;9949989124;B
20240327;100006;40.63;10;9949989138;S
20240327;100006;40.65;10;9949989140;B
20240327;100006;40.65;380;9949989141;B
20240327;100006;40.66;120;9949989142;B
20240327;100006;40.66;40;9949989155;B
20240327;100006;40.65;10;9949989157;B
20240327;100006;40.65;30;9949989490;S
20240327;100006;40.67;10;9949989504;B
20240327;100006;40.67;10;9949989507;B
20240327;100006;40.65;10;9949989828;S
20240327;100006;40.65;20;9949989831;S
20240327;100006;40.67;10;9949989836;B
20240327;100006;40.67;10;9949990205;B
20240327;100006;40.65;10;9949990206;S
20240327;100006;40.67;10;9949990207;B
20240327;100007;40.67;10;9949990673;B
20240327;100007;40.68;10;9949990674;B
20240327;100007;40.66;30;9949990679;S
20240327;100007;40.68;10;9949990709;B
20240327;100007;40.68;40;9949990813;B
20240327;100007;40.68;10;9949990996;B
20240327;100007;40.66;70;9949991145;S
20240327;100007;40.66;20;9949991146;S
20240327;100007;40.68;20;9949991437;B
20240327;100007;40.68;30;9949991507;B
20240327;100007;40.68;30;9949991574;B
20240327;100007;40.65;10;9949991602;S
20240327;100007;40.68;30;9949991610;B
20240327;100010;40.67;10;9949992656;B
20240327;100010;40.68;120;9949992657;B
20240327;100010;40.68;10;9949992702;B
20240327;100010;40.69;10;9949992703;B
20240327;100010;40.69;30;9949992704;B
20240327;100010;40.69;160;9949992705;B
20240327;100010;40.69;700;9949992706;B
20240327;100010;40.69;1470;9949992720;B
20240327;100010;40.69;90;9949992801;B
20240327;100010;40.67;10;9949992913;B
20240327;100010;40.69;130;9949992914;B
20240327;100011;40.69;50;9949993068;B
20240327;100012;40.67;10;9949993589;B
20240327;100012;40.69;30;9949993590;B
20240327;100012;40.69;1480;9949993593;B
20240327;100012;40.69;30;9949993613;B
20240327;100013;40.69;250;9949993678;B
20240327;100014;40.69;10;9949993990;B
20240327;100016;40.68;310;9949994601;B
20240327;100016;40.69;20;9949994602;B
20240327;100016;40.69;280;9949994603;B
20240327;100018;40.68;20;9949995047;B
20240327;100020;40.68;90;9949995473;B
20240327;100020;40.69;110;9949995474;B
20240327;100022;40.69;40;9949995771;B
20240327;100023;40.66;570;9949995945;S
20240327;100023;40.65;230;9949995946;S
20240327;100023;40.65;690;9949995965;S
20240327;100023;40.65;2470;9949995966;S
20240327;100023;40.65;80;9949995967;S
20240327;100023;40.64;2260;9949995968;S
20240327;100023;40.68;40;9949996085;B
20240327;100024;40.68;530;9949996106;B
20240327;100024;40.69;1920;9949996107;B
20240327;100024;40.66;10;9949996135;S
20240327;100024;40.68;10;9949996269;B
20240327;100024;40.69;190;9949996270;B
20240327;100033;40.68;30;9949998328;B
20240327;100033;40.68;510;9949998426;B
20240327;100039;40.64;570;9949999884;S
20240327;100039;40.64;1010;9949999885;S
20240327;100041;40.67;570;9950000304;B
20240327;100041;40.68;430;9950000305;B
20240327;100043;40.64;1460;9950000887;S
20240327;100043;40.64;4670;9950000888;S
20240327;100043;40.63;8850;9950000889;S
20240327;100043;40.63;570;9950000890;S
20240327;100043;40.62;30;9950000891;S
20240327;100043;40.61;630;9950000892;S
20240327;100043;40.6;10000;9950000893;S
20240327;100043;40.6;1380;9950000894;S
20240327;100044;40.65;10;9950001052;B
20240327;100045;40.65;10;9950001192;B
20240327;100049;40.61;10;9950002266;S
20240327;100052;40.64;250;9950003373;B
20240327;100052;40.64;100;9950003402;B
20240327;100052;40.64;500;9950003463;B
20240327;100054;40.64;100;9950004076;B
20240327;100056;40.61;10;9950004554;B
20240327;100056;40.64;330;9950004555;B
20240327;100056;40.59;2470;9950004556;S
20240327;100056;40.59;2530;9950004557;S
20240327;100056;40.6;100;9950004593;S
20240327;100057;40.64;20;9950004706;B
20240327;100100;40.65;10;9950005466;B
20240327;100100;40.63;10;9950005517;S
20240327;100101;40.63;300;9950005690;S
20240327;100102;40.63;690;9950005819;S
20240327;100102;40.63;310;9950005820;S
20240327;100104;40.63;10;9950006464;S
20240327;100108;40.65;10;9950007465;B
20240327;100109;40.63;20;9950007719;S
20240327;100110;40.63;660;9950008019;S
20240327;100110;40.63;1000;9950008020;S
20240327;100110;40.63;840;9950008021;S
20240327;100111;40.65;10;9950008126;B
20240327;100114;40.65;20;9950008769;B
20240327;100115;40.63;40;9950008999;S
20240327;100116;40.65;100;9950009102;B
20240327;100116;40.65;400;9950009110;B
20240327;100116;40.65;8850;9950009111;B
20240327;100117;40.66;40;9950009433;B
20240327;100119;40.66;10;9950009769;B
20240327;100121;40.66;10;9950010077;B
20240327;100126;40.66;10;9950011049;B
20240327;100133;40.66;10;9950012472;B
20240327;100134;40.66;1000;9950012674;B
20240327;100136;40.65;750;9950013046;S
20240327;100136;40.65;660;9950013047;S
20240327;100136;40.66;30;9950013206;B
20240327;100136;40.65;1000;9950013255;S
20240327;100136;40.65;1410;9950013298;S
20240327;100139;40.66;10;9950014081;B
20240327;100140;40.66;50;9950014267;B
20240327;100146;40.66;30;9950015639;B
20240327;100149;40.66;150;9950016296;B
20240327;100154;40.66;240;9950017193;B
20240327;100156;40.66;60;9950017563;B
20240327;100156;40.66;6000;9950017666;B
20240327;100157;40.65;510;9950017812;S
20240327;100200;40.66;50;9950018733;B
20240327;100203;40.66;1150;9950019536;B
20240327;100203;40.66;10;9950019537;B
20240327;100203;40.66;60;9950019538;B
20240327;100205;40.66;440;9950020081;B
20240327;100205;40.66;2560;9950020082;B
20240327;100205;40.66;10;9950020153;B
20240327;100206;40.66;2500;9950020266;B
20240327;100210;40.66;50;9950021049;B
20240327;100221;40.65;20;9950023034;S
20240327;100222;40.66;30;9950023309;B
20240327;100223;40.66;3000;9950023593;B
20240327;100225;40.66;500;9950023958;B
20240327;100228;40.65;20;9950024556;S
20240327;100231;40.65;520;9950025029;S
20240327;100231;40.65;200;9950025030;S
20240327;100231;40.65;280;9950025031;S
20240327;100234;40.65;50;9950025615;S
20240327;100237;40.65;20;9950026043;S
20240327;100239;40.66;50;9950026623;B
20240327;100239;40.67;320;9950026624;B
20240327;100239;40.67;1000;9950026625;B
20240327;100239;40.67;700;9950026626;B
20240327;100239;40.68;100;9950026627;B
20240327;100239;40.68;1160;9950026628;B
20240327;100242;40.65;650;9950027144;S
20240327;100242;40.64;350;9950027145;S
20240327;100243;40.67;30;9950027235;B
20240327;100248;40.67;10;9950028164;B
20240327;100249;40.65;20;9950028324;S
20240327;100249;40.64;570;9950028325;S
20240327;100249;40.64;430;9950028326;S
20240327;100250;40.63;120;9950028588;S
20240327;100250;40.63;1000;9950028589;S
20240327;100250;40.63;400;9950028590;S
20240327;100250;40.63;100;9950028591;S
20240327;100250;40.62;500;9950028592;S
20240327;100250;40.62;430;9950028593;S
20240327;100250;40.6;450;9950028594;S
20240327;100251;40.6;1710;9950028697;S
20240327;100251;40.59;570;9950028698;S
20240327;100251;40.59;430;9950028699;S
20240327;100251;40.59;2470;9950028700;S
20240327;100251;40.59;730;9950028701;S
20240327;100251;40.58;30;9950028702;S
20240327;100251;40.58;650;9950028703;S
20240327;100251;40.61;580;9950028706;B
20240327;100251;40.62;920;9950028707;B
20240327;100252;40.62;110;9950029050;B
20240327;100256;40.63;70;9950029837;B
20240327;100303;40.6;60;9950031222;S
20240327;100306;40.63;10;9950031714;B
20240327;100310;40.62;30;9950032581;S
20240327;100310;40.62;20;9950032654;B
20240327;100311;40.61;10;9950032809;S
20240327;100313;40.61;1000;9950033094;S
20240327;100313;40.62;20;9950033122;B
20240327;100313;40.63;30;9950033123;B
20240327;100313;40.63;450;9950033176;B
20240327;100313;40.63;20;9950033177;B
20240327;100313;40.63;410;9950033178;B
20240327;100313;40.64;1980;9950033179;B
20240327;100313;40.64;1000;9950033180;B
20240327;100313;40.65;1140;9950033181;B
20240327;100326;40.63;30;9950035740;S
20240327;100338;40.65;10;9950038285;B
20240327;100343;40.63;270;9950039233;S
20240327;100344;40.62;10;9950039453;S
20240327;100345;40.63;50;9950039609;B
20240327;100347;40.63;10;9950039939;B
20240327;100348;40.62;10;9950040178;S
20240327;100350;40.62;1000;9950040638;S
20240327;100352;40.63;60;9950040906;B
20240327;100353;40.62;2000;9950040951;S
20240327;100355;40.63;10;9950041310;B
20240327;100355;40.63;10;9950041311;B
20240327;100401;40.64;10;9950042474;B
20240327;100403;40.63;20;9950043112;S
20240327;100409;40.64;150;9950044205;B
20240327;100411;40.63;10;9950044718;S
20240327;100411;40.62;10;9950044751;S
20240327;100412;40.63;500;9950044904;B
20240327;100414;40.62;1970;9950045269;S
20240327;100420;40.62;10;9950046512;B
20240327;100423;40.61;430;9950047101;S
20240327;100423;40.61;570;9950047102;S
20240327;100425;40.61;10;9950047460;S
20240327;100430;40.62;1000;9950048402;B
20240327;100432;40.62;2020;9950048691;B
20240327;100432;40.62;410;9950048692;B
20240327;100432;40.62;2470;9950048693;B
20240327;100432;40.63;100;9950048694;B
20240327;100432;40.62;130;9950048733;B
20240327;100433;40.62;30;9950048804;B
20240327;100436;40.61;40;9950049376;S
20240327;100437;40.62;830;9950049472;B
20240327;100437;40.62;100;9950049596;B
20240327;100438;40.62;990;9950049679;B
20240327;100438;40.62;50;9950049731;B
20240327;100441;40.61;30;9950050847;S
20240327;100442;40.61;850;9950050949;S
20240327;100442;40.61;1000;9950050950;S
20240327;100442;40.61;100;9950050951;S
20240327;100442;40.61;80;9950050952;S
20240327;100442;40.6;940;9950050953;S
20240327;100442;40.6;900;9950050954;S
20240327;100442;40.6;150;9950050955;S
20240327;100442;40.6;570;9950050956;S
20240327;100442;40.6;30;9950050957;S
20240327;100442;40.6;10;9950050958;S
20240327;100442;40.6;410;9950050959;S
20240327;100442;40.59;850;9950050960;S
20240327;100442;40.58;110;9950050961;S
20240327;100443;40.58;240;9950051255;S
20240327;100443;40.58;40;9950051256;S
20240327;100443;40.58;10;9950051257;S
20240327;100443;40.58;30;9950051258;S
20240327;100443;40.58;180;9950051259;S
20240327;100447;40.58;80;9950051865;S
20240327;100447;40.61;10;9950051944;B
20240327;100452;40.61;570;9950052823;B
20240327;100452;40.61;2470;9950052824;B
20240327;100452;40.61;420;9950052825;B
20240327;100452;40.62;8860;9950052826;B
20240327;100452;40.62;1000;9950052827;B
20240327;100452;40.63;2390;9950052828;B
20240327;100452;40.63;500;9950052829;B
20240327;100452;40.64;850;9950052830;B
20240327;100452;40.64;200;9950052831;B
20240327;100452;40.64;2740;9950052832;B
20240327;100511;40.6;20;9950056416;S
20240327;100511;40.6;30;9950056461;B
20240327;100512;40.59;30;9950056627;S
20240327;100513;40.6;410;9950056716;B
20240327;100513;40.61;890;9950056717;B
20240327;100519;40.61;10;9950057702;S
20240327;100519;40.62;100;9950057751;B
20240327;100519;40.63;300;9950057782;B
20240327;100521;40.61;400;9950057989;S
20240327;100521;40.61;600;9950057990;S
20240327;100526;40.61;100;9950058954;S
20240327;100528;40.63;8560;9950059284;B
20240327;100528;40.63;60;9950059285;B
20240327;100528;40.63;410;9950059286;B
20240327;100528;40.64;200;9950059382;B
20240327;100528;40.65;180;9950059383;B
20240327;100530;40.65;800;9950059767;B
20240327;100533;40.65;20;9950060329;B
20240327;100533;40.65;30;9950060342;B
20240327;100533;40.65;3970;9950060376;B
20240327;100533;40.65;1000;9950060377;B
20240327;100533;40.65;5500;9950060378;B
20240327;100533;40.65;410;9950060379;B
20240327;100535;40.65;50;9950060708;S
20240327;100537;40.65;10;9950060988;S
20240327;100544;40.66;10;9950062631;B
20240327;100544;40.66;10;9950062632;B
20240327;100545;40.65;1000;9950062846;S
20240327;100545;40.66;10;9950062945;B
20240327;100545;40.66;20;9950062973;B
20240327;100549;40.66;8830;9950063776;B
20240327;100551;40.67;200;9950064130;B
20240327;100553;40.67;270;9950064370;B
20240327;100556;40.67;500;9950065022;B
20240327;100559;40.67;140;9950065499;B
20240327;100600;40.66;30;9950065762;S
20240327;100600;40.66;20;9950065763;S
20240327;100602;40.66;10;9950066176;S
20240327;100604;40.66;410;9950066615;S
20240327;100604;40.65;90;9950066616;S
20240327;100605;40.67;2200;9950066862;B
20240327;100611;40.65;1000;9950067993;S
20240327;100612;40.65;120;9950068280;S
20240327;100620;40.67;390;9950069909;B
20240327;100620;40.67;350;9950069944;B
20240327;100621;40.67;10;9950070062;B
20240327;100623;40.67;2450;9950070264;B
20240327;100626;40.66;250;9950070982;S
20240327;100628;40.66;1230;9950071396;S
20240327;100630;40.67;60;9950071759;B
20240327;100630;40.67;40;9950071760;B
20240327;100638;40.66;20;9950073100;S
20240327;100638;40.67;740;9950073125;B
20240327;100641;40.66;500;9950073544;S
20240327;100641;40.66;460;9950073545;S
20240327;100641;40.66;40;9950073546;S
20240327;100646;40.66;10;9950074268;S
20240327;100651;40.66;10;9950075117;S
20240327;100653;40.66;100;9950075448;S
20240327;100654;40.66;50;9950075581;S
20240327;100657;40.67;30;9950076115;B
20240327;100657;40.68;200;9950076116;B
20240327;100657;40.68;270;9950076117;B
20240327;100659;40.69;200;9950076387;B
20240327;100705;40.68;10;9950077574;S
20240327;100705;40.69;10;9950077682;B
20240327;100707;40.68;200;9950077996;S
20240327;100710;40.69;100;9950078718;B
20240327;100712;40.68;70;9950079019;S
20240327;100714;40.69;2150;9950079450;B
20240327;100714;40.69;1850;9950079451;B
20240327;100714;40.69;30;9950079452;B
20240327;100714;40.69;250;9950079453;B
20240327;100714;40.69;80;9950079454;B
20240327;100714;40.69;100;9950079455;B
20240327;100714;40.69;10;9950079456;B
20240327;100714;40.69;460;9950079457;B
20240327;100714;40.69;1460;9950079458;B
20240327;100714;40.69;370;9950079459;B
20240327;100714;40.7;10;9950079460;B
20240327;100714;40.7;10;9950079461;B
20240327;100714;40.7;90;9950079462;B
20240327;100714;40.7;20;9950079463;B
20240327;100714;40.7;3000;9950079464;B
20240327;100714;40.7;1250;9950079465;B
20240327;100714;40.7;600;9950079466;B
20240327;100714;40.7;600;9950079467;B
20240327;100714;40.7;1000;9950079468;B
20240327;100714;40.7;1660;9950079469;B
20240327;100715;40.68;20;9950079677;S
20240327;100715;40.68;1000;9950079697;S
20240327;100715;40.68;120;9950079869;S
20240327;100719;40.68;100;9950080632;S
20240327;100719;40.69;100;9950080633;B
20240327;100719;40.69;460;9950080634;B
20240327;100719;40.7;140;9950080635;B
20240327;100720;40.68;480;9950080682;S
20240327;100720;40.68;1030;9950080688;B
20240327;100720;40.68;50;9950080791;B
20240327;100727;40.68;500;9950081990;B
20240327;100728;40.67;30;9950082270;S
20240327;100730;40.68;2000;9950082529;B
20240327;100734;40.67;40;9950083173;S
20240327;100734;40.68;20;9950083274;B
20240327;100738;40.68;100;9950083836;B
20240327;100741;40.67;1000;9950084366;S
20240327;100743;40.68;580;9950084562;B
20240327;100743;40.68;10;9950084563;B
20240327;100743;40.68;10;9950084564;B
20240327;100743;40.69;460;9950084565;B
20240327;100743;40.7;4940;9950084566;B
20240327;100743;40.7;1500;9950084578;B
20240327;100743;40.7;60;9950084615;B
20240327;100743;40.67;50;9950084622;S
20240327;100744;40.7;200;9950084799;B
20240327;100746;40.7;100;9950085308;B
20240327;100748;40.67;200;9950085527;S
20240327;100750;40.7;50;9950085918;B
20240327;100750;40.67;300;9950085961;S
20240327;100751;40.67;60;9950086063;S
20240327;100753;40.67;320;9950086190;S
20240327;100753;40.66;570;9950086191;S
20240327;100753;40.66;110;9950086192;S
20240327;100758;40.7;190;9950086910;B
20240327;100758;40.7;100;9950086911;B
20240327;100758;40.7;2160;9950086912;B
20240327;100801;40.7;100;9950087342;B
20240327;100802;40.68;10;9950087477;S
20240327;100802;40.68;2000;9950087478;S
20240327;100802;40.67;470;9950087479;S
20240327;100802;40.67;1350;9950087480;S
20240327;100802;40.65;200;9950087481;S
20240327;100802;40.65;50;9950087482;S
20240327;100802;40.65;920;9950087483;S
20240327;100802;40.69;150;9950087509;B
20240327;100802;40.65;80;9950087578;S
20240327;100802;40.65;570;9950087579;S
20240327;100802;40.65;1350;9950087580;S
20240327;100803;40.64;20;9950087773;S
20240327;100809;40.64;60;9950088726;S
20240327;100810;40.69;10;9950088802;B
20240327;100811;40.63;1000;9950088846;S
20240327;100814;40.66;20;9950089336;B
20240327;100814;40.66;550;9950089374;B
20240327;100816;40.68;10;9950089565;B
20240327;100821;40.67;10;9950090364;B
20240327;100821;40.66;10;9950090451;S
20240327;100827;40.67;520;9950091330;B
20240327;100838;40.66;100;9950092972;S
20240327;100840;40.66;1000;9950093162;S
20240327;100845;40.66;140;9950093940;S
20240327;100845;40.67;300;9950093944;B
20240327;100848;40.67;3000;9950094282;B
20240327;100848;40.67;40;9950094283;B
20240327;100848;40.68;4990;9950094284;B
20240327;100848;40.68;50;9950094285;B
20240327;100848;40.68;600;9950094286;B
20240327;100848;40.68;490;9950094287;B
20240327;100848;40.69;410;9950094288;B
20240327;100848;40.69;420;9950094289;B
20240327;100849;40.69;170;9950094491;B
20240327;100850;40.66;300;9950094562;S
20240327;100856;40.69;40;9950095484;B
20240327;100857;40.66;10;9950095562;S
20240327;100906;40.66;1000;9950096995;S
20240327;100908;40.66;200;9950097169;S
20240327;100913;40.67;10;9950097904;B
20240327;100913;40.68;490;9950097905;B
20240327;100919;40.69;30;9950098686;B
20240327;100922;40.69;240;9950098989;B
20240327;100924;40.66;30;9950099234;S
20240327;100927;40.69;10;9950099674;B
20240327;100928;40.69;160;9950099755;B
20240327;100937;40.66;10;9950100917;S
20240327;100937;40.69;50;9950100931;B
20240327;100939;40.69;450;9950101183;B
20240327;100944;40.69;1320;9950101900;B
20240327;100944;40.69;5000;9950101901;B
20240327;100944;40.69;1000;9950101902;B
20240327;100944;40.7;4420;9950101903;B
20240327;100944;40.69;10;9950101918;B
20240327;100945;40.67;30;9950101963;S
20240327;100948;40.7;200;9950102487;B
20240327;100950;40.7;10;9950102676;B
20240327;100950;40.7;10;9950102754;B
20240327;100954;40.67;20;9950103413;S
20240327;100955;40.7;1840;9950103519;B
20240327;100956;40.69;90;9950103630;S
20240327;100958;40.69;310;9950103897;S
20240327;100958;40.69;190;9950103898;S
20240327;101002;40.7;1000;9950105086;B
20240327;101004;40.7;450;9950105321;B
20240327;101007;40.7;100;9950105794;B
20240327;101007;40.7;20;9950105796;B
20240327;101007;40.7;50;9950105797;B
20240327;101007;40.7;10;9950105798;B
20240327;101007;40.7;50;9950105799;B
20240327;101007;40.71;870;9950105800;B
20240327;101008;40.71;130;9950105853;B
20240327;101008;40.71;1120;9950105854;B
20240327;101008;40.71;500;9950105855;B
20240327;101008;40.71;4840;9950105856;B
20240327;101010;40.69;30;9950106299;B
20240327;101010;40.69;470;9950106388;B
20240327;101010;40.7;490;9950106389;B
20240327;101010;40.71;1240;9950106390;B
20240327;101011;40.71;10;9950106661;B
20240327;101011;40.7;30;9950106668;S
20240327;101012;40.67;170;9950106730;S
20240327;101012;40.67;100;9950106731;S
20240327;101012;40.67;200;9950106732;S
20240327;101026;40.7;40;9950108841;S
20240327;101030;40.7;30;9950109467;S
20240327;101030;40.71;10;9950109501;B
20240327;101032;40.71;10;9950109754;B
20240327;101036;40.71;3120;9950110452;B
20240327;101037;40.7;430;9950110554;S
20240327;101037;40.7;10;9950110555;S
20240327;101043;40.7;10;9950111825;B
20240327;101045;40.7;30;9950112163;B
20240327;101047;40.67;30;9950112493;S
20240327;101049;40.7;500;9950112829;B
20240327;101053;40.7;10;9950113512;B
20240327;101058;40.7;10;9950114414;B
20240327;101058;40.7;340;9950114415;B
20240327;101100;40.7;10;9950114745;S
20240327;101105;40.7;210;9950115671;S
20240327;101105;40.71;90;9950115685;B
20240327;101105;40.7;20;9950115726;S
20240327;101108;40.71;1000;9950116212;B
20240327;101109;40.7;10;9950116375;S
20240327;101111;40.71;1190;9950116567;B
20240327;101111;40.71;3000;9950116568;B
20240327;101111;40.71;490;9950116569;B
20240327;101111;40.71;2500;9950116570;B
20240327;101111;40.72;100;9950116571;B
20240327;101111;40.72;100;9950116572;B
20240327;101111;40.72;10;9950116573;B
20240327;101111;40.73;100;9950116574;B
20240327;101111;40.73;20;9950116575;B
20240327;101111;40.73;10;9950116576;B
20240327;101111;40.73;360;9950116577;B
20240327;101111;40.73;1360;9950116578;B
20240327;101111;40.73;1000;9950116579;B
20240327;101111;40.74;10;9950116580;B
20240327;101111;40.74;60;9950116581;B
20240327;101111;40.74;1000;9950116582;B
20240327;101111;40.74;80;9950116583;B
20240327;101111;40.74;9000;9950116584;B
20240327;101111;40.75;1000;9950116585;B
20240327;101111;40.75;300;9950116586;B
20240327;101111;40.75;200;9950116587;B
20240327;101111;40.75;20;9950116588;B
20240327;101111;40.75;1000;9950116589;B
20240327;101111;40.75;4180;9950116590;B
20240327;101111;40.75;720;9950116591;B
20240327;101111;40.76;100;9950116592;B
20240327;101111;40.76;2090;9950116593;B
20240327;101111;40.72;100;9950116623;S
20240327;101112;40.75;720;9950116701;B
20240327;101112;40.75;30;9950116702;B
20240327;101112;40.76;500;9950116703;B
20240327;101113;40.73;20;9950116840;S
20240327;101113;40.74;100;9950116841;B
20240327;101114;40.76;1000;9950117206;B
20240327;101135;40.75;10;9950120329;S
20240327;101136;40.76;10;9950120598;B
20240327;101137;40.75;60;9950120746;S
20240327;101137;40.74;1940;9950120747;S
20240327;101138;40.75;500;9950120891;B
20240327;101140;40.74;20;9950121093;S
20240327;101141;40.75;10;9950121245;B
20240327;101142;40.75;120;9950121505;B
20240327;101144;40.75;10;9950121949;B
20240327;101144;40.76;40;9950121950;B
20240327;101150;40.75;10;9950122822;B
20240327;101150;40.75;30;9950122823;B
20240327;101150;40.76;10;9950122881;B
20240327;101153;40.76;500;9950123361;B
20240327;101155;40.76;1000;9950123588;B
20240327;101156;40.76;200;9950123737;B
20240327;101159;40.76;2000;9950124053;B
20240327;101159;40.76;10;9950124054;B
20240327;101159;40.76;10;9950124055;B
20240327;101159;40.76;20;9950124056;B
20240327;101159;40.76;10;9950124057;B
20240327;101159;40.76;1000;9950124058;B
20240327;101159;40.76;1320;9950124059;B
20240327;101159;40.76;10;9950124065;B
20240327;101201;40.76;100;9950124297;B
20240327;101201;40.74;10;9950124390;S
20240327;101201;40.73;240;9950124391;S
20240327;101203;40.76;10;9950124655;B
20240327;101212;40.76;410;9950126064;B
20240327;101212;40.76;90;9950126065;B
20240327;101216;40.75;500;9950126558;S
20240327;101218;40.75;20;9950126811;S
20240327;101219;40.77;10;9950126942;B
20240327;101219;40.77;200;9950126945;B
20240327;101219;40.77;10;9950126946;B
20240327;101219;40.77;30;9950126947;B
20240327;101228;40.76;10;9950128240;B
20240327;101228;40.76;40;9950128304;B
20240327;101228;40.76;500;9950128305;B
20240327;101234;40.77;10;9950129345;B
20240327;101236;40.76;10;9950129763;S
20240327;101237;40.77;10;9950129955;B
20240327;101238;40.77;10;9950130146;B
20240327;101238;40.77;30;9950130147;B
20240327;101238;40.77;860;9950130148;B
20240327;101241;40.76;40;9950130560;S
20240327;101244;40.77;10;9950130897;B
20240327;101252;40.77;7930;9950132205;B
20240327;101252;40.77;50;9950132206;B
20240327;101252;40.77;600;9950132207;B
20240327;101252;40.77;1000;9950132208;B
20240327;101252;40.77;420;9950132209;B
20240327;101254;40.76;1060;9950132508;S
20240327;101254;40.76;940;9950132509;S
20240327;101258;40.76;40;9950133204;S
20240327;101259;40.76;1020;9950133486;S
20240327;101259;40.76;30;9950133487;S
20240327;101259;40.75;480;9950133488;S
20240327;101259;40.75;160;9950133489;S
20240327;101259;40.75;500;9950133490;S
20240327;101259;40.75;1570;9950133491;S
20240327;101259;40.73;330;9950133492;S
20240327;101259;40.72;80;9950133493;S
20240327;101259;40.72;1930;9950133494;S
20240327;101305;40.72;10;9950134465;S
20240327;101309;40.75;500;9950135216;B
20240327;101310;40.72;20;9950135249;S
20240327;101316;40.75;10;9950136041;B
20240327;101317;40.75;20;9950136341;B
20240327;101320;40.75;1400;9950136767;B
20240327;101320;40.75;100;9950136768;B
20240327;101320;40.75;20;9950136772;B
20240327;101321;40.75;140;9950136807;B
20240327;101327;40.75;30;9950137688;B
20240327;101329;40.76;10;9950137962;B
20240327;101334;40.76;50;9950138716;B
20240327;101335;40.75;20;9950138818;S
20240327;101335;40.76;20;9950138828;B
20240327;101341;40.76;10;9950139745;B
20240327;101344;40.75;10;9950140180;S
20240327;101344;40.76;110;9950140208;B
20240327;101347;40.76;600;9950140714;S
20240327;101347;40.75;400;9950140715;S
20240327;101354;40.75;10;9950141593;S
20240327;101355;40.76;10;9950141798;B
20240327;101355;40.76;10;9950141873;B
20240327;101356;40.75;1210;9950141966;S
20240327;101359;40.76;180;9950142355;B
20240327;101359;40.76;490;9950142356;B
20240327;101359;40.77;80;9950142357;B
20240327;101359;40.77;80;9950142358;B
20240327;101359;40.77;100;9950142359;B
20240327;101359;40.77;50;9950142360;B
20240327;101359;40.77;30;9950142361;B
20240327;101359;40.77;150;9950142362;B
20240327;101359;40.78;30;9950142363;B
20240327;101359;40.78;10;9950142364;B
20240327;101359;40.78;30;9950142365;B
20240327;101359;40.78;30;9950142366;B
20240327;101359;40.78;300;9950142367;B
20240327;101359;40.78;1000;9950142368;B
20240327;101359;40.78;2440;9950142369;B
20240327;101359;40.78;40;9950142374;B
20240327;101359;40.78;10;9950142379;B
20240327;101359;40.78;60;9950142380;B
20240327;101359;40.78;20;9950142428;B
20240327;101400;40.78;580;9950142431;B
20240327;101400;40.78;120;9950142432;B
20240327;101400;40.78;450;9950142492;B
20240327;101400;40.78;10;9950142493;B
20240327;101400;40.79;270;9950142494;B
20240327;101400;40.79;10;9950142495;B
20240327;101400;40.79;30;9950142496;B
20240327;101400;40.79;10;9950142497;B
20240327;101400;40.79;500;9950142498;B
20240327;101400;40.79;500;9950142499;B
20240327;101400;40.79;220;9950142500;B
20240327;101400;40.79;200;9950142506;B
20240327;101400;40.79;80;9950142539;B
20240327;101400;40.79;20;9950142540;B
20240327;101403;40.79;1300;9950142977;B
20240327;101405;40.78;20;9950143274;B
20240327;101405;40.78;480;9950143275;B
20240327;101405;40.79;30;9950143276;B
20240327;101405;40.79;270;9950143277;B
20240327;101406;40.8;30;9950143424;B
20240327;101406;40.8;10;9950143425;B
20240327;101406;40.8;60;9950143426;B
20240327;101406;40.8;1850;9950143536;B
20240327;101406;40.8;1000;9950143538;B
20240327;101406;40.77;10;9950143595;S
20240327;101407;40.77;10;9950143691;S
20240327;101408;40.8;10;9950143767;B
20240327;101408;40.77;30;9950143873;S
20240327;101417;40.79;800;9950145297;B
20240327;101419;40.78;20;9950145764;S
20240327;101421;40.78;30;9950146215;S
20240327;101422;40.79;20;9950146345;B
20240327;101423;40.78;10;9950146490;S
20240327;101427;40.79;1280;9950146886;B
20240327;101435;40.79;900;9950147890;B
20240327;101435;40.79;40;9950147891;B
20240327;101435;40.79;530;9950147892;B
20240327;101435;40.79;200;9950147893;B
20240327;101435;40.8;80;9950147894;B
20240327;101435;40.8;10;9950147895;B
20240327;101435;40.8;10;9950147896;B
20240327;101435;40.8;400;9950147897;B
20240327;101435;40.8;90;9950147898;B
20240327;101435;40.8;3000;9950147899;B
20240327;101435;40.8;50;9950147900;B
20240327;101435;40.8;10;9950147901;B
20240327;101435;40.8;790;9950147902;B
20240327;101435;40.8;10;9950147903;B
20240327;101435;40.8;13880;9950147904;B
20240327;101436;40.78;940;9950147970;S
20240327;101436;40.78;10;9950148064;B
20240327;101438;40.77;350;9950148396;S
20240327;101438;40.77;1650;9950148397;S
20240327;101440;40.78;190;9950148579;B
20240327;101442;40.78;240;9950148796;B
20240327;101444;40.75;20;9950149146;S
20240327;101446;40.78;10;9950149293;B
20240327;101451;40.78;610;9950149910;B
20240327;101451;40.78;50;9950149911;B
20240327;101451;40.78;510;9950149912;B
20240327;101451;40.79;50;9950149913;B
20240327;101453;40.79;20;9950150200;B
20240327;101453;40.79;50;9950150230;B
20240327;101455;40.75;400;9950150377;S
20240327;101455;40.79;400;9950150379;B
20240327;101458;40.79;50;9950150802;B
20240327;101458;40.75;20;9950150908;S
20240327;101507;40.79;30;9950152505;B
20240327;101509;40.79;10;9950152733;B
20240327;101510;40.79;10;9950152880;B
20240327;101512;40.75;10;9950153388;S
20240327;101513;40.75;10;9950153434;S
20240327;101518;40.75;10;9950154833;S
20240327;101519;40.75;10;9950154919;S
20240327;101519;40.75;10;9950154940;S
20240327;101519;40.75;10;9950155075;S
20240327;101521;40.75;10;9950155327;S
20240327;101522;40.75;10;9950155549;S
20240327;101523;40.75;10;9950155744;S
20240327;101523;40.75;10;9950155863;S
20240327;101525;40.79;20;9950156165;B
20240327;101527;40.75;10;9950156650;S
20240327;101528;40.75;10;9950156842;S
20240327;101528;40.79;770;9950156856;B
20240327;101528;40.79;4230;9950156857;B
20240327;101528;40.75;10;9950156977;S
20240327;101529;40.76;10;9950157031;S
20240327;101530;40.75;10;9950157248;S
20240327;101530;40.79;500;9950157315;B
20240327;101530;40.79;500;9950157330;B
20240327;101530;40.79;540;9950157331;B
20240327;101530;40.8;36120;9950157332;B
20240327;101530;40.8;60;9950157333;B
20240327;101530;40.8;10;9950157334;B
20240327;101530;40.8;100;9950157335;B
20240327;101530;40.8;490;9950157336;B
20240327;101530;40.8;20;9950157337;B
20240327;101530;40.8;20;9950157338;B
20240327;101530;40.8;40;9950157339;B
20240327;101530;40.81;30;9950157340;B
20240327;101530;40.81;10;9950157341;B
20240327;101530;40.81;10;9950157342;B
20240327;101530;40.82;10;9950157343;B
20240327;101530;40.82;10;9950157344;B
20240327;101530;40.82;1000;9950157345;B
20240327;101530;40.82;100;9950157346;B
20240327;101530;40.82;10000;9950157347;B
20240327;101530;40.82;10;9950157348;B
20240327;101530;40.83;20;9950157349;B
20240327;101530;40.83;10;9950157350;B
20240327;101530;40.83;1090;9950157351;B
20240327;101530;40.83;1000;9950157352;B
20240327;101530;40.83;2000;9950157353;B
20240327;101530;40.83;300;9950157354;B
20240327;101530;40.83;1000;9950157355;B
20240327;101530;40.83;1300;9950157356;B
20240327;101530;40.84;60;9950157357;B
20240327;101530;40.84;690;9950157358;B
20240327;101530;40.84;100;9950157359;B
20240327;101530;40.84;100;9950157360;B
20240327;101530;40.84;20;9950157361;B
20240327;101530;40.84;100;9950157362;B
20240327;101530;40.84;150;9950157363;B
20240327;101530;40.84;20000;9950157364;B
20240327;101530;40.84;500;9950157365;B
20240327;101530;40.84;100;9950157366;B
20240327;101530;40.84;10000;9950157367;B
20240327;101530;40.84;10000;9950157368;B
20240327;101530;40.84;1260;9950157369;B
20240327;101530;40.84;50;9950157370;B
20240327;101530;40.84;1000;9950157371;B
20240327;101530;40.85;100;9950157372;B
20240327;101530;40.85;39970;9950157373;B
20240327;101530;40.83;1000;9950157385;S
20240327;101530;40.82;800;9950157386;S
20240327;101530;40.82;200;9950157388;S
20240327;101530;40.84;10;9950157410;B
20240327;101530;40.82;1470;9950157420;S
20240327;101530;40.82;3750;9950157421;S
20240327;101530;40.81;570;9950157422;S
20240327;101530;40.81;1210;9950157423;S
20240327;101530;40.84;70;9950157486;B
20240327;101530;40.84;500;9950157489;B
20240327;101530;40.84;360;9950157490;B
20240327;101530;40.82;10;9950157510;S
20240327;101530;40.83;180;9950157531;B
20240327;101530;40.83;320;9950157533;B
20240327;101530;40.84;30;9950157534;B
20240327;101531;40.84;180;9950157594;B
20240327;101531;40.84;2000;9950157604;B
20240327;101531;40.82;10;9950157616;S
20240327;101531;40.84;10;9950157617;B
20240327;101531;40.84;210;9950157618;B
20240327;101531;40.85;30;9950157619;B
20240327;101531;40.85;1710;9950157624;B
20240327;101531;40.83;10;9950157638;S
20240327;101531;40.85;15330;9950157642;B
20240327;101531;40.83;350;9950157663;S
20240327;101531;40.83;10;9950157680;S
20240327;101531;40.85;100;9950157682;B
20240327;101531;40.83;10;9950157744;S
20240327;101532;40.83;10;9950157835;S
20240327;101532;40.83;10;9950157946;S
20240327;101533;40.83;10;9950158096;S
20240327;101533;40.83;10;9950158139;S
20240327;101534;40.83;10;9950158270;S
20240327;101534;40.83;10;9950158271;S
20240327;101534;40.83;30;9950158294;S
20240327;101534;40.83;10;9950158305;S
20240327;101535;40.83;50;9950158366;S
20240327;101535;40.83;10;9950158387;S
20240327;101536;40.82;10;9950158502;S
20240327;101536;40.83;20;9950158566;B
20240327;101536;40.83;190;9950158658;B
20240327;101537;40.82;10;9950158819;S
20240327;101537;40.81;10;9950158820;S
20240327;101539;40.82;10;9950159040;S
20240327;101541;40.83;190;9950159516;B
20240327;101541;40.83;550;9950159517;B
20240327;101542;40.83;100;9950159729;B
20240327;101543;40.83;200;9950159924;B
20240327;101543;40.83;700;9950159925;B
20240327;101543;40.84;900;9950159926;B
20240327;101544;40.83;1780;9950159991;S
20240327;101544;40.83;690;9950159992;S
20240327;101544;40.82;10;9950160109;S
20240327;101545;40.82;50;9950160123;S
20240327;101545;40.82;9900;9950160186;S
20240327;101545;40.81;100;9950160187;S
20240327;101546;40.8;10;9950160353;S
20240327;101547;40.8;20;9950160560;S
20240327;101547;40.8;10;9950160619;S
20240327;101547;40.83;10;9950160641;B
20240327;101547;40.83;680;9950160642;B
20240327;101547;40.83;2470;9950160643;B
20240327;101547;40.84;2100;9950160644;B
20240327;101547;40.84;30;9950160645;B
20240327;101547;40.84;710;9950160646;B
20240327;101547;40.84;10;9950160655;B
20240327;101548;40.8;10;9950160778;S
20240327;101549;40.84;280;9950160909;B
20240327;101549;40.84;1310;9950160910;B
20240327;101549;40.84;820;9950160911;B
20240327;101549;40.84;30;9950160912;B
20240327;101549;40.84;3000;9950160913;B
20240327;101549;40.84;560;9950160914;B
20240327;101549;40.84;10;9950160936;B
20240327;101549;40.84;490;9950160937;B
20240327;101550;40.81;10;9950161107;S
20240327;101550;40.84;300;9950161179;B
20240327;101551;40.81;1000;9950161308;S
20240327;101553;40.84;10;9950161657;B
20240327;101555;40.81;20;9950162133;S
20240327;101556;40.81;10;9950162147;S
20240327;101556;40.81;10;9950162291;S
20240327;101557;40.81;10;9950162426;S
20240327;101558;40.81;10;9950162638;S
20240327;101600;40.81;10;9950162972;S
20240327;101601;40.81;940;9950163277;S
20240327;101604;40.84;40;9950163824;B
20240327;101604;40.84;50;9950163825;B
20240327;101604;40.84;20;9950164076;B
20240327;101605;40.84;1310;9950164280;B
20240327;101605;40.84;300;9950164281;B
20240327;101606;40.84;1150;9950164723;S
20240327;101606;40.84;10;9950164758;S
20240327;101606;40.84;1000;9950164817;S
20240327;101608;40.85;870;9950165345;B
20240327;101609;40.85;160;9950165386;B
20240327;101611;40.84;10;9950165782;S
20240327;101614;40.85;20;9950166432;B
20240327;101614;40.85;10;9950166549;B
20240327;101615;40.85;10;9950166732;B
20240327;101618;40.84;100;9950167491;S
20240327;101619;40.85;800;9950167805;B
20240327;101621;40.84;10;9950168348;S
20240327;101621;40.84;10;9950168358;S
20240327;101624;40.85;500;9950168931;B
20240327;101625;40.85;10;9950169137;B
20240327;101628;40.85;30;9950169774;B
20240327;101628;40.84;3100;9950169810;S
20240327;101628;40.84;10;9950169924;B
20240327;101629;40.83;80;9950170169;S
20240327;101630;40.83;100;9950170413;S
20240327;101630;40.83;200;9950170414;S
20240327;101634;40.84;890;9950171477;B
20240327;101634;40.85;200;9950171478;B
20240327;101635;40.84;10;9950171598;B
20240327;101637;40.84;10;9950172127;B
20240327;101638;40.84;150;9950172532;B
20240327;101639;40.82;50;9950172622;S
20240327;101640;40.84;210;9950172993;B
20240327;101643;40.84;10;9950173656;B
20240327;101643;40.84;940;9950173660;B
20240327;101645;40.85;90;9950174011;B
20240327;101648;40.82;90;9950174413;S
20240327;101648;40.85;50;9950174483;B
20240327;101650;40.84;10;9950174777;B
20240327;101650;40.84;960;9950175043;B
20240327;101650;40.85;440;9950175044;B
20240327;101654;40.84;20;9950175782;B
20240327;101654;40.85;160;9950175783;B
20240327;101655;40.85;10;9950175897;B
20240327;101656;40.83;2470;9950176165;S
20240327;101656;40.82;850;9950176166;S
20240327;101656;40.84;50;9950176205;B
20240327;101656;40.84;1000;9950176228;B
20240327;101656;40.83;2470;9950176255;S
20240327;101658;40.82;30;9950176578;S
20240327;101658;40.83;10;9950176630;B
20240327;101659;40.82;30;9950176723;S
20240327;101659;40.82;50;9950176776;S
20240327;101659;40.82;100;9950176777;S
20240327;101659;40.82;110;9950176778;S
20240327;101659;40.82;30;9950176807;S
20240327;101659;40.82;30;9950176846;S
20240327;101659;40.83;10;9950176873;B
20240327;101701;40.82;30;9950177069;S
20240327;101701;40.82;30;9950177155;S
20240327;101701;40.82;30;9950177252;S
20240327;101702;40.82;30;9950177306;S
20240327;101702;40.83;160;9950177351;B
20240327;101702;40.82;30;9950177410;S
20240327;101703;40.83;3350;9950177661;B
20240327;101703;40.83;950;9950177662;B
20240327;101703;40.83;54000;9950177663;B
20240327;101703;40.83;2470;9950177664;B
20240327;101703;40.84;14690;9950177665;B
20240327;101703;40.85;36180;9950177666;B
20240327;101703;40.85;35000;9950177667;B
20240327;101703;40.85;20;9950177668;B
20240327;101703;40.85;10;9950177669;B
20240327;101703;40.85;10;9950177670;B
20240327;101703;40.85;320;9950177671;B
20240327;101703;40.85;30;9950177672;B
20240327;101703;40.85;500;9950177673;B
20240327;101703;40.85;20;9950177674;B
20240327;101703;40.85;30;9950177675;B
20240327;101703;40.85;10;9950177676;B
20240327;101703;40.85;100;9950177677;B
20240327;101703;40.85;10;9950177678;B
20240327;101703;40.85;10;9950177679;B
20240327;101703;40.85;5000;9950177680;B
20240327;101703;40.85;250;9950177681;B
20240327;101703;40.85;100;9950177682;B
20240327;101703;40.86;10;9950177683;B
20240327;101703;40.86;30;9950177684;B
20240327;101703;40.86;10;9950177685;B
20240327;101703;40.86;10;9950177686;B
20240327;101703;40.86;10;9950177687;B
20240327;101703;40.87;20;9950177688;B
20240327;101703;40.87;1200;9950177689;B
20240327;101703;40.87;2000;9950177690;B
20240327;101703;40.87;720;9950177691;B
20240327;101703;40.88;340;9950177692;B
20240327;101703;40.88;10;9950177693;B
20240327;101703;40.88;500;9950177694;B
20240327;101703;40.88;42080;9950177695;B
20240327;101703;40.87;40;9950177743;B
20240327;101703;40.87;10;9950177750;B
20240327;101703;40.87;370;9950177752;B
20240327;101704;40.84;20;9950178098;S
20240327;101705;40.86;10;9950178227;B
20240327;101705;40.84;10;9950178337;S
20240327;101705;40.86;20;9950178360;B
20240327;101706;40.86;10;9950178520;B
20240327;101706;40.86;810;9950178521;B
20240327;101706;40.84;220;9950178545;S
20240327;101708;40.84;40;9950179065;S
20240327;101711;40.87;130;9950179565;B
20240327;101712;40.87;10;9950179804;B
20240327;101712;40.85;10;9950179842;S
20240327;101712;40.84;40;9950179843;S
20240327;101715;40.86;130;9950180196;S
20240327;101715;40.86;30;9950180197;S
20240327;101715;40.85;940;9950180198;S
20240327;101715;40.85;130;9950180199;S
20240327;101716;40.86;180;9950180500;B
20240327;101717;40.86;30;9950180527;B
20240327;101723;40.85;2000;9950181594;S
20240327;101723;40.84;1000;9950181595;S
20240327;101723;40.84;500;9950181596;S
20240327;101723;40.84;940;9950181597;S
20240327;101723;40.84;560;9950181598;S
20240327;101724;40.86;160;9950181609;B
20240327;101724;40.86;10;9950181639;B
20240327;101724;40.86;30;9950181712;B
20240327;101726;40.83;100;9950181926;S
20240327;101728;40.85;270;9950182169;B
20240327;101728;40.82;10;9950182187;S
20240327;101728;40.82;10;9950182237;S
20240327;101728;40.85;80;9950182248;B
20240327;101729;40.82;30;9950182393;S
20240327;101732;40.86;290;9950183113;B
20240327;101732;40.85;50;9950183120;S
20240327;101734;40.86;50;9950183407;B
20240327;101735;40.85;510;9950183464;S
20240327;101736;40.86;790;9950183626;B
20240327;101736;40.86;950;9950183627;B
20240327;101736;40.87;20;9950183628;B
20240327;101736;40.87;330;9950183629;B
20240327;101736;40.87;2540;9950183630;B
20240327;101736;40.87;370;9950183631;B
20240327;101737;40.85;2100;9950183791;S
20240327;101738;40.87;140;9950184068;B
20240327;101738;40.88;57920;9950184069;B
20240327;101738;40.88;20880;9950184070;B
20240327;101738;40.88;10;9950184071;B
20240327;101738;40.88;10;9950184072;B
20240327;101738;40.88;100;9950184073;B
20240327;101738;40.88;1000;9950184074;B
20240327;101738;40.89;20;9950184075;B
20240327;101738;40.89;260;9950184076;B
20240327;101738;40.89;10;9950184077;B
20240327;101738;40.89;20000;9950184078;B
20240327;101738;40.89;500;9950184079;B
20240327;101738;40.89;3000;9950184080;B
20240327;101738;40.89;950;9950184081;B
20240327;101738;40.9;10;9950184082;B
20240327;101738;40.9;100;9950184083;B
20240327;101738;40.9;10;9950184084;B
20240327;101738;40.9;10;9950184085;B
20240327;101738;40.9;500;9950184086;B
20240327;101738;40.9;100;9950184087;B
20240327;101738;40.9;10;9950184088;B
20240327;101738;40.9;10750;9950184089;B
20240327;101740;40.89;10;9950184310;B
20240327;101741;40.89;2460;9950184413;B
20240327;101741;40.89;10;9950184414;B
20240327;101741;40.9;9250;9950184415;B
20240327;101741;40.9;3000;9950184416;B
20240327;101741;40.9;10;9950184417;B
20240327;101741;40.9;10;9950184418;B
20240327;101741;40.9;10;9950184419;B
20240327;101741;40.9;990;9950184420;B
20240327;101741;40.9;10;9950184421;B
20240327;101741;40.9;30;9950184422;B
20240327;101741;40.9;10;9950184423;B
20240327;101741;40.9;10;9950184424;B
20240327;101741;40.9;10;9950184425;B
20240327;101741;40.9;10;9950184426;B
20240327;101741;40.9;500;9950184427;B
20240327;101741;40.9;940;9950184428;B
20240327;101741;40.91;30;9950184429;B
20240327;101741;40.91;30;9950184430;B
20240327;101741;40.91;400;9950184431;B
20240327;101741;40.91;1000;9950184432;B
20240327;101741;40.92;10;9950184433;B
20240327;101741;40.92;10;9950184434;B
20240327;101741;40.92;140;9950184435;B
20240327;101741;40.92;10;9950184436;B
20240327;101741;40.92;10;9950184437;B
20240327;101741;40.92;19390;9950184438;B
20240327;101741;40.92;100;9950184439;B
20240327;101741;40.92;5000;9950184440;B
20240327;101741;40.92;100;9950184441;B
20240327;101741;40.92;80;9950184442;B
20240327;101741;40.92;630;9950184443;B
20240327;101741;40.9;400;9950184445;S
20240327;101741;40.91;10;9950184562;S
20240327;101741;40.91;10;9950184573;S
20240327;101741;40.91;480;9950184586;S
20240327;101741;40.9;2500;9950184600;S
20240327;101742;40.91;10;9950184650;B
20240327;101742;40.89;30;9950184655;S
20240327;101742;40.89;10;9950184750;S
20240327;101742;40.89;10;9950184752;S
20240327;101743;40.89;10;9950184896;S
20240327;101744;40.91;10;9950185079;B
20240327;101745;40.89;10;9950185157;S
20240327;101746;40.92;20;9950185268;B
20240327;101746;40.92;30;9950185269;B
20240327;101746;40.92;10;9950185270;B
20240327;101746;40.92;130;9950185271;B
20240327;101746;40.93;5000;9950185272;B
20240327;101746;40.93;1600;9950185273;B
20240327;101746;40.93;20;9950185274;B
20240327;101746;40.93;1500;9950185275;B
20240327;101746;40.93;1000;9950185276;B
20240327;101746;40.93;960;9950185277;B
20240327;101746;40.94;1000;9950185278;B
20240327;101746;40.94;500;9950185279;B
20240327;101746;40.94;60;9950185280;B
20240327;101746;40.94;300;9950185281;B
20240327;101746;40.94;200;9950185282;B
20240327;101746;40.94;50;9950185283;B
20240327;101746;40.95;150;9950185284;B
20240327;101746;40.95;40;9950185285;B
20240327;101746;40.95;2430;9950185286;B
20240327;101746;40.93;1500;9950185425;S
20240327;101747;40.94;10;9950185457;B
20240327;101747;40.91;700;9950185480;S
20240327;101747;40.91;1000;9950185481;S
20240327;101747;40.91;2300;9950185482;S
20240327;101747;40.91;200;9950185582;S
20240327;101747;40.92;50;9950185608;B
20240327;101747;40.94;20;9950185609;B
20240327;101747;40.9;170;9950185642;S
20240327;101748;40.94;10;9950185682;B
20240327;101748;40.9;500;9950185728;S
20240327;101750;40.9;10;9950186030;S
20240327;101750;40.9;20;9950186039;S
20240327;101750;40.9;500;9950186056;S
20240327;101751;40.94;10;9950186204;B
20240327;101752;40.94;10;9950186551;B
20240327;101754;40.93;10;9950186778;B
20240327;101754;40.94;760;9950186779;B
20240327;101754;40.94;1690;9950186798;B
20240327;101754;40.94;690;9950186799;B
20240327;101754;40.95;560;9950186800;B
20240327;101754;40.95;10000;9950186801;B
20240327;101754;40.95;1490;9950186802;B
20240327;101754;40.95;40;9950186803;B
20240327;101754;40.95;200;9950186804;B
20240327;101754;40.96;200;9950186805;B
20240327;101754;40.96;400;9950186806;B
20240327;101754;40.96;10;9950186807;B
20240327;101754;40.96;10;9950186808;B
20240327;101754;40.96;200;9950186809;B
20240327;101754;40.96;500;9950186810;B
20240327;101754;40.96;310;9950186811;B
20240327;101754;40.96;10;9950186812;B
20240327;101754;40.96;10;9950186813;B
20240327;101754;40.96;30;9950186814;B
20240327;101754;40.96;170;9950186815;B
20240327;101754;40.97;2000;9950186816;B
20240327;101754;40.97;20;9950186817;B
20240327;101754;40.97;100;9950186818;B
20240327;101754;40.97;440;9950186819;B
20240327;101754;40.97;1000;9950186820;B
20240327;101754;40.97;100;9950186821;B
20240327;101754;40.97;10;9950186822;B
20240327;101754;40.97;3040;9950186823;B
20240327;101754;40.98;20;9950186824;B
20240327;101754;40.98;30;9950186825;B
20240327;101754;40.98;10;9950186826;B
20240327;101754;40.98;10;9950186827;B
20240327;101754;40.98;150;9950186828;B
20240327;101754;40.98;120;9950186829;B
20240327;101754;40.98;10;9950186830;B
20240327;101754;40.98;100;9950186831;B
20240327;101754;40.98;1000;9950186832;B
20240327;101754;40.98;50;9950186833;B
20240327;101754;40.98;2400;9950186834;B
20240327;101754;40.98;10;9950186835;B
20240327;101754;40.98;100;9950186836;B
20240327;101754;40.98;10000;9950186837;B
20240327;101754;40.99;100;9950186838;B
20240327;101754;40.99;20;9950186839;B
20240327;101754;40.99;50;9950186840;B
20240327;101754;40.99;10;9950186841;B
20240327;101754;40.99;12000;9950186842;B
20240327;101754;40.99;1000;9950186843;B
20240327;101754;40.99;180;9950186844;B
20240327;101754;40.99;20;9950186845;B
20240327;101754;40.99;100;9950186846;B
20240327;101754;40.99;10;9950186847;B
20240327;101754;40.99;200;9950186848;B
20240327;101754;40.99;1500;9950186849;B
20240327;101754;41;2030;9950186850;B
20240327;101754;41;70;9950186851;B
20240327;101754;41;20;9950186852;B
20240327;101754;41;10;9950186853;B
20240327;101754;41;10;9950186854;B
20240327;101754;41;750;9950186855;B
20240327;101754;41;600;9950186856;B
20240327;101754;41;340;9950186857;B
20240327;101754;41;50;9950186858;B
20240327;101754;41;500;9950186859;B
20240327;101754;41;1000;9950186860;B
20240327;101754;41;10;9950186861;B
20240327;101754;41;2000;9950186862;B
20240327;101754;41;10;9950186863;B
20240327;101754;41;10;9950186864;B
20240327;101754;41;10;9950186865;B
20240327;101754;41;3400;9950186866;B
20240327;101754;41;10;9950186867;B
20240327;101754;41;10;9950186868;B
20240327;101754;41;170;9950186869;B
20240327;101754;41;100;9950186870;B
20240327;101754;41;10;9950186871;B
20240327;101754;41;1000;9950186872;B
20240327;101754;41;10;9950186873;B
20240327;101754;41;10;9950186874;B
20240327;101754;41;10;9950186875;B
20240327;101754;41;2100;9950186876;B
20240327;101754;41;300;9950186877;B
20240327;101754;41;50;9950186878;B
20240327;101754;41;10;9950186879;B
20240327;101754;41;3000;9950186880;B
20240327;101754;41;1000;9950186881;B
20240327;101754;41;110;9950186882;B
20240327;101754;41;60;9950186883;B
20240327;101754;41;10;9950186884;B
20240327;101754;41;5000;9950186885;B
20240327;101754;41;50;9950186886;B
20240327;101754;41;13890;9950186887;B
20240327;101754;41;40;9950186888;B
20240327;101754;41;10;9950186889;B
20240327;101754;41;120;9950186890;B
20240327;101754;41;1600;9950186891;B
20240327;101754;41;104000;9950186892;B
20240327;101754;41;350;9950186893;B
20240327;101754;41;2000;9950186894;B
20240327;101754;41;20;9950186895;B
20240327;101754;41;20;9950186896;B
20240327;101754;41;10;9950186897;B
20240327;101754;41;30;9950186898;B
20240327;101754;41;10;9950186899;B
20240327;101754;41;50;9950186900;B
20240327;101754;41;100;9950186901;B
20240327;101754;41;10;9950186902;B
20240327;101754;41;30;9950186903;B
20240327;101754;41;1440;9950186904;B
20240327;101754;40.92;10;9950186922;S
20240327;101754;40.94;200;9950186933;B
20240327;101754;40.98;2470;9950186934;B
20240327;101754;40.98;10;9950186935;B
20240327;101754;40.99;10;9950186936;B
20240327;101754;40.99;1790;9950186937;B
20240327;101754;41;1030;9950186938;B
20240327;101754;41;40;9950186939;B
20240327;101754;41;10;9950186940;B
20240327;101754;41;10;9950186941;B
20240327;101754;41;10;9950186942;B
20240327;101754;41;10000;9950186943;B
20240327;101754;41;10000;9950186944;B
20240327;101754;41;10000;9950186945;B
20240327;101754;41.01;60;9950186946;B
20240327;101754;41.01;100;9950186947;B
20240327;101754;41.01;10000;9950186948;B
20240327;101754;41.02;100;9950186949;B
20240327;101754;41.02;30;9950186950;B
20240327;101754;41.02;450;9950186951;B
20240327;101754;41.03;1500;9950186952;B
20240327;101754;41.03;40;9950186953;B
20240327;101754;41.03;10000;9950186954;B
20240327;101754;41.04;500;9950186955;B
20240327;101754;41.04;6000;9950186956;B
20240327;101754;41.04;60;9950186957;B
20240327;101754;41.04;500;9950186958;B
20240327;101754;41.04;500;9950186959;B
20240327;101754;41.04;1000;9950186960;B
20240327;101754;41.05;3820;9950186961;B
20240327;101754;40.99;2470;9950186962;B
20240327;101754;40.99;970;9950186963;B
20240327;101754;41.02;2000;9950186965;S
20240327;101754;41.01;1000;9950186967;S
20240327;101754;41.01;440;9950186968;S
20240327;101754;41.01;10;9950186970;S
20240327;101754;41.01;60;9950186971;S
20240327;101754;41.01;560;9950186972;S
20240327;101754;40.99;9440;9950186973;S
20240327;101754;40.97;2000;9950186977;S
20240327;101754;40.97;50;9950186992;S
20240327;101755;40.97;10;9950187006;S
20240327;101755;40.97;500;9950187008;S
20240327;101755;40.97;30;9950187013;S
20240327;101755;40.97;10;9950187014;S
20240327;101755;40.97;10;9950187016;S
20240327;101755;40.97;10;9950187017;S
20240327;101755;40.97;10;9950187020;S
20240327;101755;40.97;10;9950187021;S
20240327;101755;40.97;240;9950187022;S
20240327;101755;40.97;760;9950187030;S
20240327;101755;40.96;700;9950187031;S
20240327;101755;40.94;2000;9950187032;S
20240327;101755;40.94;2470;9950187033;S
20240327;101755;40.93;6470;9950187034;S
20240327;101755;40.94;10000;9950187049;S
20240327;101755;40.93;1020;9950187050;S
20240327;101755;40.92;10000;9950187051;S
20240327;101755;40.91;10000;9950187052;S
20240327;101755;40.9;10;9950187063;S
20240327;101755;40.88;610;9950187064;S
20240327;101755;40.9;2470;9950187111;B
20240327;101755;40.9;1040;9950187112;B
20240327;101755;40.91;1490;9950187113;B
20240327;101755;40.87;400;9950187122;S
20240327;101756;40.89;10;9950187203;B
20240327;101756;40.9;20;9950187204;B
20240327;101756;40.87;200;9950187210;S
20240327;101756;40.9;2450;9950187219;B
20240327;101756;40.9;1030;9950187220;B
20240327;101756;40.9;30;9950187221;B
20240327;101756;40.91;2670;9950187222;B
20240327;101757;40.9;100;9950187462;B
20240327;101759;40.9;20;9950187808;B
20240327;101759;40.9;10;9950187812;B
20240327;101801;40.88;30;9950188184;S
20240327;101801;40.88;250;9950188197;S
20240327;101801;40.88;1250;9950188205;S
20240327;101803;40.9;10;9950188415;B
20240327;101807;40.88;30;9950188883;S
20240327;101807;40.9;2330;9950188964;B
20240327;101807;40.9;20;9950188965;B
20240327;101808;40.91;2000;9950189146;B
20240327;101809;40.9;10;9950189257;S
20240327;101810;40.91;7000;9950189406;B
20240327;101810;40.91;7000;9950189441;B
20240327;101811;40.91;15000;9950189480;B
20240327;101811;40.91;910;9950189482;B
20240327;101811;40.9;140;9950189595;S
20240327;101811;40.9;2000;9950189596;S
20240327;101811;40.9;2860;9950189597;S
20240327;101812;40.91;41910;9950189705;B
20240327;101812;40.93;5000;9950189706;B
20240327;101812;40.93;280;9950189707;B
20240327;101812;40.93;1000;9950189708;B
20240327;101812;40.93;1000;9950189709;B
20240327;101814;40.94;2000;9950189854;S
20240327;101814;40.93;2470;9950189855;S
20240327;101814;40.92;5530;9950189856;S
20240327;101815;40.95;50;9950190049;B
20240327;101815;40.95;10;9950190050;B
20240327;101815;40.95;20;9950190051;B
20240327;101815;40.96;20;9950190052;B
20240327;101815;40.96;20;9950190053;B
20240327;101815;40.96;80;9950190054;B
20240327;101815;40.97;20;9950190055;B
20240327;101815;40.97;160;9950190056;B
20240327;101817;40.98;40;9950190317;B
20240327;101817;40.98;20;9950190318;B
20240327;101817;40.98;1510;9950190319;B
20240327;101817;40.98;10;9950190320;B
20240327;101817;40.98;420;9950190321;B
20240327;101818;40.97;10;9950190416;S
20240327;101818;40.98;40;9950190472;B
20240327;101819;40.98;340;9950190527;B
20240327;101819;40.98;19660;9950190528;B
20240327;101820;40.98;150;9950190668;B
20240327;101820;40.97;40;9950190766;S
20240327;101820;40.98;280;9950190768;B
20240327;101820;40.98;1200;9950190769;B
20240327;101820;40.98;1150;9950190770;B
20240327;101820;40.98;20;9950190771;B
20240327;101820;40.98;10;9950190772;B
20240327;101820;40.99;38220;9950190773;B
20240327;101821;40.98;10;9950190882;S
20240327;101822;40.98;10;9950190937;S
20240327;101822;40.99;200;9950191035;B
20240327;101822;40.98;10;9950191038;S
20240327;101823;40.99;50;9950191166;B
20240327;101824;40.98;850;9950191261;S
20240327;101825;40.99;1090;9950191334;B
20240327;101825;40.99;910;9950191335;B
20240327;101826;40.99;24090;9950191575;B
20240327;101826;40.99;1000;9950191576;B
20240327;101826;40.99;10;9950191577;B
20240327;101826;40.99;500;9950191578;B
20240327;101826;41;10;9950191579;B
20240327;101826;41;500;9950191580;B
20240327;101826;41;10;9950191581;B
20240327;101826;41;10;9950191582;B
20240327;101826;41;10;9950191583;B
20240327;101826;41;10000;9950191584;B
20240327;101826;41;500;9950191585;B
20240327;101826;41;60;9950191586;B
20240327;101826;41;3480;9950191587;B
20240327;101826;41;16520;9950191588;B
20240327;101826;41;10;9950191589;B
20240327;101826;41;2600;9950191590;B
20240327;101826;41;30;9950191591;B
20240327;101826;41;40;9950191592;B
20240327;101826;41;60;9950191593;B
20240327;101826;41;10;9950191594;B
20240327;101826;41;40;9950191595;B
20240327;101826;41;30;9950191596;B
20240327;101826;41;10;9950191597;B
20240327;101826;41;40;9950191598;B
20240327;101826;41;10;9950191599;B
20240327;101826;41;300;9950191600;B
20240327;101826;41;10;9950191601;B
20240327;101826;41;10;9950191602;B
20240327;101826;41;10;9950191603;B
20240327;101826;41;10;9950191604;B
20240327;101826;41;100;9950191605;B
20240327;101826;41;30;9950191606;B
20240327;101826;41;10;9950191607;B
20240327;101826;41;1000;9950191608;B
20240327;101826;41;10;9950191609;B
20240327;101826;41;20;9950191610;B
20240327;101827;40.99;10;9950191681;B
20240327;101827;41;490;9950191682;B
20240327;101828;41;150;9950191909;B
20240327;101828;41;100;9950191910;B
20240327;101828;41;200;9950191911;B
20240327;101828;41;60;9950191912;B
20240327;101828;41;500;9950191913;B
20240327;101828;41;1520;9950191914;B
20240327;101828;41;20;9950191915;B
20240327;101828;41;30;9950191916;B
20240327;101828;41;10;9950191917;B
20240327;101828;41;10;9950191918;B
20240327;101828;41;10;9950191919;B
20240327;101828;41;10;9950191920;B
20240327;101828;41;10;9950191921;B
20240327;101828;41;300;9950191922;B
20240327;101828;41;50;9950191923;B
20240327;101828;41;190;9950191924;B
20240327;101828;41;20;9950191925;B
20240327;101828;41;10;9950191926;B
20240327;101828;41;40;9950191927;B
20240327;101828;41;300;9950191928;B
20240327;101828;41;50;9950191929;B
20240327;101828;41;1410;9950191930;B
20240327;101829;40.99;2470;9950191950;S
20240327;101829;40.99;1500;9950191951;S
20240327;101829;40.98;910;9950191952;S
20240327;101829;41;100;9950192061;B
20240327;101829;40.98;10;9950192166;S
20240327;101829;40.98;900;9950192167;S
20240327;101830;41;40;9950192202;B
20240327;101832;40.99;10;9950193045;B
20240327;101835;40.99;20;9950193410;B
20240327;101835;40.98;10;9950193449;S
20240327;101835;40.98;100;9950193450;S
20240327;101835;40.98;290;9950193451;S
20240327;101838;40.98;210;9950193809;S
20240327;101842;40.98;1720;9950194268;B
20240327;101842;40.98;50;9950194279;B
20240327;101842;40.97;30;9950194288;S
20240327;101843;40.97;30;9950194325;S
20240327;101843;40.98;3020;9950194352;B
20240327;101843;40.98;1000;9950194353;B
20240327;101843;40.98;290;9950194354;B
20240327;101843;40.99;2450;9950194355;B
20240327;101843;40.99;7000;9950194356;B
20240327;101843;41;3450;9950194357;B
20240327;101843;41;10;9950194358;B
20240327;101843;41;10000;9950194359;B
20240327;101843;41.01;10;9950194391;B
20240327;101843;41;2000;9950194421;S
20240327;101845;41;180;9950194555;S
20240327;101845;41;30;9950194560;S
20240327;101845;41;30;9950194561;S
20240327;101845;41;30;9950194562;S
20240327;101846;41;420;9950194625;S
20240327;101846;41;10;9950194626;S
20240327;101846;40.99;1070;9950194627;S
20240327;101846;40.98;1210;9950194628;S
20240327;101846;40.97;940;9950194629;S
20240327;101846;40.97;1000;9950194630;S
20240327;101846;40.97;930;9950194631;S
20240327;101846;40.97;750;9950194632;S
20240327;101846;40.96;2470;9950194687;B
20240327;101846;40.96;1080;9950194688;B
20240327;101846;40.96;350;9950194689;B
20240327;101846;40.97;13670;9950194690;B
20240327;101846;40.99;1210;9950194691;B
20240327;101846;41;9000;9950194692;B
20240327;101846;41;1000;9950194693;B
20240327;101846;41;10000;9950194694;B
20240327;101846;41.01;10;9950194788;B
20240327;101846;41.01;10;9950194789;B
20240327;101846;41.01;10;9950194790;B
20240327;101846;41.01;30;9950194791;B
20240327;101847;41;300;9950194876;S
20240327;101848;41;40;9950194946;S
20240327;101849;41.01;370;9950195124;B
20240327;101849;41.01;1130;9950195125;B
20240327;101849;41.01;500;9950195139;B
20240327;101850;41;50000;9950195202;S
20240327;101850;41;200;9950195220;S
20240327;101851;41;30;9950195422;S
20240327;101854;41;140;9950195886;S
20240327;101854;40.99;1080;9950195887;S
20240327;101854;40.99;7310;9950195888;S
20240327;101854;40.98;1210;9950195889;S
20240327;101854;40.98;460;9950195890;S
20240327;101854;40.97;4800;9950195891;S
20240327;101855;40.97;20;9950196343;S
20240327;101856;40.98;10;9950196509;B
20240327;101900;40.98;880;9950197321;B
20240327;101900;40.98;1000;9950197335;B
20240327;101900;40.97;30;9950197346;S
20240327;101900;40.97;10;9950197347;S
20240327;101901;40.98;1110;9950197479;B
20240327;101901;40.98;2000;9950197480;B
20240327;101901;40.98;2390;9950197481;B
20240327;101901;40.98;90;9950197552;B
20240327;101903;40.97;40;9950197770;S
20240327;101903;40.97;10;9950197771;S
20240327;101903;40.97;500;9950197772;S
20240327;101903;40.96;230;9950197773;S
20240327;101903;40.96;1110;9950197774;S
20240327;101903;40.95;3110;9950197775;S
20240327;101903;40.96;50;9950197783;S
20240327;101905;40.95;2470;9950198072;B
20240327;101905;40.95;1100;9950198073;B
20240327;101905;40.96;2000;9950198074;B
20240327;101905;40.96;4430;9950198075;B
20240327;101910;40.96;440;9950198682;B
20240327;101913;40.94;500;9950199074;S
20240327;101913;40.94;80;9950199075;S
20240327;101913;40.93;50;9950199076;S
20240327;101913;40.93;10;9950199077;S
20240327;101914;40.96;20;9950199296;B
20240327;101915;40.92;10;9950199372;S
20240327;101915;40.92;40;9950199373;S
20240327;101916;40.93;1150;9950199530;S
20240327;101917;40.96;110;9950199574;B
20240327;101917;40.96;90;9950199575;B
20240327;101917;40.93;350;9950199623;S
20240327;101917;40.93;90;9950199624;S
20240327;101917;40.93;2060;9950199625;S
20240327;101921;40.96;10;9950200162;S
20240327;101924;40.96;110;9950200395;S
20240327;101924;40.97;1360;9950200467;B
20240327;101926;40.97;1100;9950200574;B
20240327;101926;40.97;160;9950200575;B
20240327;101926;40.97;40;9950200576;B
20240327;101926;40.97;2470;9950200577;B
20240327;101926;40.98;5370;9950200578;B
20240327;101926;40.98;5000;9950200579;B
20240327;101926;40.99;4300;9950200580;B
20240327;101926;40.99;10;9950200581;B
20240327;101926;40.99;1200;9950200582;B
20240327;101926;41;100;9950200583;B
20240327;101926;41;10;9950200584;B
20240327;101926;41;10;9950200585;B
20240327;101926;41;20000;9950200586;B
20240327;101926;41;5000;9950200587;B
20240327;101926;41;20;9950200588;B
20240327;101926;41;10;9950200589;B
20240327;101926;41;2320;9950200590;B
20240327;101926;40.97;6690;9950200622;S
20240327;101926;40.97;2190;9950200623;S
20240327;101926;40.97;2470;9950200624;S
20240327;101926;40.96;8650;9950200625;S
20240327;101927;40.99;10;9950200736;B
20240327;101927;40.99;90;9950200737;B
20240327;101930;40.98;10;9950201108;S
20240327;101931;40.97;10;9950201124;S
20240327;101933;40.97;250;9950201396;S
20240327;101934;40.97;30;9950201454;S
20240327;101935;40.97;30;9950201593;S
20240327;101935;40.97;60;9950201620;S
20240327;101937;40.99;10;9950201876;B
20240327;101937;40.99;10;9950201877;B
20240327;101942;40.98;40;9950202433;B
20240327;101942;40.98;1120;9950202434;B
20240327;101942;40.98;1000;9950202435;B
20240327;101942;40.99;2460;9950202436;B
20240327;101942;41;380;9950202437;B
20240327;101942;40.99;250;9950202460;B
20240327;101947;40.99;10;9950203019;B
20240327;101950;40.99;900;9950203322;B
20240327;101951;40.97;500;9950203403;S
20240327;101952;40.97;10;9950203570;S
20240327;101957;40.97;200;9950204213;S
20240327;101957;40.98;90;9950204369;B
20240327;101957;40.98;1120;9950204370;B
20240327;101957;40.99;790;9950204371;B
20240327;101959;40.99;250;9950204512;B
20240327;101959;40.99;20;9950204513;B
20240327;101959;40.99;2000;9950204514;B
20240327;101959;40.99;10;9950204515;B
20240327;101959;40.99;1210;9950204516;B
20240327;101959;41;47300;9950204517;B
20240327;101959;41;20;9950204518;B
20240327;101959;41;10;9950204519;B
20240327;101959;41;10;9950204520;B
20240327;101959;41;2500;9950204521;B
20240327;101959;41;2500;9950204522;B
20240327;101959;41;560;9950204523;B
20240327;101959;41;1000;9950204524;B
20240327;101959;41;2300;9950204525;B
20240327;101959;41;1110;9950204526;B
20240327;101959;41;200;9950204528;S
20240327;102000;41;2500;9950204703;S
20240327;102000;41.01;100;9950204747;B
20240327;102000;41.02;200;9950204748;B
20240327;102000;41.02;100;9950204749;B
20240327;102000;41.02;30;9950204750;B
20240327;102000;41.02;10;9950204751;B
20240327;102000;41.02;880;9950204752;B
20240327;102000;41.03;250;9950204753;B
20240327;102000;41.03;3930;9950204754;B
20240327;102001;41;250;9950204840;S
20240327;102001;41.03;80;9950204861;B
20240327;102001;41.04;10;9950204862;B
20240327;102001;41.04;110;9950204863;B
20240327;102001;41.01;1010;9950204990;S
20240327;102001;41.01;960;9950204991;S
20240327;102002;41.04;60;9950205065;B
20240327;102002;41.04;10;9950205066;B
20240327;102002;41.04;500;9950205067;B
20240327;102002;41.04;500;9950205068;B
20240327;102002;41.04;20;9950205069;B
20240327;102002;41.04;600;9950205070;B
20240327;102002;41.04;1010;9950205071;B
20240327;102002;41.04;1130;9950205072;B
20240327;102002;41.05;2180;9950205073;B
20240327;102002;41.05;990;9950205074;B
20240327;102003;41.05;80;9950205388;B
20240327;102005;41.03;10;9950205542;B
20240327;102005;41.04;50;9950205543;B
20240327;102005;41.03;10;9950205644;B
20240327;102005;41.05;4140;9950205645;B
20240327;102005;41.05;50;9950205646;B
20240327;102005;41.05;6500;9950205647;B
20240327;102005;41.05;2000;9950205648;B
20240327;102005;41.05;10;9950205649;B
20240327;102005;41.05;7290;9950205650;B
20240327;102005;41.02;20;9950205651;S
20240327;102006;41.02;10;9950205684;S
20240327;102006;41.03;10;9950205770;B
20240327;102006;41.05;290;9950205771;B
20240327;102007;41.02;10;9950205903;S
20240327;102008;41.05;120;9950205993;B
20240327;102008;41.02;10;9950206011;S
20240327;102008;41.02;10;9950206012;S
20240327;102008;41.02;280;9950206013;S
20240327;102009;41.05;20;9950206192;B
20240327;102010;41.05;10;9950206298;B
20240327;102012;41.05;5000;9950206447;B
20240327;102012;41.04;50;9950206543;S
20240327;102013;41.05;480;9950206627;B
20240327;102015;41.04;600;9950206873;S
20240327;102015;41.04;20;9950206874;S
20240327;102015;41.03;9380;9950206875;S
20240327;102020;41.05;20;9950210080;B
20240327;102021;41.05;660;9950210340;B
20240327;102021;41.04;10;9950210415;B
20240327;102021;41.04;990;9950210430;B
20240327;102021;41.04;1190;9950210431;B
20240327;102021;41.05;4710;9950210432;B
20240327;102022;41.05;10;9950210505;B
20240327;102026;41.03;20;9950212838;S
20240327;102026;41.03;1270;9950212841;S
20240327;102028;41.05;10;9950213763;B
20240327;102028;41.03;70;9950213804;S
20240327;102029;41.03;50;9950214868;S
20240327;102030;41.05;370;9950215029;B
20240327;102032;41.03;10;9950215700;S
20240327;102034;41.05;1000;9950216154;B
20240327;102034;41.05;50;9950216155;B
20240327;102035;41.03;30;9950216926;S
20240327;102036;41.05;10;9950216987;B
20240327;102036;41.05;2500;9950217042;B
20240327;102039;41.05;10;9950218407;B
20240327;102039;41.05;10;9950218482;B
20240327;102040;41.05;500;9950218523;B
20240327;102040;41.03;10;9950218576;S
20240327;102041;41.03;30;9950218656;S
20240327;102041;41.03;30;9950218696;S
20240327;102041;41.03;10;9950218699;S
20240327;102042;41.03;30;9950218767;S
20240327;102042;41.03;30;9950219010;S
20240327;102042;41.05;10;9950219034;B
20240327;102042;41.03;30;9950219091;S
20240327;102043;41.03;30;9950219160;S
20240327;102043;41.03;30;9950219174;S
20240327;102043;41.03;30;9950219185;S
20240327;102043;41.05;2210;9950219199;B
20240327;102044;41.03;30;9950219219;S
20240327;102044;41.03;30;9950219267;S
20240327;102044;41.03;30;9950219324;S
20240327;102044;41.03;30;9950219401;S
20240327;102045;41.03;790;9950219407;S
20240327;102045;41.03;20;9950219408;S
20240327;102045;41.03;10;9950219409;S
20240327;102045;41.03;2180;9950219410;S
20240327;102045;41.03;30;9950219456;S
20240327;102045;41.03;30;9950219529;S
20240327;102046;41.03;100;9950219693;S
20240327;102046;41.03;460;9950219696;S
20240327;102046;41.03;10;9950219697;S
20240327;102046;41.03;10;9950219698;S
20240327;102046;41.03;330;9950219699;S
20240327;102046;41.03;10;9950219700;S
20240327;102046;41.03;10;9950219701;S
20240327;102046;41.02;20;9950219702;S
20240327;102046;41.02;1150;9950219703;S
20240327;102046;41.05;10;9950219724;B
20240327;102048;41.05;5500;9950220723;B
20240327;102050;41.05;380;9950220955;B
20240327;102050;41.05;10;9950220956;B
20240327;102050;41.05;220;9950220957;B
20240327;102052;41.05;8560;9950222009;B
20240327;102052;41.05;20;9950222010;B
20240327;102052;41.05;10;9950222011;B
20240327;102052;41.05;280;9950222012;B
20240327;102052;41.05;40;9950222013;B
20240327;102052;41.05;1000;9950222014;B
20240327;102052;41.05;10;9950222015;B
20240327;102052;41.05;60;9950222016;B
20240327;102052;41.05;90;9950222017;B
20240327;102052;41.05;300;9950222018;B
20240327;102052;41.05;1150;9950222019;B
20240327;102052;41.05;90;9950222020;B
20240327;102052;41.05;100;9950222021;B
20240327;102052;41.05;10;9950222022;B
20240327;102052;41.05;70;9950222023;B
20240327;102052;41.05;1220;9950222024;B
20240327;102052;41.05;10;9950222025;B
20240327;102052;41.05;10;9950222026;B
20240327;102052;41.06;20;9950222027;B
20240327;102052;41.06;10;9950222028;B
20240327;102052;41.06;140;9950222029;B
20240327;102052;41.06;20;9950222030;B
20240327;102052;41.06;30;9950222031;B
20240327;102052;41.06;10;9950222032;B
20240327;102052;41.07;10;9950222033;B
20240327;102052;41.07;10;9950222034;B
20240327;102052;41.07;4060;9950222035;B
20240327;102052;41.07;2000;9950222036;B
20240327;102052;41.08;2940;9950222037;B
20240327;102052;41.08;10;9950222038;B
20240327;102052;41.08;1710;9950222039;B
20240327;102052;41.03;10;9950222046;S
20240327;102052;41.03;20;9950222047;S
20240327;102052;41.03;20;9950222048;S
20240327;102052;41.07;350;9950222052;B
20240327;102052;41.07;80;9950222063;B
20240327;102053;41.07;1000;9950222142;B
20240327;102053;41.07;220;9950222158;B
20240327;102053;41.03;520;9950222162;S
20240327;102053;41.03;1480;9950222163;S
20240327;102054;41.07;250;9950222456;B
20240327;102056;41.03;10;9950224172;S
20240327;102056;41.03;990;9950224173;S
20240327;102056;41.05;480;9950224195;B
20240327;102100;41.05;20;9950225017;B
20240327;102100;41.05;10;9950225018;B
20240327;102100;41.05;10;9950225023;S
20240327;102100;41.05;10;9950225027;S
20240327;102101;41.05;10;9950225031;S
20240327;102101;41.05;10;9950225033;S
20240327;102101;41.05;10;9950225039;S
20240327;102101;41.05;10;9950225056;S
20240327;102101;41.05;10;9950225068;S
20240327;102101;41.05;10;9950225071;S
20240327;102101;41.05;2000;9950225079;S
20240327;102101;41.06;10;9950225114;B
20240327;102101;41.06;10;9950225115;B
20240327;102102;41.05;10;9950225427;S
20240327;102104;41.05;10;9950225596;S
20240327;102104;41.05;10;9950225607;S
20240327;102104;41.05;10;9950225615;S
20240327;102104;41.05;10;9950225620;S
20240327;102104;41.05;10;9950225622;S
20240327;102104;41.05;10;9950225627;S
20240327;102105;41.06;10;9950225774;B
20240327;102105;41.06;10;9950225775;B
20240327;102105;41.07;20;9950225776;B
20240327;102105;41.05;100;9950225807;S
20240327;102106;41.06;500;9950225890;B
20240327;102107;41.06;30;9950226459;B
20240327;102107;41.06;10;9950226515;B
20240327;102108;41.06;60;9950226532;B
20240327;102108;41.06;500;9950227376;B
20240327;102109;41.07;20;9950227415;B
20240327;102109;41.07;300;9950227416;B
20240327;102109;41.07;10;9950227417;B
20240327;102109;41.07;530;9950227418;B
20240327;102109;41.08;1640;9950227419;B
20240327;102109;41.06;20;9950227463;S
20240327;102110;41.06;9480;9950227662;S
20240327;102110;41.05;520;9950227663;S
20240327;102110;41.05;10;9950227736;S
20240327;102110;41.08;50;9950227747;B
20240327;102110;41.05;10;9950227766;S
20240327;102111;41.05;70;9950227828;S
20240327;102111;41.05;600;9950227911;S
20240327;102111;41.06;10;9950228064;B
20240327;102113;41.05;10;9950228301;S
20240327;102113;41.06;10;9950228302;B
20240327;102113;41.05;90;9950228311;S
20240327;102114;41.05;50;9950228656;S
20240327;102116;41.05;10;9950228830;S
20240327;102117;41.05;10;9950229376;S
20240327;102117;41.05;850;9950229398;S
20240327;102118;41.06;10;9950229973;B
20240327;102119;41.05;10;9950230047;S
20240327;102120;41.06;970;9950230125;B
20240327;102120;41.06;30;9950230126;B
20240327;102122;41.05;20;9950230487;S
20240327;102123;41.06;190;9950230622;B
20240327;102124;41.05;1000;9950230677;S
20240327;102124;41.05;400;9950230739;S
20240327;102124;41.05;60;9950230813;S
20240327;102124;41.05;250;9950230814;S
20240327;102124;41.05;130;9950230815;S
20240327;102124;41.04;1160;9950230816;S
20240327;102124;41.03;1000;9950230817;S
20240327;102124;41.03;1700;9950230818;S
20240327;102124;41.03;660;9950230819;S
20240327;102124;41.03;1000;9950230820;S
20240327;102124;41.02;10;9950230821;S
20240327;102124;41.02;560;9950230822;S
20240327;102124;41.02;300;9950230823;S
20240327;102124;41.02;4170;9950230824;S
20240327;102125;41.03;10;9950230897;S
20240327;102125;41.05;240;9950230989;B
20240327;102127;41.04;10;9950231645;B
20240327;102127;41.04;50;9950231702;B
20240327;102132;41.04;10;9950233261;B
20240327;102133;41.01;30;9950233935;S
20240327;102133;41.04;400;9950234008;B
20240327;102135;41.01;10;9950234639;S
20240327;102138;41.02;110;9950235109;S
20240327;102138;41.01;120;9950235110;S
20240327;102138;41.01;100;9950235148;S
20240327;102142;41.01;740;9950236591;S
20240327;102142;41.01;20;9950236592;S
20240327;102142;41.01;240;9950236593;S
20240327;102142;41.01;250;9950236607;S
20240327;102145;41.01;100;9950237131;S
20240327;102145;41.01;400;9950237132;S
20240327;102146;41.03;10;9950237749;B
20240327;102146;41.03;1070;9950237750;B
20240327;102147;41.04;160;9950237800;B
20240327;102147;41.04;2090;9950237801;B
20240327;102148;41.01;100;9950238433;S
20240327;102148;41.01;500;9950238434;S
20240327;102148;41.01;400;9950238435;S
20240327;102150;41.01;3980;9950238947;S
20240327;102150;41.01;250;9950238948;S
20240327;102150;41.01;20;9950238953;B
20240327;102150;41;10;9950238958;S
20240327;102152;41.01;6200;9950239405;B
20240327;102155;41;180;9950239801;S
20240327;102158;41;1080;9950240902;S
20240327;102158;41.01;1310;9950240906;B
20240327;102158;41.02;1160;9950240907;B
20240327;102158;41.02;10;9950240908;B
20240327;102158;41.02;10;9950240909;B
20240327;102158;41.02;10;9950240910;B
20240327;102158;41.02;10;9950240911;B
20240327;102158;41.03;3800;9950240912;B
20240327;102158;41.03;1690;9950240913;B
20240327;102159;41.03;1910;9950241030;B
20240327;102159;41.04;4090;9950241031;B
20240327;102200;41.01;30;9950241798;S
20240327;102200;41.01;10;9950242023;S
20240327;102201;41.01;2280;9950242073;S
20240327;102201;41.01;10;9950242074;S
20240327;102201;41;210;9950242075;S
20240327;102202;41.01;50;9950242439;S
20240327;102203;41.01;280;9950242462;S
20240327;102204;41.04;10;9950242906;B
20240327;102204;41.01;10;9950242942;S
20240327;102206;41.03;650;9950243237;B
20240327;102206;41.03;1170;9950243238;B
20240327;102206;41.04;3180;9950243239;B
20240327;102206;41.04;10;9950243361;B
20240327;102208;41.03;200;9950243707;B
20240327;102208;41.04;620;9950243708;B
20240327;102208;41.04;10;9950243709;B
20240327;102208;41.04;530;9950243710;B
20240327;102208;41.04;10;9950243711;B
20240327;102208;41.04;10;9950243712;B
20240327;102208;41.04;220;9950243713;B
20240327;102208;41.01;300;9950243754;S
20240327;102209;41.01;30;9950243772;S
20240327;102210;41.04;10;9950243907;B
20240327;102210;41.05;200;9950243909;B
20240327;102210;41.01;300;9950243983;S
20240327;102210;41.04;10;9950244056;B
20240327;102212;41.04;30;9950244696;B
20240327;102212;41.04;1000;9950244760;B
20240327;102214;41.04;10;9950245792;B
20240327;102214;41.04;20;9950245793;B
20240327;102219;41.04;180;9950246584;B
20240327;102220;41.02;10;9950246665;S
20240327;102220;41.01;50;9950246735;S
20240327;102222;41.01;310;9950247330;S
20240327;102222;41.01;560;9950247331;S
20240327;102222;41;5130;9950247332;S
20240327;102223;41;6180;9950247555;S
20240327;102223;41.02;90;9950247581;B
20240327;102223;41.03;1160;9950247582;B
20240327;102223;41.03;560;9950247583;B
20240327;102223;41.04;3190;9950247584;B
20240327;102224;41.01;670;9950247697;S
20240327;102224;41;9330;9950247698;S
20240327;102225;41;30;9950247713;S
20240327;102225;41;30;9950247779;S
20240327;102226;41;30;9950248566;S
20240327;102226;41;30;9950248637;S
20240327;102227;41;30;9950248845;S
20240327;102227;41;60;9950249426;S
20240327;102227;41;30;9950249444;S
20240327;102227;41;5000;9950249446;S
20240327;102227;41;30;9950249474;S
20240327;102228;41.02;20;9950249500;B
20240327;102228;41.03;10;9950249501;B
20240327;102228;41.03;20;9950249502;B
20240327;102228;41;30;9950249519;S
20240327;102228;41;30;9950249543;S
20240327;102228;41;30;9950249575;S
20240327;102229;41.02;30;9950249627;S
20240327;102229;41.02;30;9950249640;S
20240327;102230;41.02;30;9950249810;S
20240327;102231;41.04;10;9950249872;B
20240327;102235;41.02;70;9950250603;S
20240327;102238;41.02;10;9950251586;B
20240327;102238;41.02;140;9950252666;B
20240327;102238;41.03;860;9950252667;B
20240327;102239;41.04;10;9950252828;B
20240327;102239;41.04;10;9950252829;B
20240327;102239;41.04;10;9950252830;B
20240327;102240;41.01;50;9950252987;S
20240327;102243;41.01;20;9950253436;S
20240327;102247;41.01;430;9950255470;S
20240327;102247;41.01;230;9950255471;S
20240327;102248;41.04;3570;9950255732;B
20240327;102248;41.04;20;9950255769;B
20240327;102249;41.04;10;9950255785;B
20240327;102249;41.02;40;9950255847;S
20240327;102249;41.01;70;9950255848;S
20240327;102249;41.01;90;9950255849;S
20240327;102251;41.01;220;9950256272;S
20240327;102251;41.01;730;9950256273;S
20240327;102251;41;1050;9950256274;S
20240327;102254;41;100;9950256973;S
20240327;102255;41.01;2000;9950257459;B
20240327;102255;41.01;500;9950257460;B
20240327;102255;41.01;110;9950257465;B
20240327;102256;41.01;50;9950257514;B
20240327;102258;41.01;40;9950258063;B
20240327;102258;41.01;40;9950258064;B
20240327;102258;41.03;20;9950258065;B
20240327;102258;41.01;10;9950258156;S
20240327;102300;41.03;10;9950258311;B
20240327;102300;41.04;990;9950258312;B
20240327;102301;41.01;100;9950259000;S
20240327;102301;41.01;20;9950259001;S
20240327;102301;41;880;9950259002;S
20240327;102301;41.01;50;9950259008;S
20240327;102301;41;150;9950259009;S
20240327;102303;41.01;40;9950259652;S
20240327;102303;41.01;460;9950259754;S
20240327;102303;41.01;30;9950259755;S
20240327;102303;41;4510;9950259756;S
20240327;102305;41.04;10;9950260118;B
20240327;102306;41.04;10;9950260217;B
20240327;102306;41.04;10;9950260248;B
20240327;102310;41.04;370;9950261563;B
20240327;102310;41.04;40;9950261564;B
20240327;102310;41.04;10;9950261565;B
20240327;102310;41.04;10;9950261566;B
20240327;102310;41.04;1150;9950261567;B
20240327;102310;41.04;3540;9950261568;B
20240327;102310;41.05;5100;9950261569;B
20240327;102310;41.05;4780;9950261570;B
20240327;102311;41.04;10;9950261639;B
20240327;102311;41.04;20;9950261640;B
20240327;102317;41.03;10;9950263359;B
20240327;102323;41.01;10;9950264717;S
20240327;102326;41.03;10;9950265591;B
20240327;102326;41.03;200;9950265592;B
20240327;102326;41.03;380;9950265593;B
20240327;102326;41.04;850;9950265594;B
20240327;102328;41.04;20;9950265942;B
20240327;102328;41.03;20;9950265950;S
20240327;102328;41.01;1500;9950266058;S
20240327;102335;41.03;100;9950268171;B
20240327;102335;41.03;1500;9950268172;B
20240327;102335;41.03;10;9950268173;B
20240327;102335;41.03;200;9950268174;B
20240327;102335;41.03;80;9950268175;B
20240327;102335;41.03;40;9950268176;B
20240327;102335;41.03;50;9950268181;S
20240327;102336;41.03;40;9950268408;S
20240327;102342;41.04;600;9950270477;B
20240327;102342;41.03;1000;9950270702;S
20240327;102343;41.03;1000;9950270727;S
20240327;102343;41.04;6510;9950270798;B
20240327;102343;41.04;10;9950270799;B
20240327;102343;41.04;40;9950270800;B
20240327;102343;41.04;10;9950270801;B
20240327;102343;41.04;34000;9950270802;B
20240327;102343;41.04;10;9950270803;B
20240327;102343;41.04;240;9950270804;B
20240327;102343;41.05;5220;9950270805;B
20240327;102343;41.05;10;9950270806;B
20240327;102343;41.05;10;9950270807;B
20240327;102343;41.05;20;9950270808;B
20240327;102343;41.05;10;9950270809;B
20240327;102343;41.05;300;9950270810;B
20240327;102343;41.05;1000;9950270811;B
20240327;102343;41.06;210;9950270812;B
20240327;102343;41.06;10;9950270813;B
20240327;102343;41.06;700;9950270814;B
20240327;102343;41.07;500;9950270815;B
20240327;102343;41.07;300;9950270816;B
20240327;102343;41.07;10;9950270817;B
20240327;102343;41.07;300;9950270818;B
20240327;102343;41.07;6000;9950270819;B
20240327;102343;41.07;200;9950270820;B
20240327;102343;41.07;1000;9950270821;B
20240327;102343;41.08;50;9950270822;B
20240327;102343;41.08;2000;9950270823;B
20240327;102343;41.08;10;9950270824;B
20240327;102343;41.08;30;9950270825;B
20240327;102343;41.08;10;9950270826;B
20240327;102343;41.08;10;9950270827;B
20240327;102343;41.08;10;9950270828;B
20240327;102343;41.08;10000;9950270829;B
20240327;102343;41.08;10;9950270830;B
20240327;102343;41.08;10;9950270831;B
20240327;102343;41.08;10;9950270832;B
20240327;102343;41.08;80;9950270833;B
20240327;102343;41.08;50;9950270834;B
20240327;102343;41.08;20;9950270835;B
20240327;102343;41.08;20;9950270836;B
20240327;102343;41.08;1000;9950270837;B
20240327;102343;41.08;4380;9950270838;B
20240327;102343;41.09;10;9950270839;B
20240327;102343;41.09;20;9950270840;B
20240327;102343;41.09;100;9950270841;B
20240327;102343;41.09;10;9950270842;B
20240327;102343;41.09;860;9950270843;B
20240327;102343;41.09;10;9950270844;B
20240327;102343;41.09;10;9950270845;B
20240327;102343;41.09;50;9950270846;B
20240327;102343;41.09;20;9950270847;B
20240327;102343;41.09;2000;9950270848;B
20240327;102343;41.09;200;9950270849;B
20240327;102343;41.09;10;9950270850;B
20240327;102343;41.09;10000;9950270851;B
20240327;102343;41.09;10;9950270852;B
20240327;102343;41.09;10;9950270853;B
20240327;102343;41.09;10000;9950270854;B
20240327;102343;41.09;10;9950270855;B
20240327;102343;41.1;10;9950270856;B
20240327;102343;41.1;10;9950270857;B
20240327;102343;41.1;10;9950270858;B
20240327;102343;41.1;10;9950270859;B
20240327;102343;41.1;10;9950270860;B
20240327;102343;41.1;2300;9950270861;B
20240327;102344;41.06;560;9950271053;S
20240327;102344;41.06;440;9950271054;S
20240327;102344;41.06;10;9950271056;S
20240327;102344;41.06;500;9950271068;S
20240327;102344;41.06;50;9950271071;S
20240327;102344;41.06;100;9950271072;S
20240327;102344;41.06;2100;9950271075;S
20240327;102344;41.05;10000;9950271076;S
20240327;102344;41.05;1180;9950271077;S
20240327;102344;41.05;1000;9950271078;S
20240327;102344;41.05;560;9950271079;S
20240327;102344;41.04;160;9950271080;S
20240327;102344;41.05;300;9950271089;S
20240327;102344;41.05;40;9950271090;S
20240327;102344;41.05;10;9950271091;S
20240327;102345;41.05;200;9950271259;S
20240327;102345;41.07;50;9950271332;B
20240327;102347;41.07;90;9950271694;S
20240327;102349;41.08;10;9950271972;S
20240327;102349;41.07;60;9950271973;S
20240327;102352;41.05;20;9950272592;S
20240327;102352;41.05;1000;9950272593;S
20240327;102352;41.04;2000;9950272594;S
20240327;102352;41.04;2500;9950272595;S
20240327;102352;41.04;1180;9950272596;S
20240327;102352;41.04;2090;9950272597;S
20240327;102352;41.04;930;9950272598;S
20240327;102353;41.04;300;9950272847;S
20240327;102354;41.07;10;9950273585;B
20240327;102355;41.07;560;9950274259;B
20240327;102355;41.08;450;9950274260;B
20240327;102355;41.08;20;9950274261;B
20240327;102355;41.08;1060;9950274262;B
20240327;102358;41.07;10;9950274669;B
20240327;102358;41.07;190;9950274790;B
20240327;102358;41.08;550;9950274791;B
20240327;102358;41.08;810;9950274792;B
20240327;102358;41.09;2490;9950274793;B
20240327;102358;41.09;350;9950274794;B
20240327;102358;41.09;250;9950274795;B
20240327;102358;41.09;10;9950274796;B
20240327;102358;41.1;3690;9950274797;B
20240327;102358;41.1;110;9950274798;B
20240327;102358;41.1;120;9950274799;B
20240327;102358;41.1;10;9950274800;B
20240327;102358;41.1;500;9950274801;B
20240327;102358;41.1;300;9950274802;B
20240327;102358;41.1;80;9950274803;B
20240327;102358;41.1;120;9950274804;B
20240327;102358;41.1;10;9950274805;B
20240327;102358;41.1;10;9950274806;B
20240327;102358;41.1;400;9950274807;B
20240327;102359;41.09;2610;9950274840;B
20240327;102359;41.1;7390;9950274841;B
20240327;102401;41.06;1750;9950275016;S
20240327;102401;41.05;560;9950275017;S
20240327;102401;41.05;140;9950275018;S
20240327;102401;41.09;20;9950275027;B
20240327;102401;41.06;250;9950275034;S
20240327;102401;41.09;50;9950275076;B
20240327;102402;41.06;30;9950275147;S
20240327;102404;41.09;100;9950275826;B
20240327;102404;41.06;20;9950275831;S
20240327;102404;41.09;390;9950276571;B
20240327;102404;41.09;1640;9950276572;B
20240327;102404;41.09;10;9950276573;B
20240327;102404;41.09;1180;9950276574;B
20240327;102404;41.09;10;9950276575;B
20240327;102404;41.1;1970;9950276576;B
20240327;102405;41.1;240;9950276635;B
20240327;102405;41.1;330;9950276636;B
20240327;102405;41.1;2720;9950276637;B
20240327;102407;41.09;20;9950276841;B
20240327;102407;41.09;80;9950276842;B
20240327;102409;41.07;10;9950277316;S
20240327;102409;41.07;800;9950277317;S
20240327;102409;41.06;2020;9950277318;S
20240327;102409;41.06;1180;9950277319;S
20240327;102409;41.05;1990;9950277320;S
20240327;102412;41.06;30;9950278515;B
20240327;102417;41.06;20;9950279810;B
20240327;102418;41.06;350;9950279858;B
20240327;102418;41.08;190;9950279859;B
20240327;102418;41.09;10;9950279860;B
20240327;102418;41.09;450;9950279861;B
20240327;102420;41.06;560;9950280185;S
20240327;102420;41.06;440;9950280186;S
20240327;102421;41.09;100;9950281268;B
20240327;102421;41.09;560;9950281269;B
20240327;102421;41.09;1650;9950281270;B
20240327;102421;41.1;7280;9950281271;B
20240327;102421;41.1;50;9950281272;B
20240327;102421;41.1;2000;9950281273;B
20240327;102421;41.1;8360;9950281274;B
20240327;102422;41.1;16640;9950281562;B
20240327;102422;41.1;160;9950281563;B
20240327;102422;41.1;900;9950281564;B
20240327;102422;41.1;5000;9950281565;B
20240327;102422;41.1;4000;9950281566;B
20240327;102422;41.1;10;9950281567;B
20240327;102422;41.1;10;9950281568;B
20240327;102422;41.1;10;9950281569;B
20240327;102422;41.1;10;9950281570;B
20240327;102422;41.1;30;9950281571;B
20240327;102422;41.1;40;9950281572;B
20240327;102422;41.1;10;9950281573;B
20240327;102422;41.1;10;9950281574;B
20240327;102422;41.1;10;9950281575;B
20240327;102422;41.1;750;9950281576;B
20240327;102422;41.1;260;9950281577;B
20240327;102422;41.1;720;9950281578;B
20240327;102422;41.1;60;9950281579;B
20240327;102422;41.1;100;9950281580;B
20240327;102422;41.1;100;9950281581;B
20240327;102422;41.1;10;9950281582;B
20240327;102422;41.1;10;9950281583;B
20240327;102422;41.1;250;9950281584;B
20240327;102422;41.1;30;9950281585;B
20240327;102422;41.1;190;9950281586;B
20240327;102422;41.1;50;9950281587;B
20240327;102422;41.1;1000;9950281588;B
20240327;102422;41.1;10;9950281589;B
20240327;102422;41.1;100;9950281590;B
20240327;102422;41.1;10;9950281591;B
20240327;102422;41.1;300;9950281592;B
20240327;102422;41.1;2000;9950281593;B
20240327;102422;41.1;20;9950281594;B
20240327;102422;41.1;100;9950281595;S
20240327;102422;41.11;10;9950281603;B
20240327;102422;41.11;10;9950281604;B
20240327;102422;41.11;180;9950281605;B
20240327;102422;41.1;50;9950281606;S
20240327;102422;41.11;210;9950281607;B
20240327;102422;41.11;10;9950281608;B
20240327;102422;41.11;10;9950281609;B
20240327;102422;41.12;30;9950281610;B
20240327;102422;41.12;20;9950281611;B
20240327;102422;41.12;30;9950281612;B
20240327;102422;41.12;400;9950281630;B
20240327;102423;41.1;60;9950281643;S
20240327;102423;41.1;210;9950281644;S
20240327;102423;41.1;220;9950281712;S
20240327;102423;41.1;7000;9950281940;S
20240327;102423;41.1;10;9950281941;S
20240327;102424;41.1;30;9950282010;S
20240327;102424;41.1;10;9950282035;S
20240327;102425;41.1;60;9950282231;S
20240327;102426;41.1;100;9950282456;S
20240327;102428;41.1;20;9950282594;S
20240327;102429;41.1;9320;9950282698;S
20240327;102429;41.1;250;9950282699;S
20240327;102432;41.1;430;9950284130;B
20240327;102432;41.1;30;9950284131;B
20240327;102432;41.1;60;9950284132;B
20240327;102432;41.11;250;9950284133;B
20240327;102432;41.11;3500;9950284134;B
20240327;102432;41.11;3730;9950284135;B
20240327;102438;41.07;10;9950285166;S
20240327;102438;41.07;170;9950285232;S
20240327;102440;41.09;10000;9950286190;B
20240327;102440;41.09;10;9950286191;B
20240327;102440;41.09;1170;9950286192;B
20240327;102440;41.1;1000;9950286193;B
20240327;102440;41.11;13270;9950286194;B
20240327;102440;41.11;20;9950286195;B
20240327;102440;41.11;30;9950286196;B
20240327;102440;41.11;10;9950286197;B
20240327;102440;41.11;100;9950286198;B
20240327;102440;41.12;770;9950286199;B
20240327;102440;41.12;200;9950286200;B
20240327;102440;41.12;1050;9950286201;B
20240327;102440;41.12;10;9950286202;B
20240327;102440;41.12;10;9950286203;B
20240327;102440;41.12;30;9950286204;B
20240327;102440;41.12;50;9950286205;B
20240327;102440;41.12;20;9950286206;B
20240327;102440;41.12;20;9950286207;B
20240327;102440;41.12;3020;9950286208;B
20240327;102440;41.12;30;9950286209;B
20240327;102440;41.12;10;9950286210;B
20240327;102440;41.12;10;9950286211;B
20240327;102440;41.13;10;9950286212;B
20240327;102440;41.13;20;9950286213;B
20240327;102440;41.13;10;9950286214;B
20240327;102440;41.13;10;9950286215;B
20240327;102440;41.13;10;9950286216;B
20240327;102440;41.13;10;9950286217;B
20240327;102440;41.13;100;9950286218;B
20240327;102440;41.13;1720;9950286219;B
20240327;102440;41.14;50;9950286220;B
20240327;102440;41.14;60;9950286221;B
20240327;102440;41.14;10;9950286222;B
20240327;102440;41.14;10;9950286223;B
20240327;102440;41.14;500;9950286224;B
20240327;102440;41.14;1000;9950286225;B
20240327;102440;41.14;10;9950286226;B
20240327;102440;41.14;10;9950286227;B
20240327;102440;41.14;500;9950286228;B
20240327;102440;41.14;40;9950286229;B
20240327;102440;41.14;10;9950286230;B
20240327;102440;41.14;2000;9950286231;B
20240327;102440;41.14;30;9950286232;B
20240327;102440;41.14;3000;9950286233;B
20240327;102440;41.14;500;9950286234;B
20240327;102440;41.14;200;9950286235;B
20240327;102440;41.14;10000;9950286236;B
20240327;102440;41.15;30;9950286237;B
20240327;102440;41.15;50;9950286238;B
20240327;102440;41.15;20;9950286239;B
20240327;102440;41.15;100;9950286240;B
20240327;102440;41.15;18000;9950286241;B
20240327;102440;41.15;29600;9950286242;B
20240327;102440;41.15;200;9950286243;B
20240327;102440;41.15;70;9950286244;B
20240327;102440;41.15;150;9950286245;B
20240327;102440;41.15;10000;9950286246;B
20240327;102440;41.15;10;9950286247;B
20240327;102440;41.15;12000;9950286248;B
20240327;102440;41.15;20;9950286249;B
20240327;102440;41.15;200;9950286250;B
20240327;102440;41.15;20;9950286251;B
20240327;102440;41.15;10;9950286252;B
20240327;102440;41.15;1000;9950286253;B
20240327;102440;41.15;7860;9950286254;B
20240327;102440;41.12;1100;9950286260;S
20240327;102440;41.12;370;9950286300;S
20240327;102440;41.12;130;9950286301;S
20240327;102441;41.11;1000;9950286424;S
20240327;102443;41.11;180;9950287481;S
20240327;102443;41.11;80;9950287492;S
20240327;102443;41.11;970;9950287493;S
20240327;102444;41.13;170;9950287636;B
20240327;102444;41.13;10;9950287637;B
20240327;102444;41.13;10;9950287638;B
20240327;102444;41.14;170;9950287639;B
20240327;102444;41.14;30;9950287640;B
20240327;102444;41.14;10;9950287641;B
20240327;102445;41.15;20;9950287822;B
20240327;102445;41.15;480;9950287823;B
20240327;102445;41.12;10;9950287830;S
20240327;102445;41.12;1000;9950287831;S
20240327;102445;41.11;1000;9950287832;S
20240327;102445;41.11;2990;9950287833;S
20240327;102448;41.13;10;9950289355;B
20240327;102450;41.1;20;9950289644;S
20240327;102451;41.15;10;9950289997;B
20240327;102452;41.15;10;9950290731;B
20240327;102456;41.15;500;9950292093;B
20240327;102456;41.15;50;9950292094;B
20240327;102456;41.15;210;9950292095;B
20240327;102456;41.15;240;9950292096;B
20240327;102456;41.15;10;9950292097;B
20240327;102456;41.15;20;9950292098;B
20240327;102456;41.15;10;9950292099;B
20240327;102456;41.15;10;9950292100;B
20240327;102456;41.15;2900;9950292101;B
20240327;102456;41.15;10;9950292102;B
20240327;102456;41.15;20;9950292103;B
20240327;102456;41.15;120;9950292104;B
20240327;102457;41.12;10;9950292195;S
20240327;102458;41.12;2480;9950292308;S
20240327;102458;41.11;720;9950292309;S
20240327;102458;41.11;1800;9950292310;S
20240327;102458;41.15;100;9950292354;B
20240327;102458;41.15;30;9950292355;B
20240327;102458;41.16;70;9950292356;B
20240327;102458;41.12;500;9950292432;S
20240327;102459;41.14;80;9950292530;B
20240327;102459;41.15;500;9950292531;B
20240327;102459;41.15;1130;9950292532;B
20240327;102459;41.16;200;9950292533;B
20240327;102459;41.16;190;9950292534;B
20240327;102459;41.12;200;9950292584;S
20240327;102506;41.13;120;9950295169;B
20240327;102506;41.14;370;9950295170;B
20240327;102507;41.15;200;9950295183;B
20240327;102507;41.15;60;9950295184;B
20240327;102507;41.15;3000;9950295185;B
20240327;102507;41.15;300;9950295186;B
20240327;102507;41.16;210;9950295187;B
20240327;102507;41.16;1230;9950295188;B
20240327;102507;41.12;30;9950295220;S
20240327;102507;41.16;100;9950295221;B
20240327;102507;41.12;20;9950295233;S
20240327;102513;41.12;500;9950295857;S
20240327;102513;41.12;80;9950296015;S
20240327;102514;41.14;10;9950296153;B
20240327;102514;41.12;300;9950296181;S
20240327;102514;41.11;20;9950296182;S
20240327;102514;41.11;400;9950296183;S
20240327;102514;41.11;280;9950296184;S
20240327;102515;41.12;10;9950296277;S
20240327;102515;41.11;100;9950296278;S
20240327;102515;41.11;30;9950296279;S
20240327;102515;41.11;860;9950296280;S
20240327;102516;41.1;300;9950296379;S
20240327;102516;41.1;700;9950296380;S
20240327;102517;41.1;300;9950296390;S
20240327;102517;41.1;500;9950296391;S
20240327;102519;41.11;10;9950296724;S
20240327;102519;41.1;40;9950296725;S
20240327;102519;41.1;1200;9950296731;S
20240327;102520;41.1;760;9950296823;S
20240327;102520;41.1;440;9950296824;S
20240327;102521;41.1;1200;9950296940;S
20240327;102522;41.1;360;9950297011;S
20240327;102522;41.1;1000;9950297012;S
20240327;102522;41.1;30;9950297013;S
20240327;102522;41.1;3950;9950297014;S
20240327;102522;41.1;20;9950297059;B
20240327;102524;41.09;500;9950297300;S
20240327;102525;41.1;2400;9950297378;B
20240327;102525;41.1;5760;9950297387;B
20240327;102525;41.1;6240;9950297388;B
20240327;102525;41.1;8300;9950297419;B
20240327;102525;41.09;10;9950297451;S
20240327;102526;41.09;20;9950297545;S
20240327;102526;41.09;1200;9950297559;S
20240327;102527;41.09;20;9950297653;S
20240327;102528;41.1;5000;9950297788;B
20240327;102528;41.1;10;9950297831;B
20240327;102529;41.09;2500;9950297912;S
20240327;102529;41.1;110;9950297915;B
20240327;102529;41.1;30;9950297958;B
20240327;102529;41.1;350;9950297962;B
20240327;102531;41.1;50;9950298270;B
20240327;102532;41.09;20;9950298294;S
20240327;102533;41.09;30;9950298504;S
20240327;102534;41.1;480;9950298797;B
20240327;102535;41.1;50;9950298871;B
20240327;102536;41.1;1600;9950299026;B
20240327;102536;41.1;100;9950299027;B
20240327;102538;41.09;260;9950299267;S
20240327;102540;41.09;10;9950299454;S
20240327;102541;41.1;10;9950299558;B
20240327;102543;41.09;10;9950299873;S
20240327;102546;41.09;10;9950300160;S
20240327;102546;41.09;10;9950300161;S
20240327;102547;41.1;50;9950300243;B
20240327;102547;41.09;10;9950300244;S
20240327;102548;41.09;50;9950300400;S
20240327;102548;41.09;10;9950300411;S
20240327;102548;41.09;10;9950300412;S
20240327;102550;41.09;30;9950300726;S
20240327;102551;41.08;10;9950300957;S
20240327;102551;41.07;10;9950300968;S
20240327;102551;41.07;190;9950300969;S
20240327;102554;41.07;10;9950301245;S
20240327;102555;41.08;1250;9950301380;B
20240327;102555;41.09;30;9950301381;B
20240327;102555;41.1;3720;9950301382;B
20240327;102556;41.1;20;9950301477;B
20240327;102558;41.1;1200;9950301617;B
20240327;102558;41.1;1000;9950301618;B
20240327;102558;41.1;1000;9950301619;B
20240327;102558;41.1;990;9950301620;B
20240327;102558;41.1;10;9950301621;B
20240327;102558;41.11;10;9950301622;B
20240327;102558;41.11;790;9950301623;B
20240327;102559;41.1;10;9950301748;S
20240327;102559;41.1;20;9950301766;S
20240327;102600;41.1;250;9950301865;S
20240327;102601;41.1;5000;9950301929;S
20240327;102604;41.1;1000;9950302598;S
20240327;102606;41.1;20;9950302840;S
20240327;102607;41.12;10;9950303097;B
20240327;102608;41.12;10;9950303158;B
20240327;102609;41.12;500;9950303241;B
20240327;102610;41.11;100;9950303547;B
20240327;102610;41.12;300;9950303548;B
20240327;102610;41.12;70;9950303549;B
20240327;102610;41.12;100;9950303550;B
20240327;102611;41.1;100;9950303613;S
20240327;102612;41.12;30;9950303722;B
20240327;102613;41.1;10;9950303868;S
20240327;102616;41.1;30;9950304133;S
20240327;102616;41.1;1000;9950304275;S
20240327;102619;41.1;20;9950304596;S
20240327;102620;41.1;20;9950304689;S
20240327;102620;41.1;10;9950304713;S
20240327;102622;41.1;50;9950304905;S
20240327;102622;41.1;20;9950304939;S
20240327;102622;41.1;4000;9950304985;S
20240327;102622;41.11;30;9950304995;B
20240327;102623;41.1;500;9950305004;S
20240327;102625;41.1;250;9950305248;S
20240327;102625;41.11;4970;9950305361;B
20240327;102625;41.11;580;9950305362;B
20240327;102625;41.12;820;9950305363;B
20240327;102625;41.12;1250;9950305364;B
20240327;102625;41.12;10;9950305365;B
20240327;102625;41.12;40;9950305366;B
20240327;102630;41.13;70;9950305799;B
20240327;102630;41.13;110;9950305800;B
20240327;102630;41.13;100;9950305801;B
20240327;102630;41.13;10;9950305802;B
20240327;102630;41.14;70;9950305803;B
20240327;102630;41.14;10;9950305804;B
20240327;102630;41.14;100;9950305805;B
20240327;102630;41.14;40;9950305806;B
20240327;102630;41.14;100;9950305807;B
20240327;102630;41.14;1390;9950305808;B
20240327;102638;41.12;2000;9950306810;S
20240327;102639;41.13;10;9950306896;B
20240327;102639;41.13;1070;9950306897;B
20240327;102639;41.13;10;9950306898;B
20240327;102639;41.14;310;9950306899;B
20240327;102639;41.14;10;9950306900;B
20240327;102639;41.14;10;9950306901;B
20240327;102639;41.14;300;9950306902;B
20240327;102639;41.14;10;9950306903;B
20240327;102639;41.14;1250;9950306904;B
20240327;102639;41.14;80;9950306906;S
20240327;102639;41.14;10;9950306911;S
20240327;102639;41.14;10;9950306912;S
20240327;102639;41.14;10;9950306919;S
20240327;102639;41.14;10;9950306920;S
20240327;102639;41.14;10;9950306932;S
20240327;102639;41.15;100;9950306947;B
20240327;102639;41.15;150;9950306948;B
20240327;102639;41.14;10;9950306952;S
20240327;102639;41.14;10;9950306964;S
