<DATE>;<TIME>;<LAST>;<VOL>;<ID>;<OPER>
20240318;095934;40.64;10;9870228306;S
20240318;095934;40.64;220;9870228307;S
20240318;095934;40.64;30;9870228308;S
20240318;095934;40.64;20;9870228309;S
20240318;095934;40.64;10;9870228310;S
20240318;095934;40.64;10;9870228311;S
20240318;095934;40.64;20;9870228312;S
20240318;095934;40.64;300;9870228313;S
20240318;095934;40.64;80;9870228314;B
20240318;095934;40.64;100;9870228315;B
20240318;095934;40.64;10;9870228316;B
20240318;095934;40.64;50;9870228317;S
20240318;095934;40.64;40;9870228318;S
20240318;095934;40.64;20;9870228319;B
20240318;095934;40.64;10;9870228320;B
20240318;095934;40.64;20;9870228321;S
20240318;095934;40.64;20;9870228322;B
20240318;095934;40.64;10;9870228323;B
20240318;095934;40.64;30;9870228324;B
20240318;095934;40.64;30;9870228325;B
20240318;095934;40.64;10;9870228326;B
20240318;095934;40.64;10;9870228327;B
20240318;095934;40.64;30;9870228328;B
20240318;095934;40.64;10;9870228329;B
20240318;095934;40.64;10;9870228330;B
20240318;095934;40.64;10;9870228331;B
20240318;095934;40.64;10;9870228332;B
20240318;095934;40.64;10;9870228333;B
20240318;095934;40.64;30;9870228334;B
20240318;095934;40.64;10;9870228335;B
20240318;095934;40.64;20;9870228336;B
20240318;095934;40.64;10;9870228337;B
20240318;095934;40.64;30;9870228338;B
20240318;095934;40.64;30;9870228339;B
20240318;095934;40.64;100;9870228340;B
20240318;095934;40.64;30;9870228341;B
20240318;095934;40.64;10;9870228342;B
20240318;095934;40.64;10;9870228343;B
20240318;095934;40.64;300;9870228344;B
20240318;095934;40.64;10;9870228345;B
20240318;095934;40.64;10;9870228346;B
20240318;095934;40.64;10;9870228347;B
20240318;095934;40.64;10;9870228348;B
20240318;095934;40.64;30;9870228349;B
20240318;095934;40.64;10;9870228350;B
20240318;095934;40.64;40;9870228351;B
20240318;095934;40.64;10;9870228352;B
20240318;095934;40.64;20;9870228353;S
20240318;095934;40.64;10;9870228354;S
20240318;095934;40.64;10;9870228355;S
20240318;095934;40.64;10;9870228356;S
20240318;095934;40.64;40;9870228357;S
20240318;095934;40.64;570;9870228358;S
20240318;095934;40.64;420;9870228359;S
20240318;095934;40.64;50;9870228360;S
20240318;095934;40.64;30;9870228361;B
20240318;095934;40.64;300;9870228362;S
20240318;095934;40.64;10;9870228363;B
20240318;095934;40.64;20;9870228364;B
20240318;095934;40.64;60;9870228365;B
20240318;095934;40.64;10;9870228366;B
20240318;095934;40.64;100;9870228367;B
20240318;095934;40.64;2520;9870228368;B
20240318;095934;40.64;20;9870228369;B
20240318;095934;40.64;790;9870228370;S
20240318;095934;40.64;910;9870228371;S
20240318;095934;40.64;30;9870228372;S
20240318;095934;40.64;1990;9870228373;S
20240318;095934;40.64;10;9870228374;S
20240318;095934;40.64;10;9870228375;S
20240318;095934;40.64;20;9870228376;S
20240318;095934;40.64;10;9870228377;S
20240318;095934;40.64;100;9870228378;S
20240318;095934;40.64;30;9870228379;S
20240318;095934;40.64;40;9870228380;S
20240318;095934;40.64;10;9870228381;S
20240318;095934;40.64;10;9870228382;S
20240318;095934;40.64;30;9870228383;S
20240318;095934;40.64;30;9870228384;S
20240318;095934;40.64;20;9870228385;S
20240318;095934;40.64;10;9870228386;S
20240318;095934;40.64;760;9870228387;S
20240318;095934;40.64;20;9870228388;S
20240318;095934;40.64;60;9870228389;S
20240318;095934;40.64;10;9870228390;S
20240318;095934;40.64;10;9870228391;S
20240318;095934;40.64;500;9870228392;S
20240318;095934;40.64;100;9870228393;S
20240318;095934;40.64;10;9870228394;S
20240318;095934;40.64;100;9870228395;B
20240318;095934;40.64;100;9870228396;B
20240318;095934;40.64;10;9870228397;B
20240318;095934;40.64;770;9870228398;S
20240318;095934;40.64;10;9870228399;S
20240318;095934;40.64;10;9870228400;S
20240318;095934;40.64;40;9870228401;S
20240318;095934;40.64;20;9870228402;S
20240318;095934;40.64;10;9870228403;S
20240318;095934;40.64;10;9870228404;S
20240318;095934;40.64;20;9870228405;S
20240318;095934;40.64;10;9870228406;S
20240318;095934;40.64;20;9870228407;S
20240318;095934;40.64;10;9870228408;S
20240318;095934;40.64;40;9870228409;S
20240318;095934;40.64;200;9870228410;S
20240318;095934;40.64;90;9870228411;S
20240318;095934;40.64;30;9870228412;S
20240318;095934;40.64;10;9870228413;B
20240318;095934;40.64;4630;9870228414;B
20240318;095934;40.64;10;9870228415;B
20240318;095934;40.64;20;9870228416;B
20240318;095934;40.64;510;9870228417;B
20240318;095934;40.64;20;9870228418;B
20240318;095934;40.64;2000;9870228419;B
20240318;095934;40.64;10;9870228420;B
20240318;095934;40.64;10;9870228421;B
20240318;095934;40.64;110;9870228422;B
20240318;095934;40.64;400;9870228423;B
20240318;095934;40.64;10;9870228424;B
20240318;095934;40.64;500;9870228425;B
20240318;095934;40.64;100;9870228426;B
20240318;095934;40.64;500;9870228427;B
20240318;095934;40.64;100;9870228428;S
20240318;095934;40.64;100;9870228429;B
20240318;100000;40.62;500;9870240907;S
20240318;100000;40.62;500;9870241057;S
20240318;100000;40.62;310;9870241225;B
20240318;100000;40.61;440;9870242040;B
20240318;100000;40.62;690;9870242041;B
20240318;100000;40.62;500;9870242042;B
20240318;100000;40.62;1000;9870242043;B
20240318;100000;40.62;400;9870242044;B
20240318;100000;40.62;1000;9870242045;B
20240318;100000;40.62;970;9870242046;B
20240318;100000;40.62;10;9870242067;B
20240318;100000;40.62;20;9870242075;B
20240318;100000;40.62;80;9870242076;B
20240318;100001;40.6;110;9870242793;S
20240318;100001;40.6;2190;9870242794;S
20240318;100001;40.6;1000;9870242821;S
20240318;100001;40.6;300;9870242844;S
20240318;100001;40.6;10;9870242877;S
20240318;100001;40.6;90;9870242878;S
20240318;100001;40.6;10;9870242894;S
20240318;100001;40.6;50;9870242895;S
20240318;100001;40.6;40;9870242896;S
20240318;100001;40.61;300;9870243037;B
20240318;100001;40.62;920;9870243038;B
20240318;100001;40.62;180;9870243039;B
20240318;100001;40.62;820;9870243282;B
20240318;100001;40.63;580;9870243283;B
20240318;100001;40.63;1000;9870243286;B
20240318;100001;40.63;890;9870243336;B
20240318;100001;40.64;170;9870243337;B
20240318;100002;40.63;150;9870244234;B
20240318;100002;40.63;1400;9870244338;B
20240318;100002;40.6;490;9870244369;S
20240318;100002;40.6;380;9870244370;S
20240318;100002;40.6;1630;9870244371;S
20240318;100002;40.64;300;9870244377;B
20240318;100003;40.59;10;9870246064;B
20240318;100003;40.59;10;9870246079;B
20240318;100003;40.57;10;9870246134;S
20240318;100003;40.59;10;9870246142;B
20240318;100004;40.58;1700;9870246420;S
20240318;100005;40.58;30;9870247663;S
20240318;100005;40.58;100;9870247665;S
20240318;100005;40.59;30;9870247668;B
20240318;100005;40.59;30;9870247674;B
20240318;100005;40.59;10;9870247676;B
20240318;100005;40.59;10;9870247681;B
20240318;100005;40.59;10;9870247691;B
20240318;100005;40.59;10;9870247696;B
20240318;100005;40.59;40;9870247709;B
20240318;100005;40.59;10;9870247710;B
20240318;100005;40.58;10;9870247714;S
20240318;100005;40.58;100;9870247719;S
20240318;100005;40.59;40;9870247721;B
20240318;100005;40.58;10;9870247723;S
20240318;100005;40.59;10;9870247728;B
20240318;100005;40.58;10;9870247731;S
20240318;100005;40.59;10;9870247735;B
20240318;100006;40.59;260;9870247918;B
20240318;100006;40.59;500;9870247919;B
20240318;100006;40.59;240;9870247920;B
20240318;100006;40.58;10;9870248247;S
20240318;100006;40.58;20;9870248250;S
20240318;100006;40.59;10;9870248251;B
20240318;100006;40.56;10;9870248253;S
20240318;100006;40.56;10;9870248257;S
20240318;100006;40.59;50;9870248803;B
20240318;100006;40.59;200;9870248853;B
20240318;100006;40.59;500;9870248854;B
20240318;100006;40.6;500;9870248855;B
20240318;100006;40.6;60;9870248856;B
20240318;100006;40.6;140;9870248857;B
20240318;100006;40.6;360;9870248869;B
20240318;100006;40.6;500;9870248870;B
20240318;100006;40.6;360;9870248871;B
20240318;100006;40.56;10;9870249456;S
20240318;100006;40.56;10;9870249460;S
20240318;100006;40.6;30;9870249464;B
20240318;100006;40.56;30;9870249468;S
20240318;100006;40.6;10;9870249474;B
20240318;100006;40.56;20;9870249477;S
20240318;100006;40.6;10;9870249478;B
20240318;100006;40.6;90;9870249795;B
20240318;100006;40.6;10;9870249796;B
20240318;100006;40.61;500;9870249797;B
20240318;100006;40.61;1400;9870249798;B
20240318;100006;40.61;10;9870249854;B
20240318;100006;40.58;10;9870249857;S
20240318;100006;40.61;30;9870249864;B
20240318;100006;40.58;30;9870249870;S
20240318;100006;40.61;10;9870249874;B
20240318;100007;40.61;20;9870250365;B
20240318;100007;40.58;20;9870250373;S
20240318;100007;40.58;120;9870250375;S
20240318;100007;40.58;40;9870250380;S
20240318;100007;40.61;30;9870250384;B
20240318;100007;40.61;70;9870250685;B
20240318;100007;40.58;30;9870250686;S
20240318;100007;40.61;30;9870250696;B
20240318;100007;40.61;30;9870250697;B
20240318;100007;40.61;10;9870250700;B
20240318;100007;40.61;10;9870250706;B
20240318;100007;40.61;10;9870250707;B
20240318;100007;40.61;10;9870250712;B
20240318;100007;40.59;10;9870251369;B
20240318;100007;40.58;3000;9870251764;S
20240318;100007;40.61;220;9870251767;B
20240318;100007;40.61;80;9870251768;B
20240318;100007;40.61;50;9870251769;B
20240318;100007;40.61;30;9870251777;B
20240318;100007;40.61;10;9870251782;B
20240318;100007;40.61;250;9870251785;B
20240318;100007;40.56;30;9870251790;S
20240318;100007;40.56;10;9870251792;S
20240318;100007;40.6;20;9870251794;B
20240318;100007;40.56;10;9870252044;S
20240318;100007;40.6;10;9870252046;B
20240318;100007;40.61;20;9870252047;B
20240318;100007;40.61;40;9870252048;B
20240318;100007;40.61;10;9870252050;B
20240318;100007;40.61;10;9870252053;B
20240318;100007;40.6;20;9870252059;B
20240318;100007;40.61;80;9870252060;B
20240318;100007;40.56;30;9870252062;S
20240318;100007;40.56;10;9870252063;S
20240318;100007;40.61;30;9870252064;B
20240318;100007;40.61;10;9870252069;B
20240318;100007;40.57;10;9870252075;S
20240318;100007;40.6;10;9870252087;B
20240318;100007;40.56;30;9870253431;S
20240318;100007;40.6;10;9870253434;B
20240318;100007;40.56;10;9870253435;S
20240318;100007;40.6;10;9870253436;B
20240318;100007;40.61;20;9870253437;B
20240318;100007;40.61;10;9870253438;B
20240318;100007;40.56;10;9870253440;S
20240318;100007;40.56;30;9870253442;S
20240318;100007;40.6;10;9870253443;B
20240318;100007;40.6;30;9870253452;B
20240318;100007;40.56;30;9870253453;S
20240318;100007;40.6;10;9870253454;B
20240318;100007;40.57;30;9870253455;S
20240318;100007;40.57;10;9870253459;S
20240318;100007;40.57;10;9870253460;S
20240318;100007;40.61;50;9870253461;B
20240318;100007;40.56;10;9870253465;S
20240318;100008;40.6;70;9870253793;B
20240318;100008;40.61;70;9870253794;B
20240318;100008;40.6;10;9870253844;B
20240318;100008;40.61;1390;9870253845;B
20240318;100008;40.57;20;9870253915;S
20240318;100008;40.61;10;9870253941;B
20240318;100008;40.61;760;9870253942;B
20240318;100008;40.61;10;9870253945;B
20240318;100008;40.57;10;9870253948;S
20240318;100008;40.57;30;9870253959;S
20240318;100008;40.61;10;9870253963;B
20240318;100008;40.61;10;9870253965;B
20240318;100008;40.57;10;9870254568;S
20240318;100008;40.57;20;9870254816;S
20240318;100008;40.61;20;9870254817;B
20240318;100008;40.57;20;9870254820;S
20240318;100008;40.61;10;9870254821;B
20240318;100008;40.61;10;9870254822;B
20240318;100008;40.61;10;9870254824;B
20240318;100008;40.61;10;9870254829;B
20240318;100008;40.57;30;9870254830;S
20240318;100008;40.57;350;9870254866;S
20240318;100008;40.57;20;9870254867;S
20240318;100008;40.61;10;9870254870;B
20240318;100008;40.61;10;9870254871;B
20240318;100008;40.57;10;9870254876;S
20240318;100008;40.57;10;9870254878;S
20240318;100008;40.57;10;9870254885;S
20240318;100008;40.57;10;9870254888;S
20240318;100008;40.61;20;9870255526;B
20240318;100008;40.57;20;9870256049;S
20240318;100008;40.57;10;9870256050;S
20240318;100008;40.61;30;9870256060;B
20240318;100008;40.57;20;9870256062;S
20240318;100008;40.57;20;9870256065;S
20240318;100009;40.57;10;9870256529;S
20240318;100009;40.57;10;9870256530;S
20240318;100009;40.61;100;9870256531;B
20240318;100009;40.57;10;9870256532;S
20240318;100009;40.61;10;9870256533;B
20240318;100009;40.61;10;9870256535;B
20240318;100009;40.61;10;9870256536;B
20240318;100009;40.61;30;9870256860;B
20240318;100009;40.57;10;9870256866;S
20240318;100009;40.61;30;9870256873;B
20240318;100009;40.61;10;9870256880;B
20240318;100009;40.62;20;9870257577;B
20240318;100009;40.62;10;9870257705;B
20240318;100009;40.59;10;9870257713;S
20240318;100009;40.59;30;9870257721;S
20240318;100009;40.62;10;9870257732;B
20240318;100009;40.62;10;9870257733;B
20240318;100009;40.62;450;9870257814;B
20240318;100009;40.62;40;9870257815;B
20240318;100010;40.62;10;9870259059;B
20240318;100010;40.62;20;9870259064;B
20240318;100010;40.62;10;9870259074;B
20240318;100010;40.62;40;9870259079;B
20240318;100010;40.59;20;9870259084;S
20240318;100010;40.62;10;9870259088;B
20240318;100010;40.62;10;9870259097;B
20240318;100010;40.62;10;9870259102;B
20240318;100010;40.62;10;9870259107;B
20240318;100010;40.59;10;9870259110;S
20240318;100010;40.62;10;9870259566;B
20240318;100010;40.62;20;9870259573;B
20240318;100010;40.59;70;9870259580;S
20240318;100010;40.62;20;9870259585;B
20240318;100010;40.62;10;9870260481;B
20240318;100010;40.62;20;9870260559;B
20240318;100010;40.59;10;9870260561;S
20240318;100010;40.62;30;9870260563;B
20240318;100010;40.62;100;9870260565;B
20240318;100010;40.59;10;9870260567;S
20240318;100010;40.62;30;9870260570;B
20240318;100011;40.62;10;9870261237;B
20240318;100011;40.59;500;9870261565;S
20240318;100011;40.59;10;9870261609;S
20240318;100011;40.59;10;9870261623;S
20240318;100011;40.62;80;9870261626;B
20240318;100011;40.59;10;9870261627;S
20240318;100011;40.62;10;9870261628;B
20240318;100011;40.59;30;9870261632;S
20240318;100011;40.62;10;9870261636;B
20240318;100011;40.62;30;9870261637;B
20240318;100011;40.59;30;9870261639;S
20240318;100011;40.62;10;9870261644;B
20240318;100011;40.62;10;9870261651;B
20240318;100011;40.62;10;9870261655;B
20240318;100011;40.62;10;9870261674;B
20240318;100011;40.59;20;9870261684;S
20240318;100011;40.59;20;9870261693;S
20240318;100011;40.62;100;9870261697;B
20240318;100011;40.62;30;9870261701;B
20240318;100011;40.62;10;9870261704;B
20240318;100011;40.62;170;9870261764;B
20240318;100012;40.62;10;9870262271;B
20240318;100012;40.62;20;9870262276;B
20240318;100012;40.62;80;9870262279;B
20240318;100012;40.59;30;9870262282;S
20240318;100012;40.59;10;9870262284;S
20240318;100012;40.62;10;9870262286;B
20240318;100012;40.62;100;9870262288;B
20240318;100012;40.59;300;9870262290;S
20240318;100012;40.59;20;9870262293;S
20240318;100012;40.62;10;9870262639;B
20240318;100012;40.61;160;9870262721;S
20240318;100012;40.62;380;9870262793;B
20240318;100012;40.62;500;9870262794;B
20240318;100012;40.62;500;9870262795;B
20240318;100012;40.62;500;9870262796;B
20240318;100012;40.62;500;9870262797;B
20240318;100012;40.62;10;9870262798;B
20240318;100012;40.64;500;9870262799;B
20240318;100012;40.64;10;9870262800;B
20240318;100012;40.64;50;9870262801;B
20240318;100012;40.64;2470;9870262802;B
20240318;100012;40.65;12730;9870262803;B
20240318;100012;40.65;12580;9870262804;B
20240318;100012;40.65;5000;9870262805;S
20240318;100012;40.65;100;9870262812;S
20240318;100013;40.66;10;9870262985;B
20240318;100013;40.68;10;9870262986;B
20240318;100014;40.68;50;9870263197;B
20240318;100015;40.67;10;9870263493;B
20240318;100015;40.68;20;9870263494;B
20240318;100015;40.69;250;9870263495;B
20240318;100015;40.69;100;9870263496;B
20240318;100015;40.69;200;9870263497;B
20240318;100015;40.69;2470;9870263498;B
20240318;100015;40.69;3000;9870263499;B
20240318;100015;40.7;10;9870263500;B
20240318;100015;40.7;350;9870263501;B
20240318;100015;40.7;40;9870263502;B
20240318;100015;40.7;1000;9870263503;B
20240318;100015;40.7;300;9870263504;B
20240318;100015;40.7;330;9870263505;B
20240318;100015;40.7;20;9870263547;B
20240318;100016;40.66;10;9870263846;S
20240318;100016;40.66;10;9870263879;S
20240318;100017;40.67;50;9870264361;S
20240318;100018;40.69;10;9870264658;B
20240318;100018;40.69;10;9870264659;B
20240318;100018;40.7;10;9870264660;B
20240318;100020;40.66;10;9870264964;S
20240318;100020;40.66;10;9870265231;S
20240318;100021;40.69;10;9870265394;B
20240318;100021;40.7;10;9870265395;B
20240318;100022;40.7;1000;9870265510;B
20240318;100022;40.7;500;9870265520;B
20240318;100023;40.69;100;9870265977;S
20240318;100024;40.7;10;9870266076;B
20240318;100024;40.7;10;9870266077;B
20240318;100024;40.7;320;9870266122;B
20240318;100024;40.7;10;9870266123;B
20240318;100024;40.7;2500;9870266124;B
20240318;100024;40.7;20;9870266125;B
20240318;100024;40.7;2470;9870266126;B
20240318;100024;40.7;5000;9870266127;S
20240318;100024;40.7;1100;9870266128;S
20240318;100024;40.71;500;9870266322;B
20240318;100024;40.71;250;9870266401;B
20240318;100024;40.72;10;9870266402;B
20240318;100024;40.72;990;9870266403;B
20240318;100024;40.72;5000;9870266404;B
20240318;100024;40.72;3250;9870266405;B
20240318;100024;40.72;9830;9870266406;B
20240318;100024;40.73;50;9870266407;B
20240318;100024;40.73;10;9870266408;B
20240318;100024;40.73;10;9870266409;B
20240318;100024;40.73;10;9870266410;B
20240318;100024;40.73;110;9870266411;B
20240318;100024;40.73;480;9870266412;B
20240318;100025;40.71;10;9870266544;S
20240318;100025;40.71;10;9870267016;S
20240318;100025;40.72;200;9870267018;B
20240318;100025;40.73;480;9870267019;B
20240318;100025;40.73;150;9870267031;B
20240318;100026;40.73;500;9870267154;B
20240318;100026;40.71;20;9870267304;S
20240318;100026;40.73;430;9870267377;B
20240318;100028;40.71;10;9870267882;S
20240318;100029;40.72;1700;9870268113;S
20240318;100031;40.72;10;9870269135;S
20240318;100033;40.72;10;9870269671;S
20240318;100033;40.73;10;9870269890;B
20240318;100034;40.72;10;9870270069;S
20240318;100036;40.72;20;9870271022;S
20240318;100038;40.73;100;9870271666;B
20240318;100040;40.72;100;9870272668;S
20240318;100042;40.72;630;9870273492;S
20240318;100042;40.72;4990;9870273493;S
20240318;100042;40.7;10800;9870273494;S
20240318;100042;40.7;490;9870273495;S
20240318;100042;40.69;9820;9870273496;S
20240318;100042;40.64;3270;9870273497;S
20240318;100042;40.67;20;9870273579;S
20240318;100044;40.72;100;9870274124;B
20240318;100046;40.72;50;9870275179;B
20240318;100046;40.73;850;9870275180;B
20240318;100046;40.73;100;9870275181;B
20240318;100046;40.73;10;9870275182;B
20240318;100046;40.73;30;9870275183;B
20240318;100046;40.74;1460;9870275184;B
20240318;100046;40.74;140;9870275254;B
20240318;100046;40.74;900;9870275278;B
20240318;100046;40.74;4000;9870275293;B
20240318;100047;40.74;30;9870275334;B
20240318;100048;40.74;3470;9870276057;B
20240318;100048;40.74;420;9870276058;B
20240318;100048;40.74;50;9870276059;B
20240318;100048;40.74;500;9870276060;B
20240318;100048;40.74;500;9870276061;B
20240318;100048;40.74;390;9870276062;B
20240318;100048;40.74;10;9870276063;B
20240318;100048;40.74;30;9870276064;B
20240318;100048;40.75;30;9870276065;B
20240318;100048;40.75;100;9870276066;B
20240318;100048;40.75;4500;9870276067;B
20240318;100048;40.75;80;9870276068;B
20240318;100048;40.73;1700;9870276108;S
20240318;100048;40.73;20;9870276115;S
20240318;100049;40.72;2980;9870276145;S
20240318;100049;40.72;20;9870276146;S
20240318;100049;40.72;10;9870276282;S
20240318;100049;40.73;50;9870276296;B
20240318;100050;40.72;460;9870276695;S
20240318;100050;40.7;10;9870276732;S
20240318;100050;40.7;2470;9870276733;S
20240318;100050;40.67;20;9870276933;S
20240318;100052;40.69;490;9870277344;B
20240318;100052;40.7;4510;9870277345;B
20240318;100052;40.67;10;9870277682;S
20240318;100054;40.7;120;9870278198;B
20240318;100056;40.7;2000;9870279156;B
20240318;100056;40.7;20;9870279316;B
20240318;100056;40.67;20;9870279364;S
20240318;100057;40.7;1000;9870279717;B
20240318;100058;40.7;10;9870280101;B
20240318;100059;40.7;20;9870280498;B
20240318;100100;40.7;10;9870280647;B
20240318;100100;40.67;250;9870280662;S
20240318;100100;40.67;620;9870280952;S
20240318;100100;40.67;630;9870280953;S
20240318;100100;40.66;490;9870280996;S
20240318;100100;40.65;310;9870280997;S
20240318;100101;40.69;10;9870281233;B
20240318;100102;40.66;50;9870281539;S
20240318;100105;40.69;10;9870282853;B
20240318;100107;40.69;50;9870283630;B
20240318;100108;40.69;360;9870283638;B
20240318;100108;40.67;10;9870283880;S
20240318;100110;40.67;70;9870284197;S
20240318;100110;40.66;80;9870284198;S
20240318;100110;40.66;350;9870284199;S
20240318;100113;40.69;60;9870285233;B
20240318;100113;40.69;150;9870285234;B
20240318;100113;40.69;500;9870285235;B
20240318;100113;40.69;700;9870285236;B
20240318;100113;40.7;2880;9870285237;B
20240318;100113;40.7;100;9870285449;B
20240318;100113;40.67;10;9870285489;S
20240318;100114;40.67;480;9870285739;S
20240318;100114;40.66;320;9870285740;S
20240318;100114;40.66;710;9870285741;S
20240318;100114;40.65;3820;9870285742;S
20240318;100114;40.65;2470;9870285743;S
20240318;100114;40.65;1220;9870285744;S
20240318;100114;40.64;9480;9870285745;S
20240318;100114;40.68;20;9870285757;B
20240318;100115;40.66;490;9870286224;B
20240318;100115;40.66;2010;9870286225;B
20240318;100116;40.66;20;9870286283;B
20240318;100116;40.66;470;9870286321;B
20240318;100116;40.67;530;9870286322;B
20240318;100117;40.64;10;9870286566;S
20240318;100120;40.68;30;9870287313;B
20240318;100123;40.69;20;9870288509;B
20240318;100123;40.69;490;9870288583;B
20240318;100123;40.69;1400;9870288649;B
20240318;100123;40.69;1400;9870288650;B
20240318;100123;40.69;1400;9870288680;B
20240318;100123;40.69;840;9870288703;B
20240318;100124;40.68;2000;9870288801;S
20240318;100124;40.64;50;9870288819;S
20240318;100124;40.69;1400;9870289000;B
20240318;100125;40.68;50;9870289017;B
20240318;100125;40.69;200;9870289018;B
20240318;100125;40.69;330;9870289166;B
20240318;100125;40.66;40;9870289192;S
20240318;100126;40.66;320;9870289433;S
20240318;100126;40.68;40;9870289462;B
20240318;100126;40.69;2460;9870289463;B
20240318;100126;40.68;10;9870289587;B
20240318;100126;40.68;240;9870289594;B
20240318;100127;40.68;70;9870289612;B
20240318;100127;40.69;430;9870289613;B
20240318;100127;40.66;120;9870289623;S
20240318;100127;40.66;10;9870289927;S
20240318;100127;40.65;40;9870289928;S
20240318;100128;40.65;100;9870290093;S
20240318;100128;40.65;510;9870290113;S
20240318;100129;40.67;10;9870290439;B
20240318;100131;40.68;120;9870290846;B
20240318;100131;40.69;19880;9870290847;B
20240318;100132;40.68;10;9870291050;B
20240318;100132;40.69;390;9870291051;B
20240318;100133;40.65;10;9870291602;S
20240318;100134;40.67;20;9870291977;S
20240318;100136;40.68;50;9870292348;B
20240318;100137;40.66;20;9870292718;B
20240318;100138;40.66;10;9870292862;B
20240318;100138;40.66;10;9870292886;B
20240318;100138;40.65;100;9870292932;S
20240318;100139;40.66;1830;9870292964;B
20240318;100139;40.68;670;9870292965;B
20240318;100139;40.68;10;9870293057;B
20240318;100140;40.65;30;9870293253;S
20240318;100141;40.65;10;9870293402;S
20240318;100146;40.65;30;9870294577;S
20240318;100146;40.65;10;9870294598;S
20240318;100150;40.67;2350;9870295485;B
20240318;100150;40.67;1950;9870295486;B
20240318;100150;40.68;5700;9870295487;B
20240318;100154;40.68;10;9870296966;B
20240318;100155;40.66;10;9870297077;S
20240318;100156;40.66;3160;9870297369;S
20240318;100156;40.65;1840;9870297370;S
20240318;100156;40.65;320;9870297488;S
20240318;100156;40.65;490;9870297489;S
20240318;100156;40.65;1000;9870297490;S
20240318;100156;40.65;120;9870297491;S
20240318;100156;40.64;1610;9870297492;S
20240318;100156;40.63;20;9870297493;S
20240318;100156;40.63;2470;9870297494;S
20240318;100156;40.63;500;9870297495;S
20240318;100156;40.62;1500;9870297496;S
20240318;100156;40.62;10;9870297497;S
20240318;100156;40.62;730;9870297498;S
20240318;100156;40.62;20;9870297499;S
20240318;100156;40.62;9830;9870297500;S
20240318;100158;40.62;30;9870298457;B
20240318;100158;40.61;430;9870298458;S
20240318;100200;40.62;60;9870298836;B
20240318;100200;40.61;1480;9870298886;S
20240318;100200;40.61;500;9870298966;S
20240318;100200;40.62;30;9870299047;B
20240318;100201;40.61;10;9870299132;B
20240318;100202;40.62;460;9870299389;B
20240318;100202;40.62;470;9870299555;B
20240318;100202;40.62;1400;9870299608;B
20240318;100202;40.62;1050;9870299648;B
20240318;100202;40.62;10;9870299820;B
20240318;100203;40.62;4720;9870300004;B
20240318;100203;40.64;490;9870300005;B
20240318;100203;40.65;3560;9870300006;B
20240318;100203;40.66;1230;9870300007;B
20240318;100204;40.63;30;9870300225;S
20240318;100206;40.63;50;9870300614;S
20240318;100206;40.65;30;9870300693;B
20240318;100206;40.66;1780;9870300694;B
20240318;100206;40.67;80;9870300695;B
20240318;100206;40.67;8000;9870300696;B
20240318;100206;40.68;3560;9870300697;B
20240318;100206;40.68;100;9870300698;B
20240318;100206;40.68;6450;9870300699;B
20240318;100207;40.68;50;9870301081;B
20240318;100207;40.68;170;9870301082;B
20240318;100208;40.69;6360;9870301179;B
20240318;100208;40.69;730;9870301180;B
20240318;100208;40.69;70;9870301181;B
20240318;100208;40.7;50;9870301182;B
20240318;100208;40.71;320;9870301183;B
20240318;100208;40.71;890;9870301184;B
20240318;100208;40.72;160;9870301185;B
20240318;100208;40.72;1310;9870301186;B
20240318;100208;40.72;4520;9870301188;B
20240318;100208;40.72;9840;9870301189;B
20240318;100208;40.73;10;9870301190;B
20240318;100208;40.73;1720;9870301191;B
20240318;100208;40.72;2270;9870301210;B
20240318;100208;40.72;40;9870301314;B
20240318;100208;40.72;1500;9870301344;B
20240318;100209;40.73;2080;9870301410;B
20240318;100209;40.73;10;9870301411;B
20240318;100209;40.74;5000;9870301412;B
20240318;100209;40.74;30;9870301413;B
20240318;100209;40.74;3950;9870301414;B
20240318;100209;40.73;720;9870301470;B
20240318;100209;40.74;2580;9870301471;B
20240318;100209;40.74;3470;9870301548;B
20240318;100209;40.74;2000;9870301549;B
20240318;100209;40.74;1040;9870301550;B
20240318;100209;40.75;420;9870301551;B
20240318;100209;40.75;50;9870301552;B
20240318;100209;40.75;500;9870301553;B
20240318;100209;40.75;10;9870301554;B
20240318;100209;40.75;120;9870301555;B
20240318;100209;40.75;10;9870301556;B
20240318;100209;40.75;1000;9870301557;B
20240318;100209;40.75;9820;9870301558;B
20240318;100209;40.76;440;9870301559;B
20240318;100209;40.77;30;9870301560;B
20240318;100209;40.77;20;9870301561;B
20240318;100209;40.77;300;9870301562;B
20240318;100209;40.77;10;9870301563;B
20240318;100209;40.77;10;9870301564;B
20240318;100209;40.77;100;9870301565;B
20240318;100209;40.77;30;9870301566;B
20240318;100209;40.77;20000;9870301567;B
20240318;100209;40.78;300;9870301568;B
20240318;100209;40.78;1800;9870301569;B
20240318;100209;40.78;1800;9870301570;B
20240318;100209;40.78;15540;9870301571;B
20240318;100209;40.74;100;9870301574;S
20240318;100209;40.76;200;9870301650;B
20240318;100209;40.77;470;9870301671;B
20240318;100210;40.73;10;9870301821;S
20240318;100210;40.76;500;9870301852;B
20240318;100210;40.75;1720;9870301869;B
20240318;100210;40.76;3590;9870301870;B
20240318;100210;40.77;9340;9870301871;B
20240318;100210;40.78;220;9870301872;B
20240318;100210;40.79;60;9870301873;B
20240318;100210;40.79;100;9870301874;B
20240318;100210;40.79;20000;9870301875;B
20240318;100210;40.79;500;9870301876;B
20240318;100210;40.8;10;9870301877;B
20240318;100210;40.8;50;9870301878;B
20240318;100210;40.8;10;9870301879;B
20240318;100210;40.8;300;9870301880;B
20240318;100210;40.8;10;9870301881;B
20240318;100210;40.8;20;9870301882;B
20240318;100210;40.8;90;9870301883;B
20240318;100210;40.8;680;9870301884;B
20240318;100210;40.82;80;9870301885;B
20240318;100210;40.82;3220;9870301886;B
20240318;100210;40.78;300;9870301890;S
20240318;100210;40.77;100;9870301892;S
20240318;100210;40.8;10;9870301942;B
20240318;100210;40.8;290;9870301974;B
20240318;100210;40.8;80;9870301975;B
20240318;100210;40.8;300;9870302011;B
20240318;100210;40.8;600;9870302047;B
20240318;100211;40.8;300;9870302100;B
20240318;100211;40.79;10;9870302197;B
20240318;100211;40.79;4550;9870302224;B
20240318;100211;40.81;7450;9870302225;B
20240318;100211;40.8;100;9870302226;S
20240318;100211;40.79;50;9870302251;S
20240318;100211;40.8;170;9870302368;B
20240318;100212;40.79;20;9870302543;S
20240318;100212;40.8;10;9870302612;B
20240318;100212;40.79;10;9870302617;S
20240318;100213;40.79;400;9870302699;S
20240318;100213;40.8;10;9870302726;B
20240318;100213;40.8;10;9870302754;B
20240318;100213;40.8;10;9870302780;B
20240318;100213;40.8;10;9870302826;B
20240318;100214;40.8;10;9870302842;B
20240318;100214;40.8;10;9870302893;B
20240318;100214;40.8;460;9870303018;B
20240318;100214;40.8;190;9870303063;B
20240318;100214;40.8;10;9870303085;B
20240318;100214;40.79;280;9870303144;B
20240318;100214;40.8;100;9870303145;B
20240318;100214;40.8;10;9870303146;B
20240318;100214;40.8;110;9870303147;B
20240318;100214;40.8;10;9870303201;B
20240318;100214;40.8;40;9870303202;B
20240318;100214;40.81;50;9870303203;B
20240318;100214;40.8;100;9870303204;S
20240318;100214;40.8;60;9870303205;S
20240318;100217;40.81;190;9870303731;B
20240318;100217;40.79;30;9870303776;S
20240318;100217;40.81;40;9870303807;B
20240318;100219;40.81;250;9870304094;B
20240318;100219;40.81;90;9870304102;B
20240318;100219;40.81;50;9870304327;B
20240318;100220;40.81;1690;9870304469;B
20240318;100220;40.81;60;9870304470;B
20240318;100220;40.82;10;9870304471;B
20240318;100220;40.82;10;9870304472;B
20240318;100220;40.82;1830;9870304473;B
20240318;100220;40.81;10;9870304571;B
20240318;100220;40.81;50;9870304572;B
20240318;100220;40.8;200;9870304638;S
20240318;100222;40.81;90;9870305054;B
20240318;100223;40.81;10;9870305111;B
20240318;100223;40.81;10;9870305151;B
20240318;100223;40.81;10;9870305240;B
20240318;100223;40.81;90;9870305266;B
20240318;100224;40.81;10;9870305423;B
20240318;100224;40.81;1000;9870305433;B
20240318;100225;40.81;8520;9870305629;B
20240318;100225;40.81;5000;9870305630;B
20240318;100225;40.81;1030;9870305631;B
20240318;100225;40.81;5000;9870305633;S
20240318;100225;40.81;50;9870305698;S
20240318;100226;40.81;450;9870305799;S
20240318;100228;40.82;20;9870306251;B
20240318;100228;40.82;6130;9870306295;B
20240318;100228;40.82;250;9870306347;B
20240318;100229;40.82;50;9870306545;B
20240318;100229;40.82;850;9870306738;B
20240318;100230;40.81;1950;9870306771;S
20240318;100230;40.81;50;9870306772;S
20240318;100230;40.82;2450;9870306785;B
20240318;100230;40.82;2000;9870306871;B
20240318;100230;40.82;3000;9870306872;B
20240318;100232;40.82;10;9870307400;B
20240318;100234;40.82;800;9870307751;B
20240318;100235;40.81;20;9870307886;S
20240318;100235;40.82;70;9870307890;B
20240318;100237;40.82;10;9870308563;B
20240318;100237;40.82;220;9870308597;B
20240318;100238;40.81;430;9870308684;S
20240318;100238;40.81;2470;9870308685;S
20240318;100238;40.81;390;9870308686;S
20240318;100238;40.81;20;9870308844;S
20240318;100238;40.82;230;9870308856;B
20240318;100238;40.82;10;9870308857;B
20240318;100238;40.82;50;9870308858;B
20240318;100238;40.83;30;9870308859;B
20240318;100238;40.83;20;9870308860;B
20240318;100238;40.83;880;9870308861;B
20240318;100239;40.83;5000;9870309081;B
20240318;100239;40.83;3130;9870309084;B
20240318;100239;40.83;4540;9870309085;B
20240318;100240;40.83;630;9870309131;B
20240318;100240;40.82;160;9870309164;S
20240318;100240;40.83;200;9870309182;B
20240318;100240;40.82;1550;9870309228;S
20240318;100240;40.81;1450;9870309229;S
20240318;100240;40.82;20;9870309242;S
20240318;100241;40.83;50;9870309351;B
20240318;100241;40.82;10;9870309434;S
20240318;100242;40.83;10;9870309637;B
20240318;100242;40.82;100;9870309686;S
20240318;100243;40.83;2200;9870309760;B
20240318;100243;40.82;50;9870309784;S
20240318;100243;40.82;40;9870309814;B
20240318;100243;40.82;2870;9870309923;B
20240318;100244;40.82;500;9870310122;B
20240318;100244;40.82;10;9870310142;B
20240318;100244;40.82;250;9870310151;B
20240318;100245;40.82;350;9870310230;B
20240318;100245;40.82;5000;9870310325;B
20240318;100245;40.81;30;9870310335;S
20240318;100245;40.81;110;9870310439;S
20240318;100245;40.81;1020;9870310440;S
20240318;100245;40.81;500;9870310447;B
20240318;100245;40.8;100;9870310451;S
20240318;100246;40.81;1000;9870310499;B
20240318;100246;40.8;5000;9870310709;S
20240318;100247;40.81;2370;9870310753;B
20240318;100248;40.82;10;9870311151;B
20240318;100249;40.82;200;9870311213;B
20240318;100249;40.82;30;9870311250;B
20240318;100249;40.81;10;9870311273;S
20240318;100250;40.82;20;9870311430;B
20240318;100251;40.82;110;9870311493;B
20240318;100251;40.81;200;9870311636;S
20240318;100251;40.81;1030;9870311642;S
20240318;100252;40.81;500;9870311687;S
20240318;100252;40.82;400;9870311767;B
20240318;100253;40.82;1000;9870311789;B
20240318;100253;40.81;10;9870311794;S
20240318;100253;40.82;230;9870311907;B
20240318;100253;40.82;600;9870311969;B
20240318;100253;40.81;1300;9870312087;S
20240318;100253;40.82;100;9870312114;B
20240318;100254;40.81;870;9870312407;S
20240318;100257;40.81;1400;9870312957;B
20240318;100257;40.82;2230;9870312958;B
20240318;100257;40.82;10;9870312959;B
20240318;100257;40.82;160;9870312960;B
20240318;100257;40.82;1720;9870312961;B
20240318;100257;40.83;370;9870313050;B
20240318;100257;40.82;10;9870313112;S
20240318;100257;40.83;1100;9870313155;B
20240318;100257;40.83;2500;9870313156;B
20240318;100257;40.83;1580;9870313157;B
20240318;100259;40.83;420;9870313362;B
20240318;100259;40.83;80;9870313363;B
20240318;100259;40.84;10;9870313373;B
20240318;100259;40.84;390;9870313374;B
20240318;100259;40.84;50;9870313403;B
20240318;100259;40.83;2470;9870313459;S
20240318;100259;40.83;1880;9870313626;B
20240318;100300;40.83;350;9870313661;B
20240318;100300;40.82;250;9870313685;S
20240318;100300;40.82;10;9870313710;S
20240318;100300;40.83;50;9870313802;B
20240318;100302;40.82;200;9870314195;S
20240318;100303;40.82;200;9870314491;S
20240318;100304;40.83;250;9870314663;B
20240318;100304;40.83;10;9870314664;B
20240318;100304;40.84;14740;9870314665;B
20240318;100304;40.84;1500;9870314722;B
20240318;100304;40.82;10;9870314797;S
20240318;100305;40.83;20;9870314903;S
20240318;100305;40.84;10;9870315003;B
20240318;100307;40.83;30;9870315444;S
20240318;100308;40.84;8130;9870315714;B
20240318;100308;40.84;50;9870315715;B
20240318;100308;40.84;10;9870315716;B
20240318;100308;40.84;1100;9870315717;B
20240318;100308;40.84;9800;9870315718;B
20240318;100308;40.84;10;9870315719;B
20240318;100308;40.84;10;9870315720;B
20240318;100308;40.84;2240;9870315721;B
20240318;100308;40.85;500;9870315722;B
20240318;100308;40.85;2160;9870315723;B
20240318;100308;40.85;10;9870315724;B
20240318;100308;40.85;10;9870315725;B
20240318;100308;40.86;1750;9870315726;B
20240318;100308;40.86;1000;9870315727;B
20240318;100308;40.86;10;9870315728;B
20240318;100308;40.86;3210;9870315729;B
20240318;100308;40.86;90;9870315731;B
20240318;100308;40.84;150;9870315830;B
20240318;100309;40.84;100;9870316007;B
20240318;100310;40.84;40;9870316080;B
20240318;100311;40.84;100;9870316258;B
20240318;100311;40.84;10;9870316439;B
20240318;100312;40.84;10;9870316539;B
20240318;100312;40.84;20;9870316567;B
20240318;100312;40.84;70;9870316602;B
20240318;100312;40.84;20;9870316603;B
20240318;100312;40.85;410;9870316604;B
20240318;100312;40.83;10;9870316657;S
20240318;100316;40.85;200;9870317418;B
20240318;100316;40.85;300;9870317421;S
20240318;100316;40.85;300;9870317558;S
20240318;100316;40.86;50;9870317658;B
20240318;100317;40.85;10;9870317753;S
20240318;100317;40.85;2200;9870317883;S
20240318;100317;40.85;500;9870317884;S
20240318;100317;40.84;10;9870317885;S
20240318;100317;40.84;1320;9870317886;S
20240318;100317;40.86;10;9870317926;B
20240318;100319;40.86;1640;9870318399;B
20240318;100319;40.86;250;9870318400;B
20240318;100319;40.86;610;9870318401;B
20240318;100319;40.85;1100;9870318402;S
20240318;100320;40.85;10;9870318506;B
20240318;100320;40.86;2170;9870318606;B
20240318;100320;40.86;10;9870318662;B
20240318;100320;40.85;100;9870318669;S
20240318;100322;40.85;170;9870318935;S
20240318;100322;40.85;10;9870319744;S
20240318;100322;40.86;250;9870319791;B
20240318;100323;40.86;10;9870319935;B
20240318;100324;40.86;470;9870320349;B
20240318;100325;40.85;10;9870320606;S
20240318;100326;40.86;140;9870320829;B
20240318;100326;40.85;10;9870320998;S
20240318;100327;40.85;250;9870321120;S
20240318;100327;40.85;500;9870321121;S
20240318;100327;40.84;250;9870321122;S
20240318;100327;40.85;20;9870321217;S
20240318;100329;40.85;20;9870321587;S
20240318;100330;40.85;30;9870321834;S
20240318;100330;40.85;10;9870321852;S
20240318;100330;40.86;100;9870321871;B
20240318;100331;40.86;400;9870321918;B
20240318;100331;40.85;190;9870321923;S
20240318;100331;40.85;810;9870321924;S
20240318;100332;40.86;9500;9870322302;B
20240318;100332;40.86;10;9870322303;B
20240318;100332;40.86;10;9870322304;B
20240318;100332;40.87;20;9870322305;B
20240318;100332;40.87;10;9870322306;B
20240318;100332;40.87;450;9870322307;B
20240318;100333;40.85;140;9870322374;S
20240318;100333;40.85;860;9870322375;S
20240318;100333;40.87;2440;9870322411;B
20240318;100335;40.87;1300;9870322770;B
20240318;100336;40.87;10;9870323070;B
20240318;100340;40.86;2470;9870324227;B
20240318;100340;40.87;16030;9870324228;B
20240318;100341;40.87;14770;9870324407;B
20240318;100341;40.87;10;9870324408;B
20240318;100341;40.87;10;9870324409;B
20240318;100341;40.87;20;9870324410;B
20240318;100341;40.87;1270;9870324411;B
20240318;100341;40.87;40;9870324412;B
20240318;100341;40.87;3750;9870324413;B
20240318;100341;40.87;20;9870324414;B
20240318;100341;40.88;50;9870324415;B
20240318;100341;40.88;10;9870324416;B
20240318;100341;40.88;90;9870324417;B
20240318;100341;40.88;9790;9870324418;B
20240318;100341;40.89;20;9870324419;B
20240318;100341;40.89;500;9870324420;B
20240318;100341;40.89;200;9870324421;B
20240318;100341;40.89;8080;9870324422;B
20240318;100341;40.89;10;9870324423;B
20240318;100341;40.89;20;9870324424;B
20240318;100341;40.9;10;9870324425;B
20240318;100341;40.9;100;9870324426;B
20240318;100341;40.9;10;9870324427;B
20240318;100341;40.9;100;9870324428;B
20240318;100341;40.9;34630;9870324429;B
20240318;100341;40.9;6490;9870324430;B
20240318;100341;40.87;70;9870324452;S
20240318;100341;40.86;150;9870324453;S
20240318;100341;40.89;2000;9870324473;B
20240318;100341;40.89;150;9870324474;B
20240318;100341;40.9;350;9870324475;B
20240318;100344;40.9;190;9870324842;B
20240318;100344;40.9;10;9870324971;B
20240318;100344;40.9;2000;9870325039;B
20240318;100346;40.9;2960;9870325393;B
20240318;100346;40.9;12200;9870325394;B
20240318;100346;40.9;3000;9870325395;B
20240318;100346;40.9;840;9870325396;B
20240318;100347;40.89;10;9870325512;S
20240318;100347;40.89;10;9870325568;S
20240318;100348;40.9;160;9870325711;B
20240318;100348;40.9;20;9870325712;B
20240318;100348;40.9;2500;9870325713;B
20240318;100348;40.9;10;9870325714;B
20240318;100348;40.9;10;9870325715;B
20240318;100348;40.91;30;9870325716;B
20240318;100348;40.91;20;9870325717;B
20240318;100348;40.91;20;9870325718;B
20240318;100348;40.91;400;9870325719;B
20240318;100348;40.91;1330;9870325720;B
20240318;100349;40.9;10;9870325953;B
20240318;100351;40.9;3740;9870326415;B
20240318;100351;40.9;2470;9870326416;B
20240318;100351;40.9;10;9870326417;B
20240318;100351;40.9;1100;9870326420;S
20240318;100351;40.91;100;9870326469;B
20240318;100352;40.9;30;9870326584;S
20240318;100352;40.9;400;9870326629;S
20240318;100353;40.91;20;9870326815;B
20240318;100354;40.91;10;9870326958;B
20240318;100355;40.91;40;9870327162;B
20240318;100356;40.91;330;9870327512;B
20240318;100356;40.91;2170;9870327513;B
20240318;100357;40.91;140;9870327730;B
20240318;100357;40.91;50;9870327778;B
20240318;100358;40.9;190;9870327995;S
20240318;100359;40.9;10;9870328027;S
20240318;100359;40.9;10;9870328138;S
20240318;100359;40.91;10;9870328205;B
20240318;100359;40.9;19610;9870328353;S
20240318;100359;40.9;10;9870328354;S
20240318;100401;40.89;20;9870328639;B
20240318;100401;40.88;1250;9870328672;S
20240318;100401;40.89;80;9870328710;B
20240318;100401;40.89;2390;9870328843;B
20240318;100401;40.89;940;9870328844;B
20240318;100401;40.88;5200;9870328849;S
20240318;100402;40.88;30;9870329048;S
20240318;100403;40.88;30;9870329295;S
20240318;100403;40.88;30;9870329297;S
20240318;100403;40.88;30;9870329306;S
20240318;100404;40.88;500;9870329381;S
20240318;100404;40.88;10;9870329516;S
20240318;100404;40.88;30;9870329519;S
20240318;100404;40.88;1000;9870329557;S
20240318;100406;40.89;200;9870329884;B
20240318;100406;40.89;3680;9870329907;B
20240318;100407;40.88;260;9870330009;S
20240318;100407;40.89;990;9870330170;B
20240318;100408;40.89;40;9870330241;B
20240318;100409;40.88;430;9870330438;S
20240318;100409;40.89;20;9870330541;B
20240318;100410;40.88;60;9870330554;S
20240318;100410;40.89;10;9870330663;B
20240318;100411;40.88;40;9870330996;S
20240318;100414;40.89;10;9870331532;B
20240318;100414;40.89;100;9870331590;B
20240318;100414;40.88;240;9870331608;S
20240318;100415;40.89;120;9870331683;B
20240318;100415;40.88;10;9870331937;S
20240318;100415;40.89;10;9870331975;B
20240318;100416;40.89;90;9870332111;B
20240318;100416;40.88;10;9870332286;S
20240318;100416;40.88;840;9870332293;S
20240318;100416;40.88;100;9870332294;S
20240318;100416;40.88;500;9870332295;S
20240318;100416;40.88;1490;9870332296;S
20240318;100416;40.88;1370;9870332298;S
20240318;100416;40.88;220;9870332302;S
20240318;100416;40.89;10;9870332352;B
20240318;100417;40.89;50;9870332395;B
20240318;100417;40.89;140;9870332553;B
20240318;100418;40.89;390;9870332651;B
20240318;100418;40.89;2010;9870332652;B
20240318;100419;40.88;10;9870333285;S
20240318;100420;40.89;10;9870333417;B
20240318;100420;40.88;910;9870333464;S
20240318;100422;40.88;90;9870333737;B
20240318;100422;40.88;910;9870333738;B
20240318;100424;40.88;1560;9870334240;B
20240318;100424;40.88;4050;9870334241;B
20240318;100424;40.88;20;9870334242;B
20240318;100424;40.88;790;9870334243;B
20240318;100424;40.89;380;9870334244;B
20240318;100424;40.89;1010;9870334245;B
20240318;100425;40.88;10;9870334359;B
20240318;100428;40.88;10;9870335030;B
20240318;100430;40.88;200;9870335446;B
20240318;100430;40.88;2250;9870335545;B
20240318;100430;40.88;2020;9870335546;B
20240318;100430;40.88;780;9870335547;B
20240318;100430;40.88;2250;9870335548;B
20240318;100432;40.88;170;9870335760;B
20240318;100435;40.87;350;9870336365;S
20240318;100435;40.87;10;9870336366;S
20240318;100435;40.87;50;9870336399;B
20240318;100435;40.87;10;9870336400;B
20240318;100435;40.86;480;9870336402;S
20240318;100435;40.86;500;9870336403;S
20240318;100435;40.86;10;9870336404;S
20240318;100435;40.84;1000;9870336405;S
20240318;100435;40.84;30;9870336406;S
20240318;100435;40.84;80;9870336407;S
20240318;100435;40.84;400;9870336408;S
20240318;100438;40.82;20;9870336997;S
20240318;100440;40.86;10;9870337592;B
20240318;100441;40.86;10;9870337733;B
20240318;100444;40.86;460;9870338263;B
20240318;100444;40.86;100;9870338264;B
20240318;100444;40.86;770;9870338265;B
20240318;100444;40.87;80;9870338266;B
20240318;100444;40.87;2470;9870338267;B
20240318;100444;40.87;7420;9870338268;B
20240318;100444;40.87;50;9870338269;B
20240318;100444;40.88;13580;9870338270;B
20240318;100444;40.88;1010;9870338271;B
20240318;100444;40.88;280;9870338272;B
20240318;100444;40.88;100;9870338273;B
20240318;100444;40.88;1000;9870338274;B
20240318;100444;40.89;3990;9870338275;B
20240318;100444;40.89;2000;9870338276;B
20240318;100444;40.89;250;9870338277;B
20240318;100444;40.89;20;9870338278;B
20240318;100444;40.89;100;9870338279;B
20240318;100444;40.89;2500;9870338280;B
20240318;100444;40.9;63820;9870338281;B
20240318;100444;40.89;1230;9870338285;B
20240318;100444;40.9;1770;9870338286;B
20240318;100444;40.88;40;9870338378;B
20240318;100445;40.88;10;9870338434;B
20240318;100447;40.84;50;9870338757;S
20240318;100448;40.86;10;9870339099;B
20240318;100450;40.87;10;9870339651;B
20240318;100450;40.86;2880;9870339685;S
20240318;100451;40.87;1420;9870339948;S
20240318;100451;40.86;980;9870339949;S
20240318;100451;40.86;780;9870339950;S
20240318;100451;40.85;1720;9870339951;S
20240318;100452;40.87;2470;9870339966;B
20240318;100452;40.88;780;9870339967;B
20240318;100452;40.86;10;9870340053;S
20240318;100452;40.85;340;9870340054;S
20240318;100453;40.87;770;9870340214;B
20240318;100453;40.88;170;9870340215;B
20240318;100453;40.88;5120;9870340216;B
20240318;100453;40.88;500;9870340217;B
20240318;100453;40.89;20;9870340218;B
20240318;100453;40.89;50;9870340219;B
20240318;100453;40.89;1080;9870340220;B
20240318;100453;40.89;2470;9870340221;B
20240318;100453;40.89;10;9870340222;B
20240318;100453;40.9;4810;9870340223;B
20240318;100458;40.89;10;9870341243;B
20240318;100459;40.89;10;9870341419;B
20240318;100500;40.89;10;9870341619;B
20240318;100502;40.88;250;9870341962;S
20240318;100504;40.88;10;9870342263;S
20240318;100505;40.88;2000;9870342492;S
20240318;100505;40.88;30;9870342519;S
20240318;100505;40.89;10;9870342535;B
20240318;100506;40.89;20;9870342684;B
20240318;100506;40.89;70;9870342698;B
20240318;100508;40.88;100;9870343020;S
20240318;100508;40.88;10;9870343042;S
20240318;100508;40.88;30;9870343078;S
20240318;100508;40.89;10;9870343094;B
20240318;100509;40.89;100;9870343190;B
20240318;100510;40.89;760;9870343509;B
20240318;100510;40.89;800;9870343510;B
20240318;100510;40.89;3440;9870343511;B
20240318;100513;40.88;5000;9870344344;S
20240318;100514;40.88;110;9870344429;S
20240318;100514;40.88;5000;9870344541;S
20240318;100515;40.89;10;9870344738;B
20240318;100515;40.88;490;9870344777;S
20240318;100516;40.88;1970;9870344805;S
20240318;100516;40.88;2000;9870344806;S
20240318;100516;40.88;4140;9870344807;S
20240318;100517;40.87;140;9870344971;S
20240318;100517;40.88;50;9870345003;B
20240318;100518;40.88;500;9870345151;B
20240318;100519;40.86;10;9870345261;S
20240318;100522;40.87;40;9870345795;B
20240318;100522;40.87;10;9870345817;B
20240318;100522;40.87;10;9870346024;B
20240318;100522;40.87;20;9870346059;B
20240318;100523;40.86;50;9870346183;S
20240318;100523;40.86;1000;9870346216;S
20240318;100525;40.87;10;9870346523;B
20240318;100526;40.88;500;9870346698;B
20240318;100527;40.87;730;9870346887;S
20240318;100527;40.87;340;9870346910;S
20240318;100527;40.87;350;9870346911;S
20240318;100527;40.87;2000;9870346912;S
20240318;100527;40.86;2340;9870346913;S
20240318;100527;40.85;3940;9870346914;S
20240318;100527;40.85;1030;9870346915;S
20240318;100529;40.88;840;9870347125;B
20240318;100529;40.88;1770;9870347126;B
20240318;100529;40.88;50;9870347161;S
20240318;100530;40.88;300;9870347206;S
20240318;100530;40.89;1000;9870347273;B
20240318;100531;40.88;40;9870347385;S
20240318;100531;40.88;40;9870347386;S
20240318;100531;40.89;50;9870347415;B
20240318;100532;40.88;500;9870347607;B
20240318;100534;40.87;20;9870348104;S
20240318;100535;40.88;10;9870348230;B
20240318;100536;40.88;20;9870348533;B
20240318;100537;40.87;10;9870348595;S
20240318;100538;40.87;50;9870349157;S
20240318;100539;40.88;80;9870349180;B
20240318;100539;40.87;120;9870349300;S
20240318;100539;40.87;880;9870349301;S
20240318;100540;40.88;30;9870349437;B
20240318;100540;40.85;360;9870349483;S
20240318;100541;40.88;20;9870349578;B
20240318;100542;40.88;10;9870349729;B
20240318;100543;40.88;10;9870349895;B
20240318;100545;40.88;100;9870350138;B
20240318;100548;40.85;3000;9870350918;S
20240318;100550;40.87;50;9870351383;S
20240318;100550;40.88;10;9870351415;B
20240318;100550;40.88;10;9870351437;B
20240318;100551;40.88;30;9870351492;B
20240318;100552;40.88;20;9870351660;B
20240318;100554;40.87;20;9870352131;S
20240318;100555;40.88;10;9870352415;B
20240318;100556;40.88;750;9870352476;B
20240318;100557;40.87;500;9870352644;S
20240318;100559;40.88;100;9870353013;B
20240318;100600;40.87;280;9870353052;S
20240318;100600;40.87;1720;9870353053;S
20240318;100600;40.87;280;9870353079;S
20240318;100600;40.86;920;9870353080;S
20240318;100600;40.85;620;9870353081;S
20240318;100600;40.85;180;9870353082;S
20240318;100600;40.87;10;9870353159;B
20240318;100602;40.87;10;9870353329;B
20240318;100603;40.87;10;9870353610;B
20240318;100604;40.87;310;9870353684;B
20240318;100607;40.85;1820;9870354301;S
20240318;100607;40.85;8180;9870354302;S
20240318;100607;40.85;210;9870354395;S
20240318;100610;40.85;120;9870354805;S
20240318;100610;40.85;130;9870354878;S
20240318;100610;40.87;10;9870354924;B
20240318;100611;40.87;2340;9870355138;B
20240318;100611;40.87;10;9870355139;B
20240318;100611;40.87;30;9870355140;B
20240318;100611;40.87;120;9870355141;B
20240318;100612;40.85;10;9870355302;S
20240318;100612;40.85;10;9870355316;S
20240318;100615;40.87;10;9870355826;B
20240318;100616;40.85;10;9870355947;S
20240318;100618;40.86;110;9870356294;S
20240318;100618;40.86;1830;9870356365;S
20240318;100618;40.86;2000;9870356366;S
20240318;100618;40.85;1170;9870356367;S
20240318;100619;40.87;40;9870356468;B
20240318;100619;40.87;260;9870356469;B
20240318;100619;40.87;2000;9870356578;B
20240318;100621;40.86;10;9870356870;S
20240318;100621;40.87;10;9870356948;B
20240318;100623;40.86;5000;9870357278;B
20240318;100623;40.86;990;9870357279;B
20240318;100623;40.86;120;9870357280;B
20240318;100623;40.86;880;9870357286;B
20240318;100623;40.87;620;9870357287;B
20240318;100624;40.86;10;9870357430;S
20240318;100624;40.86;1020;9870357496;S
20240318;100624;40.86;980;9870357497;S
20240318;100625;40.86;10;9870357695;S
20240318;100626;40.87;10;9870357868;B
20240318;100627;40.86;500;9870357885;S
20240318;100628;40.86;10;9870358053;S
20240318;100631;40.87;1530;9870358473;B
20240318;100634;40.86;500;9870359369;S
20240318;100634;40.86;10;9870359370;S
20240318;100634;40.86;10;9870359371;S
20240318;100634;40.86;590;9870359372;S
20240318;100634;40.85;80;9870359428;S
20240318;100635;40.85;40;9870359553;S
20240318;100636;40.86;40;9870359739;B
20240318;100636;40.86;5000;9870359741;B
20240318;100636;40.85;2000;9870359801;S
20240318;100637;40.85;140;9870359914;S
20240318;100637;40.85;10;9870360024;S
20240318;100639;40.86;500;9870360547;B
20240318;100640;40.85;2070;9870360775;S
20240318;100640;40.85;2930;9870360776;S
20240318;100640;40.85;2070;9870360800;S
20240318;100640;40.85;500;9870360801;S
20240318;100640;40.85;2000;9870360802;S
20240318;100640;40.85;590;9870360803;S
20240318;100641;40.85;10;9870360898;S
20240318;100641;40.86;330;9870360945;B
20240318;100642;40.85;30;9870361246;S
20240318;100643;40.86;10;9870361373;B
20240318;100643;40.86;1000;9870361440;B
20240318;100644;40.85;850;9870361581;S
20240318;100645;40.85;500;9870361814;S
20240318;100645;40.85;2380;9870361833;S
20240318;100647;40.85;1510;9870362036;S
20240318;100648;40.84;270;9870362271;S
20240318;100650;40.84;200;9870362597;S
20240318;100651;40.84;530;9870362884;S
20240318;100651;40.84;500;9870362885;S
20240318;100651;40.84;3970;9870362886;S
20240318;100652;40.85;20;9870363014;B
20240318;100652;40.84;10;9870363081;S
20240318;100653;40.85;70;9870363131;B
20240318;100653;40.85;390;9870363255;B
20240318;100655;40.85;20;9870363633;B
20240318;100655;40.86;500;9870363653;B
20240318;100655;40.84;1740;9870363718;S
20240318;100656;40.86;10;9870363742;B
20240318;100656;40.84;2200;9870364008;S
20240318;100658;40.84;10;9870364262;S
20240318;100658;40.86;10;9870364296;B
20240318;100659;40.84;30;9870364475;S
20240318;100700;40.84;30;9870364728;S
20240318;100700;40.84;2010;9870364850;S
20240318;100700;40.84;110;9870364851;S
20240318;100701;40.85;700;9870364972;B
20240318;100702;40.85;10;9870365150;B
20240318;100705;40.84;20;9870365510;S
20240318;100705;40.85;10;9870365548;B
20240318;100706;40.84;20;9870365867;S
20240318;100709;40.85;10;9870366302;B
20240318;100709;40.84;20;9870366407;S
20240318;100710;40.84;10;9870366534;S
20240318;100711;40.85;40;9870366693;B
20240318;100711;40.84;200;9870366702;S
20240318;100711;40.85;10;9870366741;B
20240318;100716;40.85;30;9870368119;B
20240318;100717;40.84;700;9870368435;S
20240318;100717;40.84;300;9870368436;S
20240318;100718;40.85;100;9870368614;B
20240318;100719;40.85;200;9870368846;B
20240318;100720;40.84;10;9870368915;S
20240318;100720;40.84;30;9870369007;S
20240318;100720;40.85;10;9870369052;B
20240318;100722;40.84;10;9870369515;S
20240318;100723;40.85;100;9870369599;B
20240318;100723;40.85;190;9870369662;B
20240318;100724;40.85;20;9870369769;B
20240318;100724;40.85;10;9870369786;B
20240318;100725;40.85;10;9870370108;B
20240318;100727;40.84;10;9870370582;S
20240318;100727;40.83;1000;9870370583;S
20240318;100727;40.83;2320;9870370584;S
20240318;100729;40.84;2890;9870371397;B
20240318;100729;40.85;2110;9870371398;B
20240318;100729;40.83;40;9870371408;S
20240318;100730;40.83;7430;9870371825;S
20240318;100730;40.82;3780;9870371826;S
20240318;100730;40.82;200;9870371827;S
20240318;100730;40.82;480;9870371828;S
20240318;100730;40.82;980;9870371829;S
20240318;100730;40.82;500;9870371830;S
20240318;100730;40.81;2000;9870371831;S
20240318;100730;40.81;100;9870371832;S
20240318;100730;40.81;6020;9870371833;S
20240318;100733;40.81;1000;9870372482;S
20240318;100733;40.82;20;9870372518;B
20240318;100734;40.81;10;9870372688;S
20240318;100734;40.81;10;9870372848;S
20240318;100736;40.82;100;9870373180;B
20240318;100736;40.81;60;9870373198;S
20240318;100738;40.81;10;9870373474;S
20240318;100738;40.81;10;9870373565;S
20240318;100739;40.82;100;9870373606;B
20240318;100739;40.81;1000;9870373621;S
20240318;100742;40.81;30;9870374338;S
20240318;100744;40.81;10;9870374613;S
20240318;100744;40.82;20;9870374633;B
20240318;100745;40.81;20;9870374713;S
20240318;100745;40.81;10;9870374830;S
20240318;100745;40.82;10;9870374836;B
20240318;100745;40.82;660;9870374854;B
20240318;100747;40.82;70;9870375210;B
20240318;100748;40.82;20;9870375541;B
20240318;100748;40.81;10;9870375580;S
20240318;100749;40.82;10;9870375823;B
20240318;100750;40.82;10;9870376062;B
20240318;100751;40.81;10;9870376137;S
20240318;100752;40.82;30;9870376337;B
20240318;100752;40.82;210;9870376338;B
20240318;100753;40.81;20;9870376557;S
20240318;100754;40.81;3330;9870376766;S
20240318;100755;40.82;40;9870376897;B
20240318;100755;40.83;500;9870376898;B
20240318;100755;40.83;60;9870376899;B
20240318;100756;40.84;1000;9870377129;B
20240318;100756;40.84;40;9870377135;B
20240318;100758;40.84;10;9870377433;B
20240318;100758;40.84;230;9870377459;B
20240318;100759;40.81;500;9870377547;S
20240318;100759;40.81;500;9870377548;S
20240318;100801;40.82;2720;9870377914;S
20240318;100801;40.83;40;9870377950;B
20240318;100801;40.84;140;9870377951;B
20240318;100801;40.84;120;9870377952;B
20240318;100801;40.84;10;9870378017;B
20240318;100801;40.82;10;9870378043;S
20240318;100803;40.82;30;9870378435;S
20240318;100807;40.82;100;9870379001;S
20240318;100808;40.85;10;9870379377;B
20240318;100809;40.85;50;9870379494;B
20240318;100810;40.82;20;9870379812;S
20240318;100812;40.85;10;9870380420;B
20240318;100817;40.82;10;9870381781;S
20240318;100818;40.84;10;9870382018;B
20240318;100820;40.82;10;9870382362;S
20240318;100825;40.84;20;9870383167;B
20240318;100825;40.84;500;9870383173;B
20240318;100825;40.84;20;9870383183;B
20240318;100826;40.84;680;9870383317;B
20240318;100826;40.85;170;9870383318;B
20240318;100826;40.82;660;9870383365;S
20240318;100826;40.82;10;9870383366;S
20240318;100826;40.81;2000;9870383367;S
20240318;100826;40.81;4900;9870383368;S
20240318;100826;40.81;370;9870383369;S
20240318;100826;40.81;700;9870383370;S
20240318;100826;40.81;9790;9870383371;S
20240318;100826;40.81;950;9870383372;S
20240318;100826;40.81;1000;9870383373;S
20240318;100826;40.8;400;9870383374;S
20240318;100826;40.8;500;9870383375;S
20240318;100826;40.8;2480;9870383376;S
20240318;100826;40.8;6240;9870383377;S
20240318;100826;40.8;20;9870383556;S
20240318;100826;40.8;250;9870383557;S
20240318;100827;40.83;10;9870383787;B
20240318;100827;40.83;900;9870383791;B
20240318;100827;40.84;80;9870383843;B
20240318;100827;40.84;20;9870383844;B
20240318;100828;40.84;50;9870383937;B
20240318;100828;40.82;30;9870384061;S
20240318;100828;40.81;230;9870384062;S
20240318;100828;40.81;1000;9870384063;S
20240318;100828;40.8;3490;9870384064;S
20240318;100828;40.8;100;9870384065;S
20240318;100828;40.8;10;9870384066;S
20240318;100828;40.8;25140;9870384067;S
20240318;100829;40.83;20;9870384125;B
20240318;100832;40.82;10;9870384803;B
20240318;100834;40.8;50;9870385250;S
20240318;100836;40.82;70;9870385554;B
20240318;100836;40.82;40;9870385555;B
20240318;100836;40.83;140;9870385556;B
20240318;100837;40.8;30;9870385689;S
20240318;100841;40.8;10;9870386584;S
20240318;100841;40.8;7810;9870386656;S
20240318;100841;40.8;150;9870386658;S
20240318;100841;40.8;500;9870386659;S
20240318;100842;40.81;500;9870386804;B
20240318;100842;40.83;320;9870386805;B
20240318;100842;40.83;180;9870386806;B
20240318;100842;40.83;490;9870386818;B
20240318;100845;40.8;10;9870387260;S
20240318;100846;40.79;5000;9870387450;S
20240318;100846;40.79;30;9870387451;S
20240318;100846;40.79;480;9870387452;S
20240318;100847;40.79;10;9870387558;B
20240318;100847;40.79;10;9870387606;B
20240318;100848;40.79;10;9870387725;B
20240318;100849;40.79;360;9870387887;B
20240318;100849;40.77;20;9870387972;S
20240318;100853;40.79;20;9870388559;B
20240318;100853;40.79;1200;9870388563;B
20240318;100853;40.77;2990;9870388734;S
20240318;100854;40.77;50;9870388782;S
20240318;100854;40.79;50;9870388824;B
20240318;100855;40.77;40;9870388929;S
20240318;100855;40.77;400;9870389106;S
20240318;100856;40.79;1000;9870389224;B
20240318;100857;40.77;8900;9870389573;S
20240318;100857;40.77;10;9870389574;S
20240318;100857;40.77;2500;9870389575;S
20240318;100857;40.77;1000;9870389576;S
20240318;100857;40.77;120;9870389577;S
20240318;100857;40.77;2000;9870389604;B
20240318;100858;40.77;20;9870389746;B
20240318;100859;40.75;100;9870389875;S
20240318;100859;40.75;20;9870389876;S
20240318;100859;40.75;180;9870389877;S
20240318;100859;40.75;10;9870389883;S
20240318;100900;40.75;10;9870389947;S
20240318;100900;40.75;10;9870389948;S
20240318;100900;40.75;10;9870389949;S
20240318;100900;40.74;10;9870389950;S
20240318;100900;40.74;50;9870389978;S
20240318;100902;40.74;500;9870390379;S
20240318;100903;40.74;240;9870390676;S
20240318;100903;40.74;80;9870390677;S
20240318;100903;40.74;1680;9870390678;S
20240318;100903;40.74;30;9870390682;S
20240318;100904;40.75;30;9870390822;B
20240318;100904;40.74;10;9870390827;S
20240318;100907;40.75;30;9870391368;B
20240318;100908;40.75;20;9870391437;B
20240318;100909;40.74;60;9870391681;S
20240318;100910;40.75;10;9870392172;B
20240318;100911;40.74;12650;9870392346;S
20240318;100911;40.73;1000;9870392347;S
20240318;100911;40.73;940;9870392348;S
20240318;100911;40.72;850;9870392349;S
20240318;100912;40.74;10;9870392556;S
20240318;100914;40.74;50;9870392937;S
20240318;100914;40.72;50;9870392938;S
20240318;100914;40.72;900;9870392939;S
20240318;100914;40.72;100;9870392940;S
20240318;100914;40.72;490;9870392941;S
20240318;100914;40.72;6290;9870392942;S
20240318;100915;40.71;500;9870393114;S
20240318;100915;40.71;200;9870393115;S
20240318;100915;40.71;210;9870393116;S
20240318;100915;40.7;90;9870393117;S
20240318;100915;40.7;10;9870393197;S
20240318;100916;40.7;500;9870393266;S
20240318;100916;40.72;70;9870393389;B
20240318;100916;40.72;20;9870393409;B
20240318;100918;40.7;20;9870393783;S
20240318;100922;40.7;20;9870395574;S
20240318;100923;40.7;570;9870395775;S
20240318;100923;40.7;10;9870395776;S
20240318;100923;40.7;20;9870395777;S
20240318;100923;40.7;390;9870395778;S
20240318;100923;40.7;10;9870395779;S
20240318;100923;40.69;50;9870395780;S
20240318;100923;40.69;320;9870395781;S
20240318;100923;40.69;920;9870395782;S
20240318;100923;40.68;4280;9870395783;S
20240318;100923;40.68;100;9870395784;S
20240318;100923;40.68;300;9870395785;S
20240318;100923;40.68;10;9870395786;S
20240318;100923;40.67;20;9870395787;S
20240318;100923;40.67;1000;9870395788;S
20240318;100923;40.67;7420;9870395789;S
20240318;100923;40.66;50;9870395790;S
20240318;100923;40.66;490;9870395791;S
20240318;100923;40.66;6260;9870395792;S
20240318;100923;40.67;20;9870395794;B
20240318;100923;40.68;250;9870395818;B
20240318;100923;40.68;10;9870395826;B
20240318;100923;40.67;40;9870395883;S
20240318;100923;40.68;30;9870395887;B
20240318;100925;40.68;200;9870396104;B
20240318;100925;40.68;10;9870396182;B
20240318;100928;40.67;10;9870397075;S
20240318;100929;40.66;10;9870397170;S
20240318;100930;40.71;10;9870397378;B
20240318;100930;40.71;10;9870397411;B
20240318;100931;40.66;10;9870397619;S
20240318;100931;40.71;480;9870397692;B
20240318;100931;40.71;80;9870397693;B
20240318;100931;40.71;440;9870397694;B
20240318;100932;40.66;500;9870397729;S
20240318;100932;40.67;420;9870397862;S
20240318;100932;40.66;120;9870397863;S
20240318;100932;40.66;50;9870397864;S
20240318;100932;40.66;410;9870397865;S
20240318;100933;40.72;300;9870397986;B
20240318;100933;40.66;10;9870398005;S
20240318;100935;40.66;500;9870398412;S
20240318;100936;40.72;30;9870398775;B
20240318;100936;40.69;10;9870398829;S
20240318;100939;40.69;50;9870399245;S
20240318;100942;40.72;10;9870399949;B
20240318;100944;40.72;20;9870400254;B
20240318;100944;40.72;10;9870400332;B
20240318;100946;40.68;20;9870400565;S
20240318;100949;40.72;100;9870401176;B
20240318;100949;40.68;10;9870401224;S
20240318;100950;40.72;20;9870401352;B
20240318;100950;40.72;30;9870401353;B
20240318;100951;40.71;490;9870401443;B
20240318;100951;40.73;2510;9870401444;B
20240318;100951;40.7;100;9870401480;S
20240318;100951;40.7;10;9870401513;S
20240318;100955;40.74;10;9870402103;B
20240318;100955;40.74;10;9870402179;B
20240318;100955;40.74;10;9870402234;B
20240318;100955;40.74;30;9870402235;B
20240318;100955;40.74;60;9870402236;B
20240318;100958;40.71;30;9870402651;S
20240318;100958;40.71;1970;9870402652;S
20240318;101000;40.73;200;9870403209;B
20240318;101002;40.7;20;9870403604;S
20240318;101002;40.7;50;9870403628;S
20240318;101003;40.7;40;9870403809;S
20240318;101005;40.7;10;9870404425;S
20240318;101010;40.73;20;9870406030;B
20240318;101011;40.7;260;9870406173;S
20240318;101011;40.7;1590;9870406174;S
20240318;101012;40.73;10;9870406379;B
20240318;101012;40.73;20;9870406481;B
20240318;101014;40.73;10;9870407467;B
20240318;101014;40.73;20;9870407472;B
20240318;101019;40.72;20;9870408608;B
20240318;101020;40.72;470;9870408873;B
20240318;101020;40.73;20;9870408874;B
20240318;101021;40.73;10;9870409015;S
20240318;101022;40.74;10;9870409219;B
20240318;101023;40.73;850;9870409384;S
20240318;101023;40.73;30;9870409428;S
20240318;101025;40.75;50;9870410084;B
20240318;101025;40.75;820;9870410085;B
20240318;101025;40.75;270;9870410086;B
20240318;101025;40.75;10;9870410141;S
20240318;101026;40.75;80;9870410216;S
20240318;101026;40.75;10;9870410224;S
20240318;101027;40.76;10;9870410400;B
20240318;101027;40.75;20;9870410466;S
20240318;101027;40.76;30;9870410486;B
20240318;101027;40.75;10;9870410541;S
20240318;101029;40.76;80;9870411086;B
20240318;101029;40.77;40;9870411087;B
20240318;101030;40.75;240;9870411236;S
20240318;101030;40.77;500;9870411255;B
20240318;101031;40.77;20;9870411506;B
20240318;101032;40.75;10;9870411575;S
20240318;101032;40.77;30;9870411595;B
20240318;101032;40.77;30;9870411620;B
20240318;101033;40.77;10;9870411826;B
20240318;101034;40.77;10;9870412011;B
20240318;101034;40.75;100;9870412119;S
20240318;101038;40.77;60;9870413076;B
20240318;101038;40.75;30;9870413078;S
20240318;101039;40.75;30;9870413122;S
20240318;101041;40.77;10;9870413850;B
20240318;101042;40.75;250;9870413925;S
20240318;101043;40.75;570;9870414150;S
20240318;101043;40.75;10;9870414151;S
20240318;101043;40.74;1620;9870414152;S
20240318;101044;40.76;100;9870414337;B
20240318;101044;40.76;110;9870414476;B
20240318;101047;40.76;1760;9870415120;B
20240318;101047;40.76;800;9870415121;B
20240318;101048;40.77;30;9870415156;B
20240318;101049;40.77;4710;9870415505;B
20240318;101049;40.77;10;9870415506;B
20240318;101049;40.77;380;9870415507;B
20240318;101049;40.77;20;9870415528;B
20240318;101050;40.77;10;9870415618;B
20240318;101050;40.77;10;9870415657;B
20240318;101051;40.76;10;9870415739;S
20240318;101052;40.77;1000;9870415956;B
20240318;101052;40.77;10;9870416094;B
20240318;101053;40.77;10;9870416251;B
20240318;101054;40.76;2500;9870416290;S
20240318;101054;40.76;120;9870416368;S
20240318;101055;40.77;1000;9870416707;B
20240318;101056;40.76;930;9870416918;S
20240318;101056;40.75;390;9870416919;S
20240318;101059;40.77;30;9870417710;B
20240318;101101;40.77;10;9870418266;B
20240318;101101;40.77;10;9870418306;B
20240318;101104;40.74;60;9870419471;S
20240318;101104;40.76;250;9870419541;B
20240318;101106;40.76;10;9870419829;B
20240318;101113;40.76;2480;9870421439;B
20240318;101113;40.76;810;9870421440;B
20240318;101113;40.77;2710;9870421441;B
20240318;101113;40.74;20;9870421486;S
20240318;101113;40.76;1000;9870421502;B
20240318;101115;40.74;10;9870421753;S
20240318;101118;40.74;710;9870422760;S
20240318;101118;40.74;400;9870422761;S
20240318;101118;40.73;40;9870422762;S
20240318;101118;40.73;490;9870422763;S
20240318;101118;40.73;2940;9870422764;S
20240318;101120;40.75;10;9870423221;B
20240318;101122;40.75;10;9870423894;B
20240318;101123;40.75;10;9870424220;B
20240318;101124;40.72;50;9870424528;S
20240318;101125;40.75;130;9870424785;B
20240318;101125;40.75;790;9870424786;B
20240318;101125;40.76;80;9870424787;B
20240318;101126;40.76;30;9870425035;B
20240318;101127;40.76;210;9870425528;B
20240318;101127;40.76;90;9870425529;B
20240318;101129;40.76;400;9870425884;B
20240318;101129;40.76;1870;9870425885;B
20240318;101129;40.76;230;9870425886;B
20240318;101129;40.76;10;9870425887;B
20240318;101130;40.77;1300;9870426143;B
20240318;101130;40.73;10;9870426296;S
20240318;101132;40.76;10;9870426698;B
20240318;101132;40.74;10;9870426794;S
20240318;101133;40.76;20;9870426909;B
20240318;101133;40.76;10;9870427022;B
20240318;101133;40.76;10;9870427023;B
20240318;101133;40.76;280;9870427024;B
20240318;101135;40.77;4500;9870427406;B
20240318;101135;40.77;10;9870427407;B
20240318;101135;40.77;50;9870427408;B
20240318;101135;40.77;1440;9870427409;B
20240318;101139;40.75;110;9870428322;S
20240318;101139;40.75;30;9870428421;S
20240318;101140;40.76;10;9870428638;B
20240318;101141;40.73;120;9870428843;S
20240318;101143;40.73;10;9870429221;S
20240318;101145;40.73;350;9870429552;S
20240318;101145;40.73;150;9870429553;S
20240318;101147;40.76;10;9870430159;B
20240318;101147;40.76;100;9870430264;B
20240318;101147;40.75;190;9870430321;S
20240318;101147;40.74;60;9870430322;S
20240318;101147;40.76;480;9870430374;B
20240318;101147;40.77;6770;9870430375;B
20240318;101148;40.74;100;9870430420;S
20240318;101149;40.75;10;9870430627;S
20240318;101150;40.75;10;9870430879;S
20240318;101151;40.75;20;9870430926;S
20240318;101154;40.75;210;9870431446;S
20240318;101154;40.75;240;9870431447;S
20240318;101154;40.75;50;9870431448;S
20240318;101154;40.74;490;9870431449;S
20240318;101154;40.74;820;9870431450;S
20240318;101154;40.74;2470;9870431451;S
20240318;101154;40.74;50;9870431452;S
20240318;101154;40.73;50;9870431453;S
20240318;101154;40.73;1000;9870431454;S
20240318;101154;40.73;3480;9870431455;S
20240318;101154;40.72;950;9870431456;S
20240318;101154;40.72;380;9870431457;S
20240318;101154;40.72;20000;9870431458;S
20240318;101154;40.71;100;9870431459;S
20240318;101154;40.71;30;9870431460;S
20240318;101154;40.71;80;9870431461;S
20240318;101154;40.7;3160;9870431462;S
20240318;101154;40.7;440;9870431463;S
20240318;101156;40.75;10;9870432505;B
20240318;101157;40.75;110;9870432840;B
20240318;101157;40.71;10;9870432943;S
20240318;101157;40.71;10;9870432944;S
20240318;101157;40.71;10;9870432947;S
20240318;101158;40.75;20;9870433275;B
20240318;101158;40.75;10;9870433373;B
20240318;101159;40.75;10;9870433585;B
20240318;101159;40.73;10;9870433591;S
20240318;101201;40.73;10;9870434023;S
20240318;101202;40.75;100;9870434130;B
20240318;101203;40.73;10;9870434385;S
20240318;101204;40.75;230;9870434658;B
20240318;101204;40.76;70;9870434659;B
20240318;101205;40.73;10;9870434942;S
20240318;101206;40.76;10;9870434954;B
20240318;101206;40.76;800;9870434955;B
20240318;101206;40.77;410;9870434956;B
20240318;101207;40.77;10;9870435151;B
20240318;101208;40.74;10;9870435454;S
20240318;101208;40.74;20;9870435540;S
20240318;101209;40.77;2620;9870435706;B
20240318;101210;40.77;500;9870435950;S
20240318;101211;40.78;790;9870436276;B
20240318;101211;40.78;6210;9870436277;B
20240318;101214;40.77;10;9870436824;S
20240318;101215;40.78;10;9870436882;B
20240318;101215;40.77;520;9870436899;S
20240318;101215;40.77;10;9870436917;S
20240318;101217;40.77;1000;9870437263;S
20240318;101217;40.77;340;9870437291;S
20240318;101217;40.76;30;9870437292;S
20240318;101217;40.76;80;9870437293;S
20240318;101217;40.78;10;9870437294;B
20240318;101219;40.76;100;9870437848;S
20240318;101220;40.78;10;9870437959;B
20240318;101220;40.76;100;9870438049;S
20240318;101221;40.76;20;9870438174;S
20240318;101223;40.74;10;9870438670;S
20240318;101223;40.74;240;9870438864;S
20240318;101223;40.73;10;9870438871;S
20240318;101224;40.77;100;9870439045;B
20240318;101226;40.77;600;9870439522;B
20240318;101227;40.77;10;9870439578;B
20240318;101227;40.78;150;9870439604;B
20240318;101228;40.74;10;9870439766;S
20240318;101229;40.74;20;9870440051;S
20240318;101231;40.77;20;9870440428;B
20240318;101237;40.77;10;9870441760;B
20240318;101238;40.77;10;9870442023;B
20240318;101240;40.74;350;9870442399;S
20240318;101242;40.77;10;9870442803;B
20240318;101243;40.77;10;9870442865;B
20240318;101243;40.77;20;9870443084;B
20240318;101244;40.77;20;9870443123;B
20240318;101248;40.77;10;9870443932;B
20240318;101251;40.78;10;9870444872;B
20240318;101253;40.78;520;9870445113;B
20240318;101253;40.78;770;9870445114;B
20240318;101253;40.78;1000;9870445115;B
20240318;101253;40.78;770;9870445116;B
20240318;101253;40.78;2220;9870445117;B
20240318;101253;40.79;600;9870445118;B
20240318;101253;40.79;600;9870445119;B
20240318;101253;40.79;5520;9870445120;B
20240318;101253;40.79;30;9870445123;B
20240318;101253;40.76;10;9870445124;S
20240318;101255;40.76;10;9870445648;S
20240318;101256;40.77;240;9870445878;B
20240318;101257;40.77;10;9870446201;B
20240318;101257;40.78;50;9870446202;B
20240318;101259;40.76;10;9870446817;S
20240318;101300;40.78;10;9870447145;B
20240318;101301;40.76;460;9870447194;S
20240318;101301;40.75;760;9870447195;S
20240318;101301;40.74;80;9870447196;S
20240318;101301;40.74;700;9870447197;S
20240318;101302;40.78;10;9870447614;B
20240318;101305;40.76;70;9870448063;B
20240318;101309;40.76;10;9870448940;B
20240318;101310;40.76;70;9870449188;B
20240318;101310;40.76;950;9870449317;B
20240318;101310;40.76;760;9870449318;B
20240318;101310;40.76;490;9870449319;B
20240318;101310;40.77;7800;9870449320;B
20240318;101311;40.76;550;9870449680;B
20240318;101311;40.77;9200;9870449681;B
20240318;101311;40.78;250;9870449682;B
20240318;101311;40.74;2470;9870449767;S
20240318;101311;40.74;230;9870449768;S
20240318;101312;40.74;10;9870449988;S
20240318;101312;40.75;100;9870449989;B
20240318;101312;40.77;280;9870449990;B
20240318;101312;40.78;700;9870449991;B
20240318;101312;40.78;5170;9870449992;B
20240318;101312;40.78;760;9870449993;B
20240318;101312;40.79;2990;9870449994;B
20240318;101312;40.79;10;9870450044;B
20240318;101312;40.8;40;9870450121;B
20240318;101312;40.8;170;9870450122;B
20240318;101312;40.8;230;9870450123;B
20240318;101313;40.8;170;9870450314;B
20240318;101313;40.8;1000;9870450315;B
20240318;101313;40.8;2000;9870450316;B
20240318;101313;40.8;10;9870450317;B
20240318;101313;40.8;800;9870450318;B
20240318;101313;40.8;6020;9870450319;B
20240318;101313;40.8;10000;9870450390;B
20240318;101314;40.8;10000;9870450531;B
20240318;101321;40.78;2470;9870452365;S
20240318;101321;40.78;3000;9870452366;S
20240318;101321;40.77;490;9870452367;S
20240318;101321;40.77;3700;9870452368;S
20240318;101323;40.8;1700;9870452823;B
20240318;101323;40.8;10;9870452876;B
20240318;101324;40.79;10;9870453550;S
20240318;101325;40.8;2000;9870453648;B
20240318;101328;40.79;20;9870454391;S
20240318;101328;40.8;20;9870454459;B
20240318;101329;40.8;30;9870454770;B
20240318;101330;40.79;10;9870454923;S
20240318;101330;40.8;10;9870454943;B
20240318;101330;40.79;10;9870454946;S
20240318;101334;40.8;10;9870455610;B
20240318;101334;40.8;10;9870455760;B
20240318;101334;40.8;60;9870455893;B
20240318;101340;40.8;20;9870457135;B
20240318;101341;40.8;20;9870457231;B
20240318;101342;40.79;2000;9870457409;S
20240318;101342;40.8;3000;9870457438;B
20240318;101343;40.79;110;9870457676;S
20240318;101343;40.79;10;9870457688;S
20240318;101346;40.8;10;9870458229;B
20240318;101346;40.8;30;9870458237;B
20240318;101346;40.79;10;9870458268;S
20240318;101347;40.8;100;9870458312;B
20240318;101347;40.79;30;9870458339;S
20240318;101350;40.8;20;9870459021;B
20240318;101351;40.79;10;9870459250;S
20240318;101351;40.8;460;9870459251;B
20240318;101352;40.8;1470;9870459439;B
20240318;101352;40.8;30;9870459440;B
20240318;101352;40.8;150;9870459441;B
20240318;101353;40.79;10;9870459699;S
20240318;101353;40.8;10;9870459711;B
20240318;101354;40.79;10;9870459800;S
20240318;101355;40.8;10;9870459920;B
20240318;101356;40.8;10;9870460190;B
20240318;101357;40.8;10;9870460332;B
20240318;101358;40.79;30;9870460451;S
20240318;101358;40.8;20;9870460552;B
20240318;101359;40.8;20;9870460573;B
20240318;101359;40.79;10;9870460637;S
20240318;101404;40.8;50;9870461901;B
20240318;101405;40.79;30;9870462068;S
20240318;101405;40.8;10;9870462078;B
20240318;101406;40.79;30;9870462082;S
20240318;101406;40.8;100;9870462133;B
20240318;101409;40.8;10;9870463001;B
20240318;101410;40.79;10;9870463291;S
20240318;101411;40.79;10;9870463359;S
20240318;101411;40.8;20;9870463436;B
20240318;101412;40.8;10;9870463580;B
20240318;101413;40.79;10;9870463803;S
20240318;101415;40.8;10;9870464207;B
20240318;101417;40.8;20;9870464727;B
20240318;101417;40.81;10;9870464728;B
20240318;101417;40.81;20;9870464729;B
20240318;101417;40.81;10;9870464730;B
20240318;101417;40.81;750;9870464731;B
20240318;101417;40.81;1980;9870464732;B
20240318;101417;40.82;100;9870464733;B
20240318;101417;40.82;430;9870464734;B
20240318;101420;40.81;10;9870465579;B
20240318;101420;40.81;10;9870465638;B
20240318;101422;40.81;100;9870465887;B
20240318;101424;40.81;20;9870466197;B
20240318;101424;40.81;850;9870466252;B
20240318;101424;40.81;160;9870466253;B
20240318;101427;40.8;10;9870466889;S
20240318;101428;40.81;10;9870467011;S
20240318;101428;40.81;160;9870467016;S
20240318;101429;40.81;10;9870467209;S
20240318;101431;40.82;20;9870467492;B
20240318;101433;40.79;10;9870467869;S
20240318;101433;40.79;620;9870467921;S
20240318;101433;40.79;60;9870467922;S
20240318;101433;40.79;10;9870467923;S
20240318;101433;40.78;100;9870467924;S
20240318;101433;40.78;740;9870467925;S
20240318;101433;40.78;2470;9870467926;S
20240318;101433;40.77;490;9870467927;S
20240318;101433;40.77;4210;9870467928;S
20240318;101434;40.78;20;9870468066;S
20240318;101437;40.78;10;9870468548;B
20240318;101438;40.79;740;9870468599;B
20240318;101438;40.79;490;9870468600;B
20240318;101438;40.8;490;9870468601;B
20240318;101438;40.8;2000;9870468602;B
20240318;101438;40.8;2470;9870468603;B
20240318;101440;40.81;220;9870468952;B
20240318;101440;40.81;20;9870468971;B
20240318;101440;40.81;10;9870468978;B
20240318;101441;40.8;10;9870469168;S
20240318;101444;40.8;500;9870469494;S
20240318;101445;40.81;30;9870469705;B
20240318;101446;40.81;20;9870469759;B
20240318;101446;40.81;200;9870469794;B
20240318;101446;40.82;50;9870469795;B
20240318;101446;40.82;10;9870469796;B
20240318;101446;40.82;320;9870469797;B
20240318;101446;40.82;360;9870469798;B
20240318;101447;40.82;60;9870470013;B
20240318;101449;40.8;10;9870470379;S
20240318;101452;40.8;10;9870470856;S
20240318;101455;40.82;10;9870471167;B
20240318;101455;40.8;520;9870471233;S
20240318;101456;40.82;490;9870471422;B
20240318;101457;40.8;50;9870471572;S
20240318;101458;40.81;10;9870471797;B
20240318;101500;40.8;2710;9870471982;S
20240318;101500;40.78;490;9870471983;S
20240318;101500;40.78;2470;9870471984;S
20240318;101500;40.78;50;9870471985;S
20240318;101500;40.77;2220;9870471986;S
20240318;101500;40.77;880;9870471987;S
20240318;101500;40.77;40;9870472040;S
20240318;101500;40.81;120;9870472050;B
20240318;101500;40.81;490;9870472051;B
20240318;101500;40.81;870;9870472052;B
20240318;101500;40.81;60;9870472109;B
20240318;101500;40.82;2420;9870472110;B
20240318;101500;40.78;20;9870472151;S
20240318;101501;40.81;30;9870472171;B
20240318;101501;40.81;20;9870472172;B
20240318;101501;40.82;2430;9870472173;B
20240318;101503;40.82;30;9870472829;B
20240318;101506;40.82;10;9870473510;B
20240318;101507;40.83;10;9870473926;B
20240318;101508;40.83;30;9870473993;B
20240318;101508;40.83;370;9870473994;B
20240318;101508;40.82;220;9870474347;S
20240318;101514;40.82;120;9870475717;S
20240318;101514;40.82;10;9870475719;S
20240318;101514;40.82;10;9870475851;S
20240318;101515;40.82;150;9870475955;S
20240318;101515;40.83;10;9870476027;B
20240318;101515;40.82;10;9870476161;S
20240318;101516;40.82;10;9870476187;S
20240318;101516;40.82;10;9870476188;S
20240318;101516;40.83;70;9870476416;B
20240318;101516;40.83;180;9870476417;B
20240318;101517;40.82;10;9870476737;S
20240318;101518;40.82;10;9870476937;S
20240318;101518;40.82;10;9870476998;S
20240318;101519;40.83;370;9870477219;B
20240318;101521;40.82;10;9870477616;S
20240318;101522;40.83;180;9870477929;B
20240318;101523;40.82;10;9870478118;S
20240318;101523;40.83;10;9870478303;B
20240318;101524;40.82;60;9870478368;S
20240318;101524;40.83;1260;9870478498;B
20240318;101524;40.83;720;9870478499;B
20240318;101524;40.83;10;9870478500;B
20240318;101524;40.84;10;9870478501;B
20240318;101525;40.84;100;9870478608;B
20240318;101527;40.84;10;9870479177;B
20240318;101532;40.83;10;9870480655;B
20240318;101532;40.82;10;9870480778;S
20240318;101533;40.84;50;9870480988;B
20240318;101533;40.84;20;9870481033;B
20240318;101533;40.84;60;9870481061;B
20240318;101533;40.84;8940;9870481062;B
20240318;101534;40.84;20;9870481343;B
20240318;101536;40.83;10;9870481657;B
20240318;101538;40.82;10;9870482225;S
20240318;101540;40.84;30;9870482773;B
20240318;101541;40.82;500;9870483518;S
20240318;101543;40.84;400;9870483955;B
20240318;101544;40.82;10;9870484470;S
20240318;101545;40.84;10;9870484691;B
20240318;101547;40.84;10;9870485404;B
20240318;101547;40.82;50;9870485689;S
20240318;101549;40.82;400;9870486463;S
20240318;101550;40.84;10;9870486658;B
20240318;101551;40.82;20;9870487074;S
20240318;101551;40.82;20;9870487075;S
20240318;101551;40.82;1000;9870487123;S
20240318;101555;40.84;10;9870488176;B
20240318;101555;40.83;110;9870488211;B
20240318;101556;40.82;10;9870488304;S
20240318;101557;40.82;10;9870488529;S
20240318;101558;40.83;50;9870488819;B
20240318;101601;40.83;100;9870489872;B
20240318;101601;40.83;790;9870489873;B
20240318;101601;40.84;110;9870489874;B
20240318;101603;40.82;10;9870490172;S
20240318;101603;40.83;10;9870490293;S
20240318;101603;40.84;20;9870490302;B
20240318;101603;40.84;50;9870490307;B
20240318;101604;40.83;20;9870490378;S
20240318;101606;40.83;20;9870491084;S
20240318;101607;40.84;30;9870491698;B
20240318;101609;40.84;10;9870492258;B
20240318;101610;40.83;10;9870492591;S
20240318;101610;40.82;90;9870492592;S
20240318;101611;40.82;20;9870492812;S
20240318;101611;40.82;570;9870492824;S
20240318;101611;40.81;200;9870492836;S
20240318;101611;40.81;30;9870492844;S
20240318;101612;40.82;840;9870492869;B
20240318;101612;40.82;2000;9870492870;B
20240318;101612;40.83;560;9870492871;B
20240318;101612;40.83;2470;9870492872;B
20240318;101612;40.84;2130;9870492873;B
20240318;101612;40.84;10;9870493124;B
20240318;101613;40.84;400;9870493230;B
20240318;101617;40.82;10;9870494498;S
20240318;101618;40.82;10;9870494685;S
20240318;101618;40.83;10;9870494697;B
20240318;101619;40.81;10;9870495342;S
20240318;101619;40.83;120;9870495426;B
20240318;101621;40.82;30;9870495762;S
20240318;101621;40.82;20;9870495943;S
20240318;101622;40.82;10;9870496031;S
20240318;101623;40.82;10;9870496237;S
20240318;101625;40.82;10;9870496941;S
20240318;101626;40.83;20;9870497270;B
20240318;101626;40.81;20;9870497342;S
20240318;101627;40.83;100;9870497555;B
20240318;101629;40.81;50;9870497889;S
20240318;101629;40.83;10;9870498090;B
20240318;101631;40.83;10;9870498638;B
20240318;101634;40.83;10;9870499268;B
20240318;101638;40.82;240;9870500292;S
20240318;101638;40.82;10;9870500380;S
20240318;101639;40.83;750;9870500526;B
20240318;101639;40.83;140;9870500614;B
20240318;101641;40.82;20;9870501153;S
20240318;101641;40.82;20;9870501267;S
20240318;101641;40.83;10;9870501294;B
20240318;101642;40.83;7000;9870501486;B
20240318;101643;40.82;150;9870501551;S
20240318;101643;40.83;1000;9870501617;B
20240318;101645;40.82;10;9870501955;S
20240318;101645;40.83;30;9870501958;B
20240318;101648;40.83;10;9870502693;B
20240318;101648;40.83;60;9870502715;B
20240318;101649;40.82;30;9870503036;S
20240318;101650;40.82;10;9870503229;S
20240318;101651;40.83;10;9870503493;B
20240318;101651;40.83;10;9870503499;B
20240318;101653;40.83;10;9870503849;B
20240318;101655;40.82;10;9870504340;S
20240318;101655;40.82;300;9870504397;S
20240318;101657;40.82;10;9870504674;S
20240318;101657;40.83;20;9870504760;B
20240318;101659;40.82;40;9870505173;S
20240318;101659;40.83;10;9870505176;B
20240318;101659;40.82;10;9870505246;S
20240318;101700;40.82;10;9870505342;S
20240318;101701;40.83;10;9870505623;B
20240318;101701;40.83;10;9870505729;B
20240318;101707;40.82;10;9870507057;S
20240318;101708;40.82;1200;9870507101;S
20240318;101708;40.82;130;9870507159;S
20240318;101711;40.83;10;9870507616;B
20240318;101711;40.82;20;9870507632;S
20240318;101712;40.82;10;9870507823;S
20240318;101712;40.83;20;9870507915;B
20240318;101713;40.82;10;9870508057;S
20240318;101714;40.82;20;9870508231;S
20240318;101714;40.82;160;9870508232;S
20240318;101715;40.82;10;9870509136;S
20240318;101716;40.82;640;9870509370;S
20240318;101716;40.82;10;9870509371;S
20240318;101716;40.82;2440;9870509372;S
20240318;101717;40.81;490;9870510095;S
20240318;101718;40.82;10;9870510166;B
20240318;101718;40.82;10;9870510280;B
20240318;101718;40.81;10;9870510320;S
20240318;101719;40.82;10;9870510614;B
20240318;101719;40.82;10;9870510633;B
20240318;101719;40.81;10;9870510636;S
20240318;101720;40.82;10;9870510825;B
20240318;101721;40.82;10;9870510988;B
20240318;101722;40.81;10;9870512535;S
20240318;101723;40.81;10;9870512682;S
20240318;101726;40.81;10;9870514829;S
20240318;101726;40.82;70;9870514916;B
20240318;101727;40.82;30;9870515081;B
20240318;101727;40.81;10;9870515168;S
20240318;101728;40.81;20;9870515402;S
20240318;101730;40.81;8920;9870515808;S
20240318;101730;40.81;8170;9870515809;S
20240318;101730;40.82;20;9870515883;B
20240318;101730;40.82;10;9870515943;B
20240318;101732;40.81;20;9870516229;S
20240318;101732;40.82;240;9870516374;B
20240318;101733;40.82;120;9870516527;B
20240318;101734;40.82;10;9870516643;B
20240318;101734;40.81;10;9870516692;S
20240318;101734;40.81;50;9870516750;S
20240318;101735;40.81;1000;9870516760;S
20240318;101735;40.82;10;9870516793;B
20240318;101738;40.82;300;9870517420;B
20240318;101739;40.82;30;9870517651;B
20240318;101739;40.82;10;9870517755;B
20240318;101740;40.81;10;9870518046;S
20240318;101741;40.82;10;9870518231;B
20240318;101741;40.81;500;9870518322;S
20240318;101742;40.81;10;9870518460;S
20240318;101743;40.82;10;9870518573;B
20240318;101743;40.82;10;9870518617;B
20240318;101743;40.82;20;9870518646;B
20240318;101744;40.82;10;9870518779;B
20240318;101744;40.81;10;9870518811;S
20240318;101745;40.82;50;9870518907;B
20240318;101749;40.82;20;9870519861;B
20240318;101751;40.82;10;9870520131;B
20240318;101751;40.81;20;9870520164;S
20240318;101751;40.81;20;9870520165;S
20240318;101751;40.81;20;9870520216;B
20240318;101752;40.81;10;9870520327;B
20240318;101756;40.8;20;9870521025;S
20240318;101756;40.8;290;9870521026;S
20240318;101756;40.79;3690;9870521027;S
20240318;101759;40.79;20;9870521728;S
20240318;101759;40.79;30;9870521824;S
20240318;101800;40.78;10;9870521857;S
20240318;101800;40.81;30;9870521861;B
20240318;101801;40.81;20;9870522102;B
20240318;101802;40.79;10;9870522313;S
20240318;101808;40.81;10;9870523924;B
20240318;101808;40.81;10;9870524098;B
20240318;101811;40.81;60;9870524548;B
20240318;101811;40.81;40;9870524549;B
20240318;101811;40.81;10;9870524736;B
20240318;101813;40.78;200;9870525256;S
20240318;101813;40.81;30;9870525259;B
20240318;101814;40.78;1000;9870525288;S
20240318;101814;40.78;10;9870525328;S
20240318;101816;40.78;10;9870525718;S
20240318;101816;40.78;10;9870525843;S
20240318;101817;40.78;10;9870525974;S
20240318;101819;40.78;10;9870526611;S
20240318;101821;40.81;20;9870526939;B
20240318;101821;40.8;10;9870527056;S
20240318;101822;40.81;10;9870527171;B
20240318;101822;40.8;10;9870527288;S
20240318;101822;40.8;10;9870527433;S
20240318;101822;40.79;40;9870527434;S
20240318;101823;40.81;10;9870527469;B
20240318;101823;40.78;20;9870527670;S
20240318;101824;40.81;10;9870527843;B
20240318;101826;40.81;100;9870528250;B
20240318;101827;40.78;110;9870528974;S
20240318;101828;40.81;10;9870529592;B
20240318;101829;40.81;10;9870529665;B
20240318;101829;40.81;10;9870529920;B
20240318;101832;40.78;10;9870530364;S
20240318;101833;40.81;10;9870530625;B
20240318;101835;40.79;10;9870531204;B
20240318;101835;40.78;10;9870531312;S
20240318;101836;40.78;120;9870531356;S
20240318;101838;40.78;20;9870531746;S
20240318;101838;40.78;240;9870531758;S
20240318;101838;40.79;10;9870531847;B
20240318;101839;40.78;10;9870532068;S
20240318;101841;40.78;50;9870532573;S
20240318;101841;40.79;180;9870532577;B
20240318;101841;40.79;340;9870532578;B
20240318;101842;40.78;30;9870532894;S
20240318;101842;40.79;20;9870532963;B
20240318;101843;40.79;1170;9870533108;B
20240318;101844;40.81;20;9870533190;B
20240318;101847;40.78;10;9870533971;S
20240318;101847;40.78;590;9870533999;S
20240318;101847;40.78;490;9870534000;S
20240318;101847;40.77;10;9870534173;S
20240318;101848;40.77;20;9870534412;S
20240318;101848;40.77;1200;9870534429;S
20240318;101850;40.77;250;9870534774;S
20240318;101851;40.77;30;9870535134;S
20240318;101853;40.77;10;9870535511;S
20240318;101854;40.78;10;9870535727;B
20240318;101854;40.77;40;9870535809;S
20240318;101854;40.78;10;9870535821;B
20240318;101855;40.77;20;9870535939;S
20240318;101855;40.77;310;9870536056;S
20240318;101855;40.78;10;9870536102;B
20240318;101856;40.77;20;9870536338;S
20240318;101856;40.77;20;9870536409;S
20240318;101856;40.77;20;9870536461;S
20240318;101857;40.77;20;9870536634;S
20240318;101857;40.78;20;9870536752;B
20240318;101858;40.78;10;9870536820;B
20240318;101858;40.77;10;9870536970;S
20240318;101859;40.77;40;9870537153;S
20240318;101900;40.77;10;9870537304;S
20240318;101900;40.78;2470;9870537485;B
20240318;101900;40.77;60;9870537500;S
20240318;101903;40.78;60;9870538328;B
20240318;101903;40.77;390;9870538353;S
20240318;101903;40.77;550;9870538354;S
20240318;101903;40.78;60;9870538425;B
20240318;101908;40.78;2270;9870539998;B
20240318;101908;40.78;900;9870539999;B
20240318;101908;40.78;990;9870540000;B
20240318;101908;40.79;10;9870540144;B
20240318;101908;40.79;50;9870540202;B
20240318;101909;40.78;20;9870540529;S
20240318;101910;40.79;10;9870540703;B
20240318;101910;40.78;10;9870540788;S
20240318;101912;40.77;50;9870541212;S
20240318;101912;40.77;500;9870541221;S
20240318;101913;40.77;200;9870541447;S
20240318;101915;40.77;20;9870542313;S
20240318;101916;40.77;30;9870542598;S
20240318;101917;40.77;10;9870542796;S
20240318;101917;40.77;10;9870542804;S
20240318;101917;40.78;20;9870542813;B
20240318;101919;40.77;10;9870543193;S
20240318;101920;40.78;50;9870543489;B
20240318;101920;40.78;20;9870543513;B
20240318;101921;40.77;30;9870543588;S
20240318;101921;40.77;20;9870543711;S
20240318;101921;40.78;30;9870543843;B
20240318;101922;40.77;30;9870544077;S
20240318;101922;40.77;40;9870544079;S
20240318;101922;40.78;20;9870544094;B
20240318;101923;40.78;20;9870544260;B
20240318;101923;40.77;50;9870544360;S
20240318;101923;40.77;20;9870544362;S
20240318;101925;40.78;10;9870544805;B
20240318;101925;40.78;10;9870544838;B
20240318;101926;40.78;10;9870545176;B
20240318;101927;40.78;30;9870545228;B
20240318;101927;40.78;10;9870546075;B
20240318;101927;40.78;1770;9870546248;B
20240318;101927;40.78;230;9870546249;B
20240318;101927;40.78;500;9870546263;B
20240318;101928;40.79;10;9870546529;B
20240318;101928;40.79;10;9870546697;B
20240318;101928;40.79;450;9870546812;B
20240318;101929;40.79;2020;9870546943;B
20240318;101929;40.79;1310;9870546944;B
20240318;101931;40.79;880;9870547514;B
20240318;101931;40.8;490;9870547515;B
20240318;101931;40.8;3630;9870547516;B
20240318;101932;40.78;10;9870547768;S
20240318;101933;40.8;350;9870547916;B
20240318;101934;40.78;490;9870548238;S
20240318;101934;40.79;40;9870548296;B
20240318;101935;40.79;20;9870548598;S
20240318;101936;40.8;10;9870548938;B
20240318;101936;40.79;10;9870548943;S
20240318;101937;40.79;30;9870548985;S
20240318;101937;40.8;10;9870549072;B
20240318;101937;40.79;30;9870549077;B
20240318;101937;40.79;30;9870549257;S
20240318;101937;40.79;500;9870549347;S
20240318;101938;40.79;20;9870549381;S
20240318;101938;40.79;10;9870549485;S
20240318;101939;40.8;20;9870549813;B
20240318;101940;40.79;10;9870550203;B
20240318;101940;40.8;30;9870550264;B
20240318;101941;40.8;370;9870550310;B
20240318;101941;40.8;10;9870550461;B
20240318;101942;40.8;10;9870550690;B
20240318;101944;40.8;20;9870551541;B
20240318;101946;40.8;10;9870552052;B
20240318;101946;40.8;20;9870552058;B
20240318;101947;40.79;10;9870552348;S
20240318;101947;40.8;10;9870552530;B
20240318;101948;40.79;10;9870552577;S
20240318;101948;40.8;10;9870552808;B
20240318;101949;40.79;110;9870552939;S
20240318;101949;40.8;10;9870553057;B
20240318;101949;40.8;10;9870553151;B
20240318;101949;40.8;260;9870553269;B
20240318;101949;40.8;180;9870553301;B
20240318;101950;40.8;2530;9870553378;B
20240318;101950;40.8;30;9870553379;B
20240318;101950;40.8;20;9870553380;B
20240318;101951;40.81;80;9870553978;B
20240318;101951;40.81;100;9870553979;B
20240318;101952;40.8;20;9870554409;S
20240318;101952;40.81;90;9870554512;B
20240318;101952;40.81;10;9870554587;B
20240318;101953;40.81;10;9870554731;B
20240318;101953;40.81;30;9870554859;B
20240318;101953;40.81;100;9870554889;B
20240318;101954;40.81;10;9870554893;B
20240318;101954;40.81;10;9870554988;B
20240318;101956;40.81;10;9870555595;B
20240318;101956;40.8;160;9870555639;S
20240318;101956;40.81;20;9870555644;B
20240318;101956;40.81;10;9870555649;B
20240318;101957;40.8;20;9870555755;S
20240318;101957;40.81;10;9870555876;B
20240318;101957;40.8;20;9870556020;S
20240318;101958;40.8;20;9870556067;S
20240318;101958;40.8;2230;9870556112;S
20240318;101958;40.8;7780;9870556113;S
20240318;101959;40.81;60;9870556548;B
20240318;102001;40.77;10;9870557057;S
20240318;102002;40.77;10;9870557253;S
20240318;102002;40.79;10;9870557430;B
20240318;102003;40.77;40;9870557528;S
20240318;102004;40.78;610;9870557840;B
20240318;102005;40.77;10;9870558144;S
20240318;102005;40.79;10;9870558196;B
20240318;102006;40.77;20;9870558244;S
20240318;102007;40.77;10;9870558723;S
20240318;102007;40.77;100;9870558812;S
20240318;102007;40.77;30;9870558822;S
20240318;102008;40.78;20;9870558897;B
20240318;102008;40.79;10;9870558974;B
20240318;102009;40.77;20;9870559133;S
20240318;102009;40.79;10;9870559192;B
20240318;102009;40.77;30;9870559248;S
20240318;102013;40.78;10;9870560259;B
20240318;102015;40.78;20;9870560733;B
20240318;102016;40.77;400;9870561100;S
20240318;102018;40.77;70;9870561520;S
20240318;102018;40.77;70;9870561554;B
20240318;102018;40.78;280;9870561555;B
20240318;102018;40.78;190;9870561556;B
20240318;102018;40.76;10;9870561682;S
20240318;102018;40.76;240;9870561904;S
20240318;102018;40.76;140;9870561905;S
20240318;102018;40.76;540;9870561939;S
20240318;102018;40.76;680;9870561962;S
20240318;102018;40.76;240;9870561964;S
20240318;102018;40.76;690;9870561986;S
20240318;102018;40.76;190;9870561995;S
20240318;102018;40.76;1050;9870561996;S
20240318;102018;40.76;210;9870562000;S
20240318;102018;40.76;6070;9870562002;S
20240318;102018;40.76;780;9870562003;S
20240318;102018;40.76;250;9870562004;S
20240318;102018;40.76;470;9870562005;S
20240318;102018;40.76;970;9870562007;S
20240318;102018;40.76;190;9870562008;S
20240318;102018;40.75;460;9870562025;S
20240318;102018;40.75;240;9870562026;S
20240318;102018;40.75;300;9870562027;S
20240318;102018;40.75;170;9870562028;S
20240318;102018;40.75;280;9870562029;S
20240318;102018;40.75;440;9870562031;S
20240318;102018;40.75;8460;9870562033;S
20240318;102018;40.75;180;9870562039;S
20240318;102018;40.75;260;9870562042;S
20240318;102018;40.75;10;9870562043;S
20240318;102018;40.75;50;9870562044;S
20240318;102018;40.75;170;9870562045;S
20240318;102018;40.75;330;9870562047;S
20240318;102018;40.75;430;9870562050;S
20240318;102018;40.75;350;9870562053;S
20240318;102018;40.75;230;9870562054;S
20240318;102018;40.75;710;9870562055;S
20240318;102018;40.75;250;9870562056;S
20240318;102018;40.75;370;9870562057;S
20240318;102019;40.75;280;9870562059;S
20240318;102019;40.75;1170;9870562060;S
20240318;102019;40.75;20;9870562126;S
20240318;102019;40.75;10;9870562310;S
20240318;102019;40.77;20;9870562317;B
20240318;102020;40.75;20;9870562558;S
20240318;102020;40.78;20;9870562601;B
20240318;102021;40.75;10;9870562928;S
20240318;102025;40.78;10;9870563881;B
20240318;102026;40.78;10;9870564159;B
20240318;102027;40.75;70;9870564336;S
20240318;102028;40.75;10;9870564564;S
20240318;102029;40.78;50;9870564777;B
20240318;102030;40.75;30;9870565071;S
20240318;102030;40.75;10;9870565087;S
20240318;102031;40.75;10;9870565235;S
20240318;102032;40.75;20;9870565492;S
20240318;102033;40.76;10;9870565765;B
20240318;102033;40.77;20;9870565775;B
20240318;102033;40.75;10;9870565820;S
20240318;102034;40.75;10;9870566070;S
20240318;102035;40.77;80;9870566133;B
20240318;102035;40.77;160;9870566134;B
20240318;102035;40.77;470;9870566192;B
20240318;102037;40.75;20;9870566938;S
20240318;102037;40.78;500;9870566964;B
20240318;102038;40.75;70;9870567177;S
20240318;102039;40.75;70;9870567192;S
20240318;102039;40.78;20;9870567277;B
20240318;102041;40.78;10;9870567671;B
20240318;102042;40.78;10;9870567815;B
20240318;102043;40.77;10;9870567992;B
20240318;102043;40.76;10;9870568178;B
20240318;102043;40.75;20;9870568312;S
20240318;102044;40.75;1300;9870568485;S
20240318;102044;40.75;490;9870568486;S
20240318;102044;40.75;500;9870568487;S
20240318;102044;40.74;210;9870568488;S
20240318;102044;40.74;350;9870568570;S
20240318;102046;40.74;50;9870569460;S
20240318;102047;40.76;10;9870569750;B
20240318;102050;40.76;10;9870570619;B
20240318;102051;40.76;20;9870570731;B
20240318;102053;40.74;10;9870571227;S
20240318;102053;40.74;10;9870571291;S
20240318;102053;40.76;20;9870571304;B
20240318;102054;40.74;10;9870571841;S
20240318;102055;40.74;10;9870571875;S
20240318;102055;40.75;10;9870572041;B
20240318;102055;40.74;1830;9870572045;S
20240318;102055;40.74;3170;9870572046;S
20240318;102057;40.76;10;9870572439;B
20240318;102057;40.75;20;9870572513;B
20240318;102059;40.76;70;9870572871;B
20240318;102059;40.75;20;9870572880;B
20240318;102101;40.74;500;9870573385;S
20240318;102101;40.74;10;9870573459;S
20240318;102101;40.75;10;9870573514;B
20240318;102102;40.74;100;9870573740;S
20240318;102102;40.74;20;9870573776;S
20240318;102103;40.75;50;9870573943;B
20240318;102103;40.74;10;9870573965;S
20240318;102105;40.74;10;9870574401;S
20240318;102105;40.74;20;9870574653;S
20240318;102106;40.75;10;9870574752;B
20240318;102108;40.74;10;9870575391;S
20240318;102109;40.75;150;9870575583;B
20240318;102109;40.75;290;9870575611;B
20240318;102110;40.75;450;9870575870;B
20240318;102110;40.75;70;9870575952;B
20240318;102110;40.75;290;9870576026;B
20240318;102111;40.74;1000;9870576132;S
20240318;102112;40.74;10;9870576431;S
20240318;102112;40.75;150;9870576460;B
20240318;102113;40.74;500;9870576513;S
20240318;102113;40.75;10;9870576586;B
20240318;102113;40.75;100;9870576658;B
20240318;102114;40.75;20;9870576797;B
20240318;102116;40.75;40;9870577293;B
20240318;102116;40.74;20;9870577306;S
20240318;102117;40.75;50;9870577343;B
20240318;102118;40.74;50;9870577455;S
20240318;102118;40.74;90;9870577459;S
20240318;102118;40.74;10;9870577541;S
20240318;102118;40.75;10;9870577565;B
20240318;102119;40.75;90;9870577727;B
20240318;102119;40.74;20;9870577770;S
20240318;102120;40.74;10;9870577881;S
20240318;102121;40.74;10;9870578180;S
20240318;102121;40.74;20;9870578214;S
20240318;102123;40.74;20;9870579831;S
20240318;102123;40.75;10;9870579908;B
20240318;102123;40.75;30;9870579957;B
20240318;102123;40.75;30;9870579970;B
20240318;102125;40.75;240;9870580516;B
20240318;102125;40.75;1500;9870580601;B
20240318;102125;40.75;210;9870580604;B
20240318;102125;40.75;10;9870580605;B
20240318;102125;40.76;270;9870580607;B
20240318;102125;40.76;390;9870580609;B
20240318;102125;40.76;380;9870580610;B
20240318;102125;40.76;170;9870580611;B
20240318;102125;40.76;20;9870580682;B
20240318;102125;40.76;30;9870580701;B
20240318;102125;40.74;10;9870580730;S
20240318;102126;40.75;80;9870580783;B
20240318;102126;40.75;10;9870580874;B
20240318;102127;40.75;370;9870581027;B
20240318;102127;40.75;290;9870581030;B
20240318;102127;40.76;160;9870581031;B
20240318;102127;40.76;340;9870581033;B
20240318;102127;40.76;330;9870581037;B
20240318;102127;40.76;40;9870581038;B
20240318;102127;40.76;590;9870581039;B
20240318;102128;40.74;20;9870581305;S
20240318;102128;40.74;10;9870581341;S
20240318;102130;40.76;10;9870581584;B
20240318;102133;40.74;10;9870582299;S
20240318;102133;40.76;20;9870582379;B
20240318;102133;40.75;10;9870582385;S
20240318;102136;40.76;120;9870583099;B
20240318;102140;40.75;50;9870584078;S
20240318;102140;40.75;2450;9870584079;S
20240318;102141;40.74;20;9870584176;S
20240318;102141;40.74;10;9870584219;S
20240318;102143;40.74;10;9870584555;S
20240318;102145;40.74;20;9870585029;S
20240318;102148;40.76;20;9870585656;B
20240318;102150;40.76;10;9870586009;B
20240318;102151;40.74;20;9870586029;S
20240318;102151;40.76;100;9870586038;B
20240318;102151;40.76;30;9870586089;B
20240318;102151;40.74;20;9870586102;S
20240318;102156;40.76;20;9870587324;B
20240318;102156;40.76;10;9870587349;B
20240318;102157;40.74;20;9870587476;S
20240318;102158;40.76;10;9870587840;B
20240318;102200;40.74;500;9870588454;S
20240318;102202;40.76;60;9870588823;B
20240318;102202;40.76;10;9870588829;B
20240318;102202;40.74;10;9870588831;S
