<DATE>;<TIME>;<LAST>;<VOL>;<ID>;<OPER>
20240306;095935;39.87;10;9772140412;B
20240306;095935;39.87;10;9772140413;B
20240306;095935;39.87;10;9772140414;B
20240306;095935;39.87;180;9772140415;B
20240306;095935;39.87;70;9772140416;B
20240306;095935;39.87;30;9772140417;B
20240306;095935;39.87;20;9772140418;B
20240306;095935;39.87;30;9772140419;B
20240306;095935;39.87;2500;9772140420;B
20240306;095935;39.87;10;9772140421;B
20240306;095935;39.87;90;9772140422;B
20240306;095935;39.87;1200;9772140423;B
20240306;095935;39.87;10;9772140424;B
20240306;095935;39.87;20;9772140425;B
20240306;095935;39.87;370;9772140426;B
20240306;095935;39.87;20;9772140427;B
20240306;095935;39.87;20;9772140428;B
20240306;095935;39.87;50;9772140429;B
20240306;095935;39.87;20;9772140430;B
20240306;095935;39.87;50;9772140431;B
20240306;095935;39.87;10;9772140432;B
20240306;095935;39.87;50;9772140433;B
20240306;095935;39.87;220;9772140434;B
20240306;095935;39.87;290;9772140435;B
20240306;095935;39.87;520;9772140436;B
20240306;095935;39.87;10;9772140437;B
20240306;095935;39.87;40;9772140438;B
20240306;095935;39.87;10;9772140439;B
20240306;095935;39.87;300;9772140440;B
20240306;095935;39.87;10;9772140441;B
20240306;095935;39.87;20;9772140442;B
20240306;095935;39.87;20;9772140443;B
20240306;095935;39.87;30;9772140444;B
20240306;095935;39.87;10;9772140445;B
20240306;095935;39.87;20;9772140446;B
20240306;095935;39.87;10;9772140447;B
20240306;095935;39.87;70;9772140448;B
20240306;095935;39.87;10;9772140449;B
20240306;095935;39.87;110;9772140450;B
20240306;095935;39.87;420;9772140451;B
20240306;095935;39.87;10;9772140452;B
20240306;095935;39.87;10;9772140453;B
20240306;095935;39.87;10;9772140454;B
20240306;095935;39.87;20;9772140455;B
20240306;095935;39.87;30;9772140456;B
20240306;095935;39.87;20;9772140457;B
20240306;095935;39.87;60;9772140458;B
20240306;095935;39.87;20;9772140459;B
20240306;095935;39.87;50;9772140460;B
20240306;095935;39.87;750;9772140461;B
20240306;095935;39.87;10;9772140462;B
20240306;095935;39.87;10;9772140463;B
20240306;095935;39.87;30;9772140464;B
20240306;095935;39.87;20;9772140465;B
20240306;095935;39.87;120;9772140466;B
20240306;095935;39.87;1710;9772140467;B
20240306;095935;39.87;290;9772140468;B
20240306;095935;39.87;710;9772140469;B
20240306;095935;39.87;110;9772140470;B
20240306;095935;39.87;300;9772140471;B
20240306;100000;39.88;40;9772146559;B
20240306;100000;39.88;260;9772146560;B
20240306;100000;39.87;1420;9772146570;S
20240306;100000;39.87;1170;9772146745;S
20240306;100000;39.85;90;9772146943;S
20240306;100000;39.86;600;9772146949;B
20240306;100001;39.85;140;9772147084;S
20240306;100001;39.85;840;9772147135;S
20240306;100001;39.85;2720;9772147196;S
20240306;100001;39.85;40;9772147206;S
20240306;100001;39.85;280;9772147433;S
20240306;100001;39.85;5890;9772147437;S
20240306;100001;39.81;3000;9772147741;B
20240306;100002;39.81;80;9772148506;B
20240306;100003;39.81;10;9772148621;B
20240306;100004;39.81;2520;9772149178;B
20240306;100004;39.81;480;9772149179;B
20240306;100004;39.8;10;9772149537;S
20240306;100005;39.81;10;9772149712;B
20240306;100005;39.8;20;9772150283;S
20240306;100005;39.8;1000;9772150284;S
20240306;100006;39.8;10;9772150409;B
20240306;100006;39.8;10;9772150410;B
20240306;100006;39.78;10;9772150412;S
20240306;100006;39.78;10;9772150413;S
20240306;100006;39.78;10;9772150513;S
20240306;100006;39.8;10;9772150515;B
20240306;100006;39.8;10;9772150518;B
20240306;100006;39.78;70;9772150524;S
20240306;100006;39.78;20;9772150612;S
20240306;100006;39.78;10;9772150793;S
20240306;100006;39.8;30;9772150794;B
20240306;100006;39.78;60;9772150796;S
20240306;100006;39.8;70;9772151020;B
20240306;100006;39.78;10;9772151021;S
20240306;100006;39.78;20;9772151371;S
20240306;100006;39.79;100;9772151517;B
20240306;100006;39.79;10;9772151658;B
20240306;100006;39.78;10;9772151659;S
20240306;100007;39.79;10;9772151850;B
20240306;100007;39.79;30;9772151851;B
20240306;100007;39.78;10;9772151853;S
20240306;100007;39.78;10;9772152168;S
20240306;100007;39.79;10;9772152250;B
20240306;100007;39.78;10;9772152251;S
20240306;100007;39.79;20;9772152252;B
20240306;100007;39.78;10;9772152253;S
20240306;100007;39.79;10;9772152721;B
20240306;100007;39.78;180;9772152725;S
20240306;100007;39.79;10;9772152773;B
20240306;100007;39.79;10;9772152908;B
20240306;100008;39.78;10;9772153246;S
20240306;100008;39.79;10;9772153247;B
20240306;100008;39.79;10;9772153248;B
20240306;100008;39.78;70;9772153692;S
20240306;100008;39.78;10;9772153693;S
20240306;100008;39.78;250;9772153694;S
20240306;100008;39.78;10;9772153695;S
20240306;100008;39.78;10;9772153696;S
20240306;100008;39.78;10;9772153697;S
20240306;100008;39.78;40;9772153698;S
20240306;100008;39.78;350;9772153699;S
20240306;100008;39.78;250;9772153700;S
20240306;100008;39.78;20;9772153701;S
20240306;100009;39.78;10;9772153997;S
20240306;100009;39.79;420;9772154010;B
20240306;100009;39.79;360;9772154011;B
20240306;100011;39.78;40;9772154472;S
20240306;100011;39.81;10;9772154639;B
20240306;100011;39.81;2000;9772154644;B
20240306;100011;39.82;240;9772154675;B
20240306;100013;39.81;2310;9772154947;B
20240306;100013;39.81;2520;9772154948;B
20240306;100013;39.82;170;9772154949;B
20240306;100016;39.81;50;9772155607;S
20240306;100016;39.83;10;9772155751;B
20240306;100016;39.81;10;9772155764;S
20240306;100016;39.79;390;9772155765;S
20240306;100017;39.79;10;9772155793;S
20240306;100019;39.81;500;9772156150;B
20240306;100022;39.79;100;9772157125;B
20240306;100023;39.78;10;9772157349;S
20240306;100023;39.78;10;9772157356;S
20240306;100023;39.78;30;9772157357;S
20240306;100024;39.79;2000;9772157530;B
20240306;100024;39.79;2520;9772157531;B
20240306;100024;39.8;480;9772157532;B
20240306;100026;39.79;1990;9772157927;B
20240306;100026;39.79;250;9772157981;B
20240306;100026;39.79;100;9772158030;B
20240306;100027;39.78;10;9772158090;S
20240306;100027;39.78;10;9772158192;S
20240306;100028;39.8;10;9772158728;B
20240306;100028;39.78;30;9772158729;S
20240306;100028;39.78;500;9772158730;S
20240306;100028;39.78;1000;9772158731;S
20240306;100028;39.78;100;9772158732;S
20240306;100028;39.78;800;9772158733;S
20240306;100032;39.76;500;9772160786;S
20240306;100032;39.76;100;9772160799;B
20240306;100032;39.75;200;9772161119;S
20240306;100032;39.75;800;9772161120;S
20240306;100032;39.76;2000;9772161598;B
20240306;100033;39.74;20;9772162165;B
20240306;100036;39.72;20;9772163256;S
20240306;100036;39.71;480;9772163257;S
20240306;100038;39.72;20;9772163726;B
20240306;100038;39.71;20;9772163835;S
20240306;100038;39.71;40;9772163998;S
20240306;100038;39.71;160;9772164016;S
20240306;100038;39.71;20;9772164017;S
20240306;100038;39.71;1280;9772164018;S
20240306;100039;39.7;170;9772164137;S
20240306;100039;39.7;10;9772164218;S
20240306;100039;39.7;40;9772164236;S
20240306;100039;39.7;10;9772164376;S
20240306;100040;39.7;2270;9772164514;S
20240306;100040;39.7;1000;9772164515;S
20240306;100040;39.7;10;9772164516;S
20240306;100040;39.7;1130;9772164517;S
20240306;100040;39.7;1230;9772164518;S
20240306;100040;39.68;10;9772164519;S
20240306;100040;39.68;3380;9772164520;S
20240306;100040;39.67;10;9772164521;S
20240306;100040;39.67;5000;9772164522;S
20240306;100040;39.66;720;9772164523;S
20240306;100040;39.66;200;9772164524;S
20240306;100040;39.66;10;9772164525;S
20240306;100040;39.66;50;9772164526;S
20240306;100040;39.66;20;9772164527;S
20240306;100040;39.66;10060;9772164528;S
20240306;100040;39.66;400;9772164529;S
20240306;100040;39.65;400;9772164530;S
20240306;100040;39.65;840;9772164531;S
20240306;100040;39.63;100;9772164532;S
20240306;100040;39.63;2330;9772164533;S
20240306;100040;39.63;2520;9772164534;S
20240306;100040;39.62;1000;9772164535;S
20240306;100040;39.62;1280;9772164536;S
20240306;100040;39.62;30;9772164537;S
20240306;100040;39.62;18000;9772164538;S
20240306;100040;39.64;100;9772164663;S
20240306;100040;39.62;580;9772164664;S
20240306;100040;39.67;10;9772164788;B
20240306;100041;39.65;40;9772164931;S
20240306;100041;39.65;10;9772164932;S
20240306;100041;39.63;700;9772164933;S
20240306;100041;39.62;800;9772164934;S
20240306;100041;39.65;100;9772164936;B
20240306;100041;39.66;60;9772164952;B
20240306;100041;39.66;30;9772164957;B
20240306;100041;39.62;2520;9772165339;S
20240306;100041;39.62;200;9772165340;S
20240306;100041;39.62;100;9772165341;S
20240306;100041;39.62;10;9772165342;S
20240306;100041;39.61;60;9772165343;S
20240306;100041;39.61;500;9772165344;S
20240306;100041;39.61;500;9772165345;S
20240306;100041;39.61;2000;9772165346;S
20240306;100041;39.61;20;9772165347;S
20240306;100041;39.61;4000;9772165348;S
20240306;100041;39.6;30;9772165349;S
20240306;100041;39.6;20;9772165350;S
20240306;100041;39.6;10;9772165351;S
20240306;100041;39.6;500;9772165352;S
20240306;100041;39.6;20000;9772165353;S
20240306;100041;39.6;50;9772165354;S
20240306;100041;39.59;10090;9772165355;S
20240306;100041;39.63;20;9772165432;B
20240306;100042;39.63;10;9772165598;B
20240306;100042;39.59;1000;9772165694;S
20240306;100042;39.59;10;9772165893;S
20240306;100042;39.61;10;9772165981;S
20240306;100042;39.59;990;9772165982;S
20240306;100042;39.59;480;9772166247;S
20240306;100042;39.58;100;9772166248;S
20240306;100042;39.58;30;9772166249;S
20240306;100042;39.58;50;9772166250;S
20240306;100042;39.58;130;9772166251;S
20240306;100042;39.63;40;9772166264;B
20240306;100042;39.58;2390;9772166375;S
20240306;100042;39.58;1000;9772166376;S
20240306;100042;39.57;100;9772166377;S
20240306;100042;39.57;100;9772166378;S
20240306;100042;39.57;2690;9772166379;S
20240306;100042;39.6;50;9772166429;S
20240306;100042;39.58;450;9772166430;S
20240306;100042;39.58;2000;9772166450;S
20240306;100042;39.57;300;9772166478;S
20240306;100043;39.61;10;9772166651;B
20240306;100043;39.58;10;9772166653;B
20240306;100043;39.61;1000;9772166659;B
20240306;100043;39.61;1000;9772166660;B
20240306;100043;39.58;10;9772166977;S
20240306;100043;39.58;70;9772166991;S
20240306;100043;39.57;1310;9772167081;S
20240306;100043;39.57;190;9772167082;S
20240306;100043;39.62;20;9772167149;B
20240306;100043;39.57;1600;9772167212;S
20240306;100043;39.57;90;9772167228;S
20240306;100043;39.57;200;9772167328;S
20240306;100044;39.62;10;9772167440;B
20240306;100044;39.58;10;9772167808;S
20240306;100044;39.58;1520;9772167809;S
20240306;100044;39.62;7550;9772167875;B
20240306;100044;39.62;50;9772167876;B
20240306;100044;39.62;2400;9772167877;B
20240306;100045;39.62;20;9772168083;B
20240306;100045;39.58;30;9772168193;S
20240306;100045;39.58;10;9772168194;S
20240306;100045;39.57;1240;9772168195;S
20240306;100046;39.58;40;9772168762;S
20240306;100046;39.57;70;9772168763;S
20240306;100046;39.57;50;9772168877;S
20240306;100046;39.61;20;9772168909;B
20240306;100046;39.62;2520;9772168910;B
20240306;100046;39.63;2460;9772168911;B
20240306;100047;39.59;20;9772169261;S
20240306;100047;39.59;3980;9772169262;S
20240306;100048;39.63;100;9772169610;B
20240306;100048;39.63;2300;9772169611;B
20240306;100048;39.58;10;9772169669;S
20240306;100048;39.58;1000;9772169670;S
20240306;100048;39.58;990;9772169671;S
20240306;100048;39.63;10;9772169756;B
20240306;100049;39.58;150;9772169879;S
20240306;100049;39.58;100;9772169880;S
20240306;100049;39.58;4800;9772169954;S
20240306;100049;39.58;20;9772169955;S
20240306;100049;39.57;400;9772169956;S
20240306;100049;39.57;20;9772169957;S
20240306;100049;39.57;2520;9772169958;S
20240306;100049;39.57;10;9772169959;S
20240306;100049;39.57;10090;9772169960;S
20240306;100049;39.57;80;9772169961;S
20240306;100049;39.57;10;9772169962;S
20240306;100049;39.56;2050;9772169963;S
20240306;100049;39.58;560;9772169964;S
20240306;100049;39.62;1000;9772169965;B
20240306;100050;39.61;80;9772170036;B
20240306;100050;39.62;20;9772170037;B
20240306;100050;39.58;220;9772170166;S
20240306;100050;39.58;10;9772170347;S
20240306;100050;39.63;10;9772170455;B
20240306;100051;39.62;100;9772170492;S
20240306;100051;39.58;150;9772170493;S
20240306;100051;39.57;2000;9772170679;S
20240306;100051;39.62;7560;9772170726;B
20240306;100051;39.63;400;9772170727;B
20240306;100051;39.63;2040;9772170728;B
20240306;100052;39.59;2520;9772170835;S
20240306;100052;39.58;1000;9772170836;S
20240306;100052;39.58;400;9772170837;S
20240306;100052;39.57;1000;9772170838;S
20240306;100052;39.57;3470;9772170839;S
20240306;100052;39.63;3470;9772170876;B
20240306;100052;39.63;1530;9772170877;B
20240306;100052;39.64;1000;9772170898;B
20240306;100052;39.64;700;9772170899;B
20240306;100055;39.63;200;9772171607;S
20240306;100055;39.6;400;9772171608;S
20240306;100055;39.6;2520;9772171609;S
20240306;100055;39.59;10;9772171610;S
20240306;100055;39.59;970;9772171611;S
20240306;100056;39.6;10;9772171793;S
20240306;100056;39.65;120;9772171807;B
20240306;100056;39.65;280;9772171818;B
20240306;100056;39.66;120;9772171819;B
20240306;100056;39.66;1000;9772171851;B
20240306;100057;39.66;120;9772172054;B
20240306;100057;39.61;90;9772172128;S
20240306;100101;39.66;200;9772173170;B
20240306;100101;39.66;250;9772173295;B
20240306;100102;39.61;10;9772173541;S
20240306;100102;39.6;220;9772173568;S
20240306;100102;39.6;10;9772173619;S
20240306;100103;39.66;10;9772173806;B
20240306;100109;39.62;470;9772174737;S
20240306;100109;39.61;300;9772174738;S
20240306;100109;39.61;1000;9772174739;S
20240306;100109;39.61;100;9772174740;S
20240306;100109;39.61;380;9772174741;S
20240306;100110;39.65;20;9772175002;B
20240306;100111;39.61;30;9772175166;S
20240306;100113;39.65;20;9772175405;B
20240306;100113;39.61;10;9772175444;S
20240306;100121;39.61;20;9772176550;S
20240306;100126;39.61;300;9772177459;S
20240306;100128;39.62;1400;9772177679;S
20240306;100128;39.61;470;9772177680;S
20240306;100131;39.62;10;9772178449;S
20240306;100131;39.62;300;9772178540;S
20240306;100131;39.64;30;9772178565;B
20240306;100132;39.64;30;9772178702;B
20240306;100133;39.64;30;9772178806;B
20240306;100133;39.64;30;9772178890;B
20240306;100133;39.64;30;9772178891;B
20240306;100134;39.64;30;9772178967;B
20240306;100134;39.64;2000;9772179019;B
20240306;100135;39.64;30;9772179165;B
20240306;100135;39.64;30;9772179166;B
20240306;100136;39.64;10;9772179355;B
20240306;100148;39.64;60;9772181284;B
20240306;100150;39.62;390;9772181480;S
20240306;100150;39.61;790;9772181481;S
20240306;100150;39.61;50;9772181482;S
20240306;100150;39.61;20;9772181483;S
20240306;100150;39.61;10;9772181484;S
20240306;100150;39.61;500;9772181485;S
20240306;100150;39.61;2520;9772181486;S
20240306;100150;39.61;5720;9772181487;S
20240306;100153;39.63;20;9772182017;S
20240306;100155;39.63;10;9772182337;S
20240306;100157;39.63;70;9772182614;S
20240306;100157;39.63;190;9772182615;S
20240306;100158;39.64;500;9772182770;B
20240306;100158;39.64;10;9772182849;B
20240306;100159;39.63;100;9772182954;S
20240306;100203;39.63;60;9772184016;S
20240306;100203;39.63;30;9772184017;S
20240306;100203;39.64;300;9772184042;B
20240306;100203;39.64;500;9772184045;B
20240306;100204;39.64;100;9772184170;B
20240306;100205;39.64;1310;9772184237;B
20240306;100205;39.64;2690;9772184238;B
20240306;100207;39.64;10;9772184631;B
20240306;100207;39.64;300;9772184632;B
20240306;100207;39.64;2000;9772184633;B
20240306;100207;39.64;690;9772184634;B
20240306;100211;39.63;470;9772185229;S
20240306;100211;39.63;170;9772185230;S
20240306;100211;39.62;2520;9772185231;S
20240306;100211;39.61;1040;9772185232;S
20240306;100212;39.64;710;9772185388;B
20240306;100214;39.64;10;9772185787;B
20240306;100214;39.64;1000;9772185871;B
20240306;100215;39.64;90;9772185890;B
20240306;100218;39.64;180;9772186565;S
20240306;100220;39.64;400;9772186854;S
20240306;100223;39.64;800;9772187312;S
20240306;100226;39.64;30;9772187793;S
20240306;100236;39.65;300;9772189409;B
20240306;100237;39.64;60;9772189500;S
20240306;100237;39.64;440;9772189501;S
20240306;100238;39.64;50;9772189597;S
20240306;100238;39.65;4530;9772189670;B
20240306;100241;39.65;50;9772190205;B
20240306;100243;39.65;1000;9772190556;B
20240306;100245;39.64;190;9772190900;S
20240306;100245;39.65;10;9772190926;B
20240306;100246;39.64;10;9772191015;S
20240306;100246;39.64;10;9772191026;S
20240306;100249;39.65;990;9772191592;B
20240306;100249;39.64;1820;9772191593;S
20240306;100249;39.64;40;9772191594;S
20240306;100249;39.64;2500;9772191595;S
20240306;100249;39.64;50;9772191596;S
20240306;100250;39.64;10;9772192120;B
20240306;100259;39.66;10;9772194098;B
20240306;100300;39.64;20;9772194322;S
20240306;100304;39.66;50;9772194861;B
20240306;100304;39.66;30;9772194983;B
20240306;100304;39.66;170;9772194984;B
20240306;100304;39.65;60;9772194985;S
20240306;100305;39.64;2210;9772195081;S
20240306;100312;39.67;400;9772196370;B
20240306;100312;39.67;600;9772196402;B
20240306;100312;39.67;20;9772196403;B
20240306;100312;39.67;10;9772196404;B
20240306;100318;39.66;10;9772197410;S
20240306;100318;39.65;10;9772197428;S
20240306;100318;39.65;20;9772197429;S
20240306;100320;39.66;500;9772198306;B
20240306;100320;39.66;500;9772198307;B
20240306;100321;39.66;60;9772198498;B
20240306;100321;39.66;300;9772198499;B
20240306;100325;39.68;20;9772199006;B
20240306;100326;39.68;10;9772199214;B
20240306;100327;39.65;2500;9772199219;S
20240306;100327;39.68;70;9772199327;B
20240306;100327;39.68;10;9772199328;B
20240306;100330;39.69;10;9772199727;B
20240306;100344;39.67;10;9772202128;S
20240306;100356;39.68;10;9772203760;B
20240306;100359;39.67;300;9772204148;S
20240306;100359;39.67;70;9772204149;B
20240306;100400;39.67;10;9772204275;B
20240306;100400;39.67;10;9772204276;B
20240306;100400;39.66;300;9772204333;S
20240306;100401;39.67;110;9772204429;B
20240306;100401;39.67;1000;9772204430;B
20240306;100401;39.67;300;9772204431;B
20240306;100401;39.67;2000;9772204432;B
20240306;100401;39.68;390;9772204433;B
20240306;100404;39.67;680;9772204888;S
20240306;100408;39.69;590;9772205752;B
20240306;100412;39.67;280;9772206273;S
20240306;100413;39.69;410;9772206323;B
20240306;100413;39.69;2000;9772206324;B
20240306;100413;39.69;420;9772206325;B
20240306;100415;39.69;20;9772206700;B
20240306;100421;39.69;2320;9772207434;B
20240306;100422;39.7;10;9772207555;B
20240306;100422;39.7;10;9772207556;B
20240306;100422;39.7;30;9772207557;B
20240306;100425;39.69;20;9772208016;S
20240306;100428;39.68;20;9772208396;S
20240306;100428;39.67;180;9772208397;S
20240306;100430;39.68;30;9772208698;S
20240306;100430;39.67;70;9772208699;S
20240306;100431;39.67;10;9772208835;S
20240306;100437;39.69;10;9772209587;B
20240306;100440;39.69;40;9772210164;B
20240306;100442;39.69;400;9772210341;B
20240306;100442;39.68;300;9772210417;S
20240306;100442;39.68;100;9772210418;S
20240306;100442;39.67;50;9772210438;S
20240306;100458;39.68;10;9772212496;B
20240306;100458;39.68;20;9772212509;B
20240306;100503;39.69;530;9772213184;B
20240306;100503;39.69;2000;9772213185;B
20240306;100503;39.7;470;9772213186;B
20240306;100503;39.7;5970;9772213187;B
20240306;100503;39.7;1030;9772213188;B
20240306;100505;39.68;50;9772213316;S
20240306;100505;39.67;40;9772213317;S
20240306;100505;39.67;30;9772213377;S
20240306;100507;39.67;230;9772213673;S
20240306;100513;39.69;1000;9772214474;B
20240306;100513;39.69;2000;9772214475;B
20240306;100513;39.7;1630;9772214476;B
20240306;100516;39.7;370;9772214815;S
20240306;100516;39.68;50;9772214816;B
20240306;100516;39.68;2000;9772214817;B
20240306;100516;39.71;100;9772214876;B
20240306;100516;39.71;10;9772214877;B
20240306;100530;39.71;10;9772216466;B
20240306;100531;39.7;10;9772216547;S
20240306;100535;39.71;10;9772217062;B
20240306;100541;39.71;200;9772217763;B
20240306;100544;39.7;550;9772218134;S
20240306;100547;39.71;10;9772218603;B
20240306;100549;39.71;40;9772218929;B
20240306;100558;39.71;20;9772220177;B
20240306;100559;39.71;20;9772220343;B
20240306;100606;39.7;200;9772221497;S
20240306;100607;39.71;30;9772221703;B
20240306;100607;39.7;10;9772221798;S
20240306;100616;39.7;650;9772223179;S
20240306;100616;39.71;550;9772223231;B
20240306;100616;39.71;60;9772223232;B
20240306;100616;39.72;30;9772223233;B
20240306;100616;39.72;360;9772223234;B
20240306;100620;39.7;10;9772223686;S
20240306;100622;39.72;20;9772224026;B
20240306;100626;39.72;10;9772224509;B
20240306;100627;39.7;20;9772224629;S
20240306;100637;39.7;10;9772226002;S
20240306;100637;39.7;10;9772226004;S
20240306;100637;39.72;10;9772226005;B
20240306;100637;39.72;40;9772226006;B
20240306;100640;39.7;640;9772226440;S
20240306;100640;39.7;140;9772226441;S
20240306;100640;39.7;1000;9772226442;S
20240306;100640;39.7;30;9772226443;S
20240306;100640;39.7;10;9772226444;S
20240306;100640;39.7;1000;9772226445;S
20240306;100640;39.7;100;9772226446;S
20240306;100640;39.68;50;9772226447;S
20240306;100640;39.68;500;9772226448;S
20240306;100640;39.67;20;9772226449;S
20240306;100640;39.67;20;9772226450;S
20240306;100640;39.67;50;9772226451;S
20240306;100640;39.67;50;9772226452;S
20240306;100640;39.67;410;9772226453;S
20240306;100640;39.66;20;9772226454;S
20240306;100640;39.66;180;9772226455;S
20240306;100640;39.66;2000;9772226456;S
20240306;100640;39.66;7560;9772226457;S
20240306;100640;39.66;1000;9772226458;S
20240306;100640;39.66;80;9772226459;S
20240306;100640;39.66;2520;9772226460;S
20240306;100640;39.66;210;9772226461;B
20240306;100640;39.66;5200;9772226462;B
20240306;100640;39.66;30;9772226463;B
20240306;100640;39.66;180;9772226478;B
20240306;100640;39.66;180;9772226479;B
20240306;100640;39.66;10;9772226484;B
20240306;100640;39.66;50;9772226485;B
20240306;100640;39.66;30;9772226486;B
20240306;100640;39.66;10;9772226495;B
20240306;100640;39.66;40;9772226496;B
20240306;100640;39.66;10;9772226497;B
20240306;100640;39.66;180;9772226500;B
20240306;100641;39.66;40;9772226612;B
20240306;100641;39.66;20;9772226613;B
20240306;100641;39.66;10;9772226614;B
20240306;100642;39.66;180;9772226664;B
20240306;100642;39.66;20;9772226665;B
20240306;100642;39.66;10;9772226666;B
20240306;100642;39.66;30;9772226751;B
20240306;100644;39.66;500;9772226896;B
20240306;100644;39.66;10;9772226897;B
20240306;100645;39.66;10;9772227066;B
20240306;100645;39.66;20;9772227067;B
20240306;100645;39.66;10;9772227099;B
20240306;100645;39.66;10;9772227100;B
20240306;100645;39.66;50;9772227101;B
20240306;100645;39.66;20;9772227148;B
20240306;100645;39.66;20;9772227149;B
20240306;100645;39.66;90;9772227150;B
20240306;100646;39.66;190;9772227210;B
20240306;100646;39.66;170;9772227211;B
20240306;100646;39.66;90;9772227212;B
20240306;100646;39.66;180;9772227262;B
20240306;100646;39.66;10;9772227263;B
20240306;100646;39.69;80;9772227304;B
20240306;100646;39.7;270;9772227305;B
20240306;100648;39.69;60;9772227532;S
20240306;100649;39.7;500;9772227579;B
20240306;100649;39.7;10;9772227639;B
20240306;100651;39.7;500;9772227917;B
20240306;100657;39.69;990;9772228646;S
20240306;100657;39.68;410;9772228647;S
20240306;100657;39.7;410;9772228693;B
20240306;100657;39.7;10;9772228694;B
20240306;100659;39.72;100;9772228873;B
20240306;100707;39.72;9970;9772229791;B
20240306;100707;39.72;420;9772229792;B
20240306;100707;39.72;80;9772229793;B
20240306;100709;39.72;2500;9772230005;S
20240306;100709;39.72;480;9772230108;S
20240306;100710;39.72;30;9772230275;S
20240306;100713;39.73;300;9772230522;B
20240306;100713;39.73;420;9772230523;B
20240306;100713;39.73;280;9772230524;B
20240306;100714;39.73;4100;9772230630;B
20240306;100714;39.73;2760;9772230659;B
20240306;100715;39.73;300;9772230816;B
20240306;100716;39.73;1450;9772231135;B
20240306;100718;39.72;20;9772231406;S
20240306;100720;39.72;850;9772231640;S
20240306;100724;39.73;1000;9772232140;B
20240306;100724;39.73;170;9772232180;B
20240306;100724;39.73;30;9772232181;B
20240306;100724;39.73;500;9772232212;B
20240306;100726;39.73;470;9772232427;B
20240306;100726;39.73;420;9772232428;B
20240306;100726;39.73;10;9772232429;B
20240306;100727;39.72;170;9772232661;S
20240306;100729;39.72;1000;9772232847;S
20240306;100729;39.73;10;9772232866;B
20240306;100730;39.72;10;9772232918;S
20240306;100735;39.73;10;9772233530;B
20240306;100736;39.73;10;9772233649;B
20240306;100737;39.73;260;9772233669;B
20240306;100741;39.72;20;9772234340;S
20240306;100746;39.73;30;9772235054;B
20240306;100747;39.72;60;9772235139;S
20240306;100748;39.72;10;9772235177;S
20240306;100749;39.73;9730;9772235250;B
20240306;100749;39.73;420;9772235251;B
20240306;100749;39.73;10;9772235252;B
20240306;100749;39.73;10;9772235253;B
20240306;100749;39.74;10;9772235315;B
20240306;100751;39.74;10;9772235572;B
20240306;100805;39.73;100;9772237245;S
20240306;100806;39.74;300;9772237399;B
20240306;100810;39.74;10;9772238289;B
20240306;100812;39.74;10;9772238906;B
20240306;100813;39.74;10;9772239010;B
20240306;100823;39.73;300;9772240454;S
20240306;100824;39.73;640;9772240719;S
20240306;100828;39.73;530;9772241146;S
20240306;100828;39.73;20;9772241190;S
20240306;100830;39.73;120;9772241372;S
20240306;100830;39.74;4650;9772241385;B
20240306;100830;39.74;420;9772241386;B
20240306;100830;39.74;4930;9772241387;B
20240306;100830;39.73;130;9772241408;S
20240306;100830;39.73;1000;9772241434;S
20240306;100836;39.74;10;9772242189;B
20240306;100838;39.73;3710;9772242420;S
20240306;100842;39.73;80;9772242953;S
20240306;100843;39.74;10;9772243113;B
20240306;100846;39.73;20;9772243536;S
20240306;100847;39.74;10;9772243585;B
20240306;100853;39.73;60;9772244518;S
20240306;100859;39.74;40;9772245274;B
20240306;100859;39.74;430;9772245275;B
20240306;100859;39.74;1280;9772245276;B
20240306;100859;39.74;3000;9772245277;B
20240306;100859;39.74;10;9772245345;S
20240306;100901;39.74;5240;9772245718;S
20240306;100901;39.73;3240;9772245719;S
20240306;100901;39.73;80;9772245720;S
20240306;100901;39.73;250;9772245721;S
20240306;100905;39.74;10;9772246192;B
20240306;100908;39.75;10;9772246552;B
20240306;100914;39.75;20;9772247264;B
20240306;100914;39.75;10;9772247265;B
20240306;100920;39.75;20;9772247980;B
20240306;100920;39.75;30;9772247981;B
20240306;100920;39.75;30;9772247982;B
20240306;100920;39.75;30;9772247983;B
20240306;100920;39.75;30;9772247984;B
20240306;100920;39.75;30;9772247985;B
20240306;100920;39.75;30;9772247986;B
20240306;100925;39.74;10;9772248521;B
20240306;100928;39.72;600;9772248749;S
20240306;100928;39.75;2690;9772248760;B
20240306;100928;39.75;100;9772248761;B
20240306;100928;39.75;430;9772248762;B
20240306;100928;39.75;10;9772248763;B
20240306;100928;39.76;470;9772248764;B
20240306;100930;39.76;10;9772248939;S
20240306;100934;39.75;10;9772249495;S
20240306;100938;39.74;20;9772250100;S
20240306;100941;39.76;10;9772250399;B
20240306;100942;39.75;500;9772250505;S
20240306;100942;39.75;10;9772250506;S
20240306;100942;39.75;430;9772250507;S
20240306;100946;39.75;30;9772250855;B
20240306;100948;39.74;6260;9772251055;S
20240306;100949;39.75;10;9772251208;B
20240306;100949;39.74;30;9772251222;S
20240306;100950;39.74;30;9772251349;S
20240306;101000;39.75;20;9772252447;B
20240306;101001;39.74;300;9772252525;S
20240306;101006;39.74;50;9772253481;S
20240306;101006;39.74;110;9772253486;S
20240306;101006;39.75;300;9772253541;B
20240306;101009;39.74;2100;9772253805;S
20240306;101009;39.76;10;9772253884;B
20240306;101016;39.75;1090;9772254876;B
20240306;101018;39.74;3700;9772255349;S
20240306;101022;39.75;10;9772255835;B
20240306;101030;39.75;600;9772256887;B
20240306;101032;39.74;10;9772257219;S
20240306;101036;39.75;130;9772257666;B
20240306;101036;39.75;2870;9772257667;B
20240306;101037;39.75;20;9772257892;B
20240306;101049;39.75;10;9772259893;B
20240306;101050;39.75;10;9772260010;B
20240306;101051;39.74;90;9772260158;S
20240306;101051;39.74;210;9772260159;S
20240306;101058;39.75;10;9772260898;B
20240306;101058;39.74;10;9772261028;S
20240306;101100;39.75;10;9772261185;B
20240306;101106;39.75;1180;9772262343;B
20240306;101106;39.75;100;9772262344;B
20240306;101106;39.75;720;9772262345;B
20240306;101108;39.75;10;9772262505;B
20240306;101112;39.75;20;9772263028;B
20240306;101116;39.75;10;9772263470;B
20240306;101119;39.75;10;9772263783;B
20240306;101123;39.75;1750;9772264256;B
20240306;101123;39.75;450;9772264257;B
20240306;101123;39.75;560;9772264258;B
20240306;101123;39.76;980;9772264259;B
20240306;101123;39.76;50;9772264260;B
20240306;101123;39.76;10060;9772264261;B
20240306;101123;39.77;100;9772264262;B
20240306;101123;39.77;10;9772264263;B
20240306;101123;39.77;10;9772264264;B
20240306;101123;39.78;1000;9772264265;B
20240306;101123;39.78;200;9772264266;B
20240306;101123;39.78;200;9772264267;B
20240306;101123;39.79;100;9772264268;B
20240306;101123;39.79;400;9772264269;B
20240306;101123;39.79;7560;9772264270;B
20240306;101123;39.79;960;9772264271;B
20240306;101123;39.8;2500;9772264272;B
20240306;101123;39.8;20;9772264273;B
20240306;101123;39.8;20;9772264274;B
20240306;101123;39.8;2000;9772264275;B
20240306;101123;39.8;5000;9772264276;B
20240306;101123;39.8;5000;9772264277;B
20240306;101123;39.8;1000;9772264278;B
20240306;101123;39.8;200;9772264279;B
20240306;101123;39.81;780;9772264280;B
20240306;101123;39.82;3530;9772264281;B
20240306;101123;39.79;1000;9772264351;B
20240306;101127;39.78;10;9772264723;B
20240306;101127;39.78;60;9772264773;B
20240306;101131;39.76;100;9772265318;S
20240306;101136;39.78;10;9772265829;B
20240306;101147;39.78;10;9772267280;B
20240306;101148;39.76;10;9772267321;S
20240306;101148;39.78;80;9772267391;B
20240306;101148;39.78;5700;9772267392;B
20240306;101148;39.78;450;9772267393;B
20240306;101148;39.78;100;9772267394;B
20240306;101148;39.79;10;9772267395;B
20240306;101148;39.79;20;9772267396;B
20240306;101148;39.79;500;9772267397;B
20240306;101148;39.79;10;9772267398;B
20240306;101148;39.79;10;9772267399;B
20240306;101148;39.8;10050;9772267400;B
20240306;101148;39.8;10;9772267401;B
20240306;101148;39.8;60;9772267402;S
20240306;101149;39.78;500;9772267491;S
20240306;101151;39.81;10;9772267591;B
20240306;101151;39.78;60;9772267618;S
20240306;101158;39.77;10;9772268462;S
20240306;101201;39.8;10;9772268670;B
20240306;101205;39.78;100;9772269117;S
20240306;101208;39.8;20;9772269611;B
20240306;101211;39.8;10;9772269864;B
20240306;101215;39.78;60;9772270316;S
20240306;101215;39.78;30;9772270317;S
20240306;101215;39.78;30;9772270420;S
20240306;101218;39.78;40;9772270795;S
20240306;101221;39.8;10;9772271328;B
20240306;101226;39.8;490;9772271828;B
20240306;101226;39.8;10;9772271829;B
20240306;101226;39.8;10;9772271830;B
20240306;101226;39.8;20;9772271831;B
20240306;101226;39.8;1000;9772271832;B
20240306;101226;39.8;480;9772271833;B
20240306;101226;39.81;10;9772271834;B
20240306;101226;39.81;440;9772271835;B
20240306;101226;39.82;1000;9772271836;B
20240306;101226;39.82;2000;9772271837;B
20240306;101226;39.82;9540;9772271838;B
20240306;101231;39.82;10;9772272587;B
20240306;101233;39.81;10;9772272834;B
20240306;101233;39.82;30;9772272835;B
20240306;101234;39.82;10;9772272847;B
20240306;101234;39.78;10;9772272946;S
20240306;101240;39.82;10;9772273764;B
20240306;101242;39.82;30;9772273945;B
20240306;101249;39.8;30;9772274756;S
20240306;101258;39.8;1170;9772275809;S
20240306;101258;39.8;1200;9772275810;S
20240306;101258;39.8;10;9772275811;S
20240306;101259;39.79;10;9772275856;B
20240306;101259;39.79;220;9772275890;B
20240306;101259;39.79;2520;9772275891;B
20240306;101259;39.8;13170;9772275892;B
20240306;101259;39.8;10;9772275893;B
20240306;101259;39.8;440;9772275894;B
20240306;101259;39.82;520;9772275895;B
20240306;101259;39.82;1000;9772275896;B
20240306;101259;39.82;200;9772275897;B
20240306;101259;39.83;2250;9772275898;B
20240306;101259;39.83;3000;9772275899;B
20240306;101259;39.84;70;9772275900;B
20240306;101259;39.84;1000;9772275901;B
20240306;101259;39.84;10040;9772275902;B
20240306;101259;39.84;2000;9772275903;B
20240306;101259;39.84;800;9772275904;B
20240306;101259;39.85;9060;9772275905;B
20240306;101259;39.85;4000;9772275906;B
20240306;101259;39.86;20000;9772275907;B
20240306;101259;39.87;4750;9772275908;B
20240306;101259;39.87;100;9772275909;B
20240306;101259;39.88;1000;9772275910;B
20240306;101259;39.88;100;9772275911;B
20240306;101259;39.88;800;9772275912;B
20240306;101259;39.88;100;9772275913;B
20240306;101259;39.89;40;9772275914;B
20240306;101259;39.89;900;9772275915;B
20240306;101259;39.89;6000;9772275916;B
20240306;101259;39.89;20000;9772275917;B
20240306;101259;39.9;30;9772275918;B
20240306;101259;39.9;30;9772275919;B
20240306;101259;39.9;300;9772275920;B
20240306;101259;39.9;3000;9772275921;B
20240306;101259;39.9;1000;9772275922;B
20240306;101259;39.9;20000;9772275923;B
20240306;101259;39.9;2500;9772275924;B
20240306;101259;39.9;20000;9772275925;B
20240306;101259;39.91;1100;9772275926;B
20240306;101259;39.91;20000;9772275927;B
20240306;101259;39.92;1200;9772275928;B
20240306;101259;39.92;350;9772275929;B
20240306;101259;39.92;10;9772275930;B
20240306;101259;39.94;60;9772275931;B
20240306;101259;39.94;30;9772275932;B
20240306;101259;39.94;30;9772275933;B
20240306;101259;39.91;500;9772275934;S
20240306;101259;39.9;460;9772275935;S
20240306;101259;39.9;40;9772275936;S
20240306;101300;39.9;40;9772276069;S
20240306;101300;39.9;2000;9772276125;B
20240306;101301;39.89;250;9772276138;S
20240306;101301;39.89;10000;9772276154;S
20240306;101301;39.89;3920;9772276155;S
20240306;101302;39.88;20;9772276277;S
20240306;101302;39.88;10;9772276279;S
20240306;101302;39.88;10;9772276284;S
20240306;101302;39.88;10;9772276338;S
20240306;101303;39.88;10;9772276346;S
20240306;101303;39.88;20;9772276371;S
20240306;101303;39.88;20;9772276382;S
20240306;101303;39.88;10;9772276387;S
20240306;101304;39.88;20;9772276404;S
20240306;101304;39.88;20;9772276405;S
20240306;101306;39.9;50;9772276546;B
20240306;101309;39.89;10;9772276928;B
20240306;101310;39.88;20;9772277032;S
20240306;101312;39.88;10;9772277185;S
20240306;101313;39.88;100;9772277294;S
20240306;101315;39.89;10;9772277583;B
20240306;101317;39.9;20;9772277835;B
20240306;101317;39.9;930;9772277856;B
20240306;101317;39.9;250;9772277857;B
20240306;101317;39.9;2520;9772277858;B
20240306;101317;39.9;4330;9772277859;B
20240306;101319;39.89;400;9772278055;S
20240306;101321;39.89;10;9772278240;B
20240306;101321;39.89;100;9772278242;B
20240306;101321;39.89;520;9772278285;B
20240306;101321;39.89;2520;9772278286;B
20240306;101321;39.9;5690;9772278287;B
20240306;101321;39.9;10;9772278288;B
20240306;101321;39.9;700;9772278289;B
20240306;101321;39.9;20;9772278290;B
20240306;101321;39.9;480;9772278291;B
20240306;101321;39.91;500;9772278292;B
20240306;101321;39.91;3600;9772278293;B
20240306;101321;39.92;2200;9772278294;B
20240306;101321;39.92;1000;9772278295;B
20240306;101321;39.93;2400;9772278296;B
20240306;101321;39.93;2300;9772278297;B
20240306;101321;39.94;2400;9772278298;B
20240306;101321;39.95;50;9772278299;B
20240306;101321;39.95;640;9772278300;B
20240306;101321;39.95;100;9772278301;B
20240306;101321;39.95;50;9772278302;B
20240306;101321;39.95;100;9772278303;B
20240306;101321;39.95;10;9772278304;B
20240306;101321;39.95;10;9772278305;B
20240306;101321;39.95;10;9772278306;B
20240306;101321;39.95;400;9772278307;B
20240306;101321;39.96;4000;9772278308;B
20240306;101321;39.96;30;9772278309;B
20240306;101321;39.96;40;9772278310;B
20240306;101321;39.96;20;9772278311;B
20240306;101321;39.96;200;9772278312;B
20240306;101322;39.93;1920;9772278403;S
20240306;101322;39.93;1210;9772278410;B
20240306;101322;39.94;4340;9772278411;B
20240306;101323;39.91;360;9772278586;S
20240306;101330;39.9;40;9772279337;S
20240306;101332;39.9;670;9772279719;S
20240306;101332;39.9;360;9772279721;S
20240306;101332;39.89;80;9772279722;S
20240306;101332;39.89;670;9772279723;S
20240306;101334;39.9;250;9772279949;S
20240306;101338;39.9;2000;9772280428;S
20240306;101338;39.9;500;9772280429;S
20240306;101343;39.89;10;9772281010;S
20240306;101344;39.91;200;9772281030;B
20240306;101345;39.89;4260;9772281082;S
20240306;101345;39.89;50;9772281180;S
20240306;101346;39.89;30;9772281281;S
20240306;101347;39.9;30;9772281363;S
20240306;101347;39.9;30;9772281454;S
20240306;101348;39.9;20;9772281471;S
20240306;101349;39.9;20;9772281627;S
20240306;101349;39.91;100;9772281674;B
20240306;101350;39.9;190;9772281713;S
20240306;101353;39.9;710;9772282060;S
20240306;101353;39.89;10;9772282092;S
20240306;101355;39.9;40;9772282244;B
20240306;101358;39.9;10;9772282525;B
20240306;101400;39.9;200;9772282807;B
20240306;101400;39.9;1650;9772282808;B
20240306;101401;39.91;750;9772282899;B
20240306;101401;39.91;1030;9772282900;B
20240306;101401;39.92;2520;9772282901;B
20240306;101401;39.92;700;9772282902;B
20240306;101401;39.9;50;9772282932;S
20240306;101402;39.91;300;9772282977;B
20240306;101402;39.9;50;9772283065;S
20240306;101403;39.91;100;9772283119;B
20240306;101403;39.91;40;9772283206;B
20240306;101406;39.9;1300;9772283665;S
20240306;101407;39.91;2080;9772283767;B
20240306;101409;39.91;350;9772283919;S
20240306;101409;39.92;90;9772283939;B
20240306;101410;39.92;9230;9772284034;B
20240306;101410;39.92;100;9772284035;B
20240306;101410;39.92;500;9772284036;B
20240306;101410;39.93;10;9772284037;B
20240306;101410;39.93;1000;9772284038;B
20240306;101410;39.94;10;9772284039;B
20240306;101410;39.94;10;9772284040;B
20240306;101410;39.94;20;9772284041;B
20240306;101410;39.94;1000;9772284042;B
20240306;101410;39.94;400;9772284043;B
20240306;101410;39.94;80;9772284044;B
20240306;101410;39.95;2500;9772284045;B
20240306;101410;39.95;20;9772284046;B
20240306;101410;39.95;50;9772284047;B
20240306;101410;39.95;450;9772284048;B
20240306;101410;39.95;100;9772284049;B
20240306;101410;39.96;2600;9772284050;B
20240306;101410;39.96;10;9772284051;B
20240306;101410;39.96;1000;9772284052;B
20240306;101410;39.96;400;9772284053;B
20240306;101410;39.96;50;9772284054;B
20240306;101410;39.96;2520;9772284055;B
20240306;101410;39.97;10;9772284056;B
20240306;101410;39.97;500;9772284057;B
20240306;101410;39.97;20000;9772284058;B
20240306;101410;39.98;4070;9772284059;B
20240306;101410;39.98;150;9772284060;B
20240306;101410;39.98;800;9772284061;B
20240306;101410;39.98;10;9772284062;B
20240306;101410;39.98;2000;9772284063;B
20240306;101410;39.99;4000;9772284064;B
20240306;101410;39.99;300;9772284065;B
20240306;101410;39.99;200;9772284066;B
20240306;101410;39.99;20;9772284067;B
20240306;101410;39.99;1000;9772284068;B
20240306;101410;40;2000;9772284069;B
20240306;101410;40;50;9772284070;B
20240306;101410;40;570;9772284071;B
20240306;101410;40;500;9772284072;B
20240306;101410;40;10;9772284073;B
20240306;101410;40;1320;9772284074;B
20240306;101410;40;100;9772284075;B
20240306;101410;40;10;9772284076;B
20240306;101410;40;40;9772284077;B
20240306;101410;40;30;9772284078;B
20240306;101410;40;40;9772284079;B
20240306;101410;40;30;9772284080;B
20240306;101410;40;10;9772284081;B
20240306;101410;40;40170;9772284082;B
20240306;101410;39.96;100;9772284087;S
20240306;101410;39.94;80;9772284090;S
20240306;101410;39.97;10;9772284091;B
20240306;101410;39.97;1500;9772284092;B
20240306;101410;39.95;420;9772284117;S
20240306;101410;39.96;10;9772284139;B
20240306;101411;39.96;50;9772284159;B
20240306;101412;39.95;10;9772284321;S
20240306;101412;39.96;1500;9772284380;B
20240306;101412;39.95;10;9772284382;S
20240306;101413;39.96;600;9772284453;B
20240306;101413;39.96;10;9772284454;B
20240306;101413;39.95;150;9772284500;S
20240306;101414;39.97;20;9772284633;B
20240306;101414;39.97;10;9772284646;B
20240306;101414;39.97;1500;9772284700;B
20240306;101415;39.97;2700;9772284745;B
20240306;101415;39.97;260;9772284746;B
20240306;101416;39.97;1500;9772284843;B
20240306;101416;39.97;100;9772284903;B
20240306;101418;39.96;10;9772285123;S
20240306;101419;39.96;10;9772285181;S
20240306;101420;39.96;20;9772285307;B
20240306;101420;39.96;500;9772285308;B
20240306;101420;39.97;2520;9772285309;B
20240306;101420;39.98;6960;9772285310;B
20240306;101421;39.98;1500;9772285410;B
20240306;101421;39.98;30;9772285519;B
20240306;101421;39.98;2800;9772285520;B
20240306;101421;39.98;640;9772285521;B
20240306;101422;39.98;530;9772285637;S
20240306;101422;39.97;530;9772285638;S
20240306;101422;39.97;500;9772285639;S
20240306;101422;39.96;2520;9772285640;S
20240306;101422;39.96;9000;9772285641;S
20240306;101422;39.96;1620;9772285642;S
20240306;101422;39.95;5000;9772285643;S
20240306;101422;39.95;200;9772285644;S
20240306;101423;39.98;10;9772285795;S
20240306;101423;39.98;10;9772285844;S
20240306;101424;39.99;100;9772285862;B
20240306;101424;39.99;1000;9772285863;B
20240306;101424;39.99;400;9772285864;B
20240306;101425;39.99;600;9772286107;B
20240306;101425;39.99;80;9772286108;B
20240306;101425;39.99;1840;9772286109;B
20240306;101425;39.99;500;9772286110;B
20240306;101425;40;280;9772286111;B
20240306;101426;40;1180;9772286402;B
20240306;101426;40;820;9772286403;B
20240306;101427;40;1500;9772286429;B
20240306;101428;39.98;20;9772286508;S
20240306;101428;39.98;30;9772286509;S
20240306;101428;40;880;9772286544;B
20240306;101430;40;1500;9772286825;B
20240306;101430;39.99;380;9772286828;S
20240306;101430;40;500;9772286834;B
20240306;101430;40;2000;9772286837;B
20240306;101430;40;1800;9772286903;B
20240306;101432;40;50;9772287022;B
20240306;101434;40;10;9772287256;B
20240306;101434;39.99;620;9772287283;S
20240306;101434;39.99;260;9772287284;S
20240306;101435;39.99;1500;9772287469;B
20240306;101435;39.98;10;9772287537;S
20240306;101435;39.98;100;9772287557;S
20240306;101438;39.99;300;9772287862;B
20240306;101438;39.99;1000;9772287977;B
20240306;101439;39.98;100;9772288221;B
20240306;101439;39.98;800;9772288273;B
20240306;101442;39.98;190;9772288494;B
20240306;101442;39.98;730;9772288495;B
20240306;101442;39.98;20;9772288530;B
20240306;101443;39.98;220;9772288550;B
20240306;101443;39.98;1000;9772288589;B
20240306;101444;39.98;10;9772288719;B
20240306;101444;39.98;1000;9772288753;B
20240306;101444;39.98;100;9772288773;B
20240306;101445;39.98;200;9772288804;B
20240306;101445;39.98;1050;9772288849;B
20240306;101445;39.98;950;9772288850;B
20240306;101446;39.98;10;9772288906;B
20240306;101446;39.98;200;9772288974;B
20240306;101447;39.97;200;9772289111;S
20240306;101447;39.97;250;9772289112;S
20240306;101447;39.97;100;9772289113;S
20240306;101447;39.98;1000;9772289131;B
20240306;101447;39.98;1090;9772289134;B
20240306;101448;39.98;150;9772289180;B
20240306;101448;39.98;1500;9772289231;B
20240306;101449;39.97;40;9772289351;S
20240306;101450;39.97;570;9772289396;S
20240306;101450;39.98;120;9772289402;B
20240306;101452;39.98;50;9772289775;B
20240306;101452;39.98;20;9772289781;B
20240306;101453;39.98;10;9772289867;B
20240306;101453;39.97;500;9772289868;S
20240306;101453;39.98;1000;9772289871;B
20240306;101453;39.98;10;9772289916;B
20240306;101454;39.97;50;9772290019;S
20240306;101455;39.97;10;9772290076;B
20240306;101456;39.96;1250;9772290135;S
20240306;101456;39.96;3750;9772290136;S
20240306;101457;39.97;500;9772290196;B
20240306;101457;39.96;70;9772290235;S
20240306;101457;39.97;80;9772290295;B
20240306;101457;39.97;2610;9772290298;B
20240306;101457;39.97;500;9772290299;B
20240306;101457;39.97;220;9772290300;B
20240306;101457;39.97;400;9772290301;B
20240306;101457;39.97;1750;9772290302;B
20240306;101459;39.97;10;9772290400;B
20240306;101459;39.97;910;9772290401;B
20240306;101459;39.97;10;9772290402;B
20240306;101459;39.98;30;9772290425;B
20240306;101500;39.98;1000;9772290492;B
20240306;101500;39.98;50;9772290512;B
20240306;101501;39.98;10540;9772290627;B
20240306;101501;39.98;17000;9772290628;B
20240306;101501;39.99;30;9772290629;B
20240306;101501;39.99;10;9772290630;B
20240306;101501;39.99;710;9772290631;B
20240306;101501;39.99;1500;9772290632;B
20240306;101501;39.99;510;9772290633;B
20240306;101501;40;940;9772290634;B
20240306;101501;40;300;9772290635;B
20240306;101501;40;3000;9772290636;B
20240306;101501;40;500;9772290637;B
20240306;101501;40;240;9772290638;B
20240306;101501;40;30;9772290639;B
20240306;101501;40;100;9772290640;B
20240306;101501;40;500;9772290641;B
20240306;101501;40;20;9772290642;B
20240306;101501;40;1000;9772290643;B
20240306;101501;40;10;9772290644;B
20240306;101501;40;5500;9772290645;B
20240306;101501;40;5000;9772290646;B
20240306;101501;40;500;9772290647;B
20240306;101501;40;1000;9772290648;B
20240306;101501;40;1000;9772290649;B
20240306;101501;40.01;60;9772290650;B
20240306;101502;40.01;30;9772291041;B
20240306;101502;40.01;110;9772291133;B
20240306;101502;40.01;10;9772291134;B
20240306;101502;40.01;50;9772291135;B
20240306;101502;40.01;1620;9772291136;B
20240306;101502;40.02;1200;9772291137;B
20240306;101502;40.02;1120;9772291138;B
20240306;101502;40.03;10000;9772291139;B
20240306;101502;40.03;500;9772291140;B
20240306;101502;40.03;100;9772291141;B
20240306;101502;40.03;510;9772291142;B
20240306;101502;40.04;60;9772291143;B
20240306;101502;40.05;30;9772291144;B
20240306;101502;40.05;30;9772291145;B
20240306;101502;40.05;7910;9772291146;B
20240306;101502;40.07;10;9772291190;B
20240306;101502;40.07;10;9772291191;B
20240306;101502;40.04;40;9772291202;S
20240306;101503;40.04;2480;9772291227;S
20240306;101503;40.04;2000;9772291228;S
20240306;101503;40.03;10520;9772291229;S
20240306;101503;40.04;400;9772291278;S
20240306;101503;40.04;500;9772291351;B
20240306;101503;40.04;100;9772291386;B
20240306;101503;40.07;490;9772291387;B
20240306;101503;40.07;80;9772291388;B
20240306;101503;40.08;500;9772291389;B
20240306;101503;40.08;2520;9772291390;B
20240306;101503;40.09;500;9772291391;B
20240306;101503;40.09;900;9772291392;B
20240306;101503;40.09;30;9772291393;B
20240306;101503;40.09;30;9772291394;B
20240306;101503;40.09;30;9772291395;B
20240306;101503;40.1;100;9772291396;B
20240306;101503;40.1;960;9772291397;B
20240306;101503;40.1;50;9772291398;B
20240306;101503;40.1;1260;9772291399;B
20240306;101503;40.09;2520;9772291420;B
20240306;101503;40.1;740;9772291421;B
20240306;101503;40.1;10;9772291422;B
20240306;101503;40.1;200;9772291423;B
20240306;101503;40.1;110;9772291424;B
20240306;101503;40.1;2200;9772291425;B
20240306;101503;40.1;2000;9772291426;B
20240306;101503;40.1;10;9772291427;B
20240306;101503;40.1;10;9772291428;B
20240306;101503;40.1;500;9772291429;B
20240306;101503;40.1;400;9772291430;B
20240306;101503;40.1;510;9772291431;B
20240306;101503;40.11;6070;9772291432;B
20240306;101503;40.11;240;9772291433;B
20240306;101503;40.12;110;9772291434;B
20240306;101503;40.13;100;9772291435;B
20240306;101503;40.13;1130;9772291436;B
20240306;101503;40.13;2000;9772291437;B
20240306;101503;40.14;60;9772291438;B
20240306;101503;40.14;110;9772291439;B
20240306;101503;40.14;10;9772291440;B
20240306;101503;40.14;5000;9772291441;B
20240306;101503;40.15;700;9772291442;B
20240306;101503;40.15;2500;9772291443;B
20240306;101503;40.15;70;9772291444;B
20240306;101503;40.15;470;9772291445;B
20240306;101503;40.16;2220;9772291446;B
20240306;101503;40.14;500;9772291458;B
20240306;101503;40.15;570;9772291459;B
20240306;101503;40.14;400;9772291557;S
20240306;101503;40.14;40;9772291558;S
20240306;101503;40.1;1050;9772291567;S
20240306;101503;40.09;510;9772291568;S
20240306;101503;40.08;2000;9772291569;S
20240306;101503;40.07;2000;9772291570;S
20240306;101503;40.06;80;9772291571;S
20240306;101503;40.06;400;9772291572;S
20240306;101503;40.05;7560;9772291573;S
20240306;101503;40.05;2520;9772291574;S
20240306;101503;40.05;19920;9772291575;S
20240306;101503;40.04;20000;9772291576;S
20240306;101503;40.04;110;9772291577;S
20240306;101503;40.02;110;9772291578;S
20240306;101503;40.02;3740;9772291579;S
20240306;101503;40.02;960;9772291581;S
20240306;101504;40.03;10;9772291654;B
20240306;101504;40.02;2520;9772291822;B
20240306;101504;40.03;2480;9772291823;B
20240306;101504;40.03;1000;9772291883;B
20240306;101506;40;110;9772292180;S
20240306;101506;39.99;890;9772292181;S
20240306;101508;40.01;10;9772292599;B
20240306;101509;40;230;9772292821;S
20240306;101509;40.01;60;9772292858;B
20240306;101510;40.02;10;9772292924;B
20240306;101510;40.02;10;9772292925;B
20240306;101510;40.02;1980;9772292926;B
20240306;101515;40.03;50;9772293995;B
20240306;101515;40.03;10;9772293996;B
20240306;101515;40.03;10;9772293997;B
20240306;101515;40.03;2000;9772293998;B
20240306;101515;40.03;430;9772293999;B
20240306;101521;40.01;1190;9772295269;S
20240306;101521;40.01;50;9772295270;S
20240306;101521;40.01;300;9772295310;B
20240306;101524;40.01;1260;9772295770;B
20240306;101524;40.03;740;9772295771;B
20240306;101524;40.03;150;9772295818;B
20240306;101524;40.03;500;9772295819;B
20240306;101524;40.04;500;9772295820;B
20240306;101524;40.04;500;9772295821;B
20240306;101524;40.04;400;9772295822;B
20240306;101524;40.04;2520;9772295823;B
20240306;101524;40.05;500;9772295824;B
20240306;101524;40.05;500;9772295825;B
20240306;101524;40.05;4700;9772295826;B
20240306;101524;40.05;7560;9772295827;B
20240306;101524;40.05;2000;9772295828;B
20240306;101524;40.06;1000;9772295829;B
20240306;101524;40.06;20000;9772295830;B
20240306;101524;40.07;2790;9772295831;B
20240306;101524;40.08;40;9772295832;B
20240306;101524;40.08;700;9772295833;B
20240306;101524;40.08;80;9772295834;B
20240306;101524;40.08;80;9772295835;B
20240306;101524;40.09;5480;9772295836;B
20240306;101525;40.1;100;9772296024;B
20240306;101526;40.06;10;9772296227;S
20240306;101526;40.06;590;9772296255;S
20240306;101526;40.06;150;9772296256;S
20240306;101529;40.06;10;9772296715;S
20240306;101531;40.08;10;9772297051;B
20240306;101531;40.1;10;9772297157;B
20240306;101532;40.1;10;9772297346;B
20240306;101532;40.09;10;9772297364;S
20240306;101532;40.09;20;9772297365;S
20240306;101532;40.09;20;9772297387;S
20240306;101532;40.1;10;9772297389;B
20240306;101533;40.1;10;9772297458;B
20240306;101533;40.09;200;9772297495;S
20240306;101533;40.09;300;9772297496;S
20240306;101533;40.08;400;9772297497;S
20240306;101533;40.08;10;9772297593;B
20240306;101533;40.1;40;9772297594;B
20240306;101534;40.1;10;9772297613;B
20240306;101534;40.1;10;9772297629;B
20240306;101534;40.1;10;9772297665;B
20240306;101534;40.1;10;9772297686;B
20240306;101535;40.1;10;9772297822;B
20240306;101535;40.1;100;9772297904;B
20240306;101536;40.1;10;9772297953;B
20240306;101536;40.1;10;9772298064;B
20240306;101537;40.1;10;9772298143;B
20240306;101538;40.1;110;9772298471;B
20240306;101538;40.1;40;9772298472;B
20240306;101538;40.1;10;9772298473;B
20240306;101538;40.1;10;9772298474;B
20240306;101538;40.1;10;9772298475;B
20240306;101538;40.11;50;9772298476;B
20240306;101538;40.11;480;9772298477;B
20240306;101538;40.12;30;9772298478;B
20240306;101538;40.12;110;9772298479;B
20240306;101538;40.12;150;9772298480;B
20240306;101539;40.08;10;9772298672;S
20240306;101539;40.1;5120;9772298791;B
20240306;101539;40.11;420;9772298792;B
20240306;101540;40.08;100;9772298929;S
20240306;101541;40.08;10;9772299107;S
20240306;101544;40.11;10;9772299596;B
20240306;101544;40.11;500;9772299600;B
20240306;101550;40.09;500;9772300697;B
20240306;101551;40.09;1000;9772300722;B
20240306;101551;40.08;380;9772300729;S
20240306;101551;40.08;1140;9772300730;S
20240306;101551;40.07;180;9772300731;S
20240306;101551;40.08;250;9772300765;B
20240306;101551;40.07;10;9772300790;S
20240306;101551;40.08;1000;9772300819;B
20240306;101552;40.07;810;9772300912;S
20240306;101552;40.07;200;9772300913;S
20240306;101552;40.06;3990;9772300914;S
20240306;101555;40.08;250;9772301385;B
20240306;101555;40.07;750;9772301421;B
20240306;101555;40.07;480;9772301422;B
20240306;101555;40.08;2520;9772301423;B
20240306;101555;40.09;250;9772301424;B
20240306;101556;40.06;100;9772301552;S
20240306;101557;40.08;2520;9772301768;B
20240306;101557;40.09;8900;9772301769;B
20240306;101557;40.09;1000;9772301770;B
20240306;101557;40.1;310;9772301771;B
20240306;101557;40.1;1140;9772301772;B
20240306;101557;40.1;10;9772301773;B
20240306;101557;40.11;90;9772301774;B
20240306;101557;40.11;6030;9772301775;B
20240306;101558;40.08;10;9772301840;B
20240306;101558;40.06;4360;9772301869;S
20240306;101559;40.08;10;9772301949;B
20240306;101601;40.08;180;9772302309;B
20240306;101601;40.08;250;9772302312;S
20240306;101604;40.08;350;9772302737;S
20240306;101606;40.1;2520;9772302972;B
20240306;101606;40.1;50;9772302973;B
20240306;101606;40.1;30;9772302974;B
20240306;101606;40.1;470;9772302975;B
20240306;101606;40.11;3970;9772302976;B
20240306;101606;40.11;100;9772302977;B
20240306;101606;40.11;2000;9772302978;B
20240306;101606;40.12;1000;9772302979;B
20240306;101606;40.12;500;9772302980;B
20240306;101606;40.12;9360;9772302981;B
20240306;101611;40.09;10;9772303916;S
20240306;101611;40.09;10;9772303970;S
20240306;101611;40.11;10;9772304039;B
20240306;101613;40.09;100;9772304331;S
20240306;101616;40.11;500;9772304718;B
20240306;101617;40.11;10;9772304845;B
20240306;101619;40.11;400;9772305173;B
20240306;101620;40.1;10;9772305295;S
20240306;101620;40.1;90;9772305296;S
20240306;101622;40.1;1000;9772305601;S
20240306;101626;40.1;10;9772306166;S
20240306;101626;40.1;120;9772306269;S
20240306;101626;40.1;10;9772306270;S
20240306;101626;40.1;10;9772306271;S
20240306;101626;40.1;10;9772306272;S
20240306;101626;40.1;10;9772306273;S
20240306;101627;40.09;10;9772306318;S
20240306;101627;40.1;1000;9772306397;B
20240306;101628;40.09;10;9772306462;S
20240306;101628;40.1;60;9772306532;B
20240306;101632;40.1;60;9772307088;B
20240306;101633;40.1;980;9772307235;B
20240306;101633;40.1;100;9772307236;B
20240306;101633;40.1;470;9772307237;B
20240306;101633;40.1;10;9772307238;B
20240306;101633;40.1;110;9772307239;B
20240306;101633;40.11;600;9772307240;B
20240306;101633;40.11;50;9772307241;B
20240306;101633;40.11;50;9772307242;B
20240306;101633;40.11;10;9772307243;B
20240306;101633;40.12;4120;9772307244;B
20240306;101634;40.1;610;9772307347;S
20240306;101635;40.12;60;9772307420;B
20240306;101637;40.1;30;9772307841;S
20240306;101637;40.09;80;9772307842;S
20240306;101637;40.09;250;9772307843;S
20240306;101637;40.09;60;9772307844;S
20240306;101637;40.09;1040;9772307845;S
20240306;101637;40.09;470;9772307846;S
20240306;101637;40.09;60;9772307847;S
20240306;101637;40.09;60;9772307848;S
20240306;101637;40.08;100;9772307849;S
20240306;101637;40.08;850;9772307850;S
20240306;101637;40.08;2000;9772307859;S
20240306;101638;40.08;30;9772307910;S
20240306;101638;40.09;30;9772307967;B
20240306;101638;40.08;30;9772307972;S
20240306;101639;40.08;30;9772308040;S
20240306;101639;40.09;20;9772308062;B
20240306;101639;40.09;480;9772308063;B
20240306;101639;40.08;30;9772308098;S
20240306;101640;40.08;30;9772308157;S
20240306;101640;40.08;30;9772308217;S
20240306;101641;40.08;30;9772308293;S
20240306;101641;40.08;30;9772308295;S
20240306;101642;40.08;30;9772308446;S
20240306;101642;40.09;200;9772308468;B
20240306;101643;40.08;30;9772308498;S
20240306;101643;40.09;160;9772308505;B
20240306;101643;40.1;470;9772308506;B
20240306;101643;40.1;10;9772308507;B
20240306;101643;40.11;360;9772308508;B
20240306;101644;40.08;30;9772308729;S
20240306;101644;40.08;30;9772308815;S
20240306;101646;40.08;6790;9772309223;S
20240306;101647;40.08;1250;9772309608;B
20240306;101647;40.09;420;9772309609;B
20240306;101647;40.1;470;9772309610;B
20240306;101647;40.1;50;9772309611;B
20240306;101647;40.1;1000;9772309612;B
20240306;101647;40.11;680;9772309613;B
20240306;101647;40.11;1690;9772309614;B
20240306;101654;40.09;210;9772311038;B
20240306;101654;40.1;10;9772311039;B
20240306;101654;40.1;80;9772311040;B
20240306;101656;40.09;100;9772311375;B
20240306;101656;40.1;900;9772311376;B
20240306;101656;40.07;100;9772311481;S
20240306;101656;40.07;500;9772311482;S
20240306;101657;40.1;10;9772311520;B
20240306;101701;40.07;10;9772311989;S
20240306;101701;40.1;10;9772311993;B
20240306;101701;40.1;50;9772311994;B
20240306;101701;40.11;10;9772311995;B
20240306;101701;40.11;50;9772311996;B
20240306;101701;40.11;500;9772311997;B
20240306;101701;40.11;460;9772311998;B
20240306;101701;40.12;140;9772311999;B
20240306;101702;40.08;100;9772312066;S
20240306;101703;40.1;40;9772312159;S
20240306;101703;40.1;90;9772312224;S
20240306;101704;40.1;100;9772312283;S
20240306;101705;40.11;10;9772312405;B
20240306;101706;40.1;50;9772312516;S
20240306;101706;40.11;100;9772312562;B
20240306;101707;40.11;10;9772312579;B
20240306;101707;40.1;500;9772312642;S
20240306;101709;40.1;220;9772312840;S
20240306;101709;40.09;460;9772312841;S
20240306;101709;40.08;1160;9772312842;S
20240306;101709;40.07;1360;9772312843;S
20240306;101710;40.1;40;9772313025;B
20240306;101712;40.1;350;9772313202;B
20240306;101713;40.09;10;9772313338;S
20240306;101713;40.1;60;9772313350;B
20240306;101714;40.1;10;9772313431;B
20240306;101714;40.1;130;9772313500;B
20240306;101714;40.1;10;9772313501;B
20240306;101714;40.1;60;9772313525;B
20240306;101714;40.1;8030;9772313535;B
20240306;101714;40.1;460;9772313536;B
20240306;101714;40.1;50;9772313537;B
20240306;101714;40.11;1460;9772313538;B
20240306;101717;40.1;50;9772313881;S
20240306;101718;40.1;10;9772314059;S
20240306;101719;40.11;10;9772314189;B
20240306;101723;40.1;10;9772314880;S
20240306;101725;40.11;1420;9772315228;B
20240306;101725;40.11;480;9772315229;B
20240306;101725;40.11;1400;9772315432;B
20240306;101726;40.11;50;9772315542;B
20240306;101726;40.11;60;9772315638;B
20240306;101727;40.1;50;9772315745;S
20240306;101727;40.11;10;9772315771;B
20240306;101727;40.11;10;9772315785;B
20240306;101729;40.1;100;9772316014;S
20240306;101731;40.11;990;9772316379;B
20240306;101731;40.11;50;9772316380;B
20240306;101731;40.11;50;9772316381;B
20240306;101731;40.11;460;9772316382;B
20240306;101731;40.11;300;9772316383;B
20240306;101731;40.11;10;9772316384;B
20240306;101731;40.11;50;9772316385;B
20240306;101731;40.12;1220;9772316386;B
20240306;101732;40.12;20;9772316482;B
20240306;101732;40.11;1070;9772316512;S
20240306;101734;40.11;180;9772316737;B
20240306;101735;40.1;80;9772316835;S
20240306;101735;40.1;130;9772316836;S
20240306;101735;40.1;50;9772316837;S
20240306;101735;40.1;60;9772316850;B
20240306;101736;40.1;10;9772316981;B
20240306;101736;40.1;60;9772316986;B
20240306;101736;40.09;20;9772317038;S
20240306;101736;40.08;60;9772317039;S
20240306;101736;40.08;90;9772317040;S
20240306;101737;40.08;250;9772317120;S
20240306;101737;40.09;500;9772317165;B
20240306;101740;40.09;20;9772317609;B
20240306;101740;40.1;980;9772317610;B
20240306;101742;40.09;10;9772318038;B
20240306;101743;40.09;10;9772318044;B
20240306;101744;40.09;10;9772318227;B
20240306;101745;40.08;10;9772318325;S
20240306;101745;40.08;20;9772318361;S
20240306;101745;40.1;1130;9772318395;B
20240306;101745;40.1;460;9772318396;B
20240306;101745;40.1;10;9772318397;B
20240306;101745;40.1;50;9772318398;B
20240306;101745;40.1;490;9772318399;B
20240306;101745;40.1;110;9772318484;B
20240306;101749;40.1;1000;9772319068;B
20240306;101749;40.1;400;9772319097;B
20240306;101749;40.1;460;9772319098;B
20240306;101749;40.11;50;9772319099;B
20240306;101749;40.11;500;9772319100;B
20240306;101749;40.11;2000;9772319101;B
20240306;101749;40.12;1030;9772319102;B
20240306;101750;40.11;300;9772319235;S
20240306;101751;40.12;120;9772319418;B
20240306;101753;40.12;250;9772319720;B
20240306;101753;40.12;4290;9772319827;B
20240306;101754;40.12;20;9772319945;B
20240306;101754;40.11;60;9772319968;S
20240306;101755;40.12;70;9772320106;B
20240306;101758;40.12;10;9772320501;B
20240306;101758;40.12;500;9772320638;B
20240306;101802;40.11;30;9772321081;S
20240306;101802;40.11;30;9772321153;S
20240306;101803;40.11;30;9772321243;S
20240306;101804;40.12;10;9772321367;B
20240306;101804;40.12;500;9772321395;B
20240306;101804;40.12;70;9772321444;B
20240306;101804;40.11;30;9772321498;S
20240306;101805;40.12;800;9772321579;B
20240306;101805;40.12;2500;9772321606;B
20240306;101805;40.11;10;9772321615;S
20240306;101805;40.11;10;9772321651;S
20240306;101805;40.11;40;9772321670;S
20240306;101806;40.11;50;9772321701;S
20240306;101806;40.11;110;9772321833;S
20240306;101810;40.11;200;9772322551;S
20240306;101811;40.11;100;9772322732;S
20240306;101811;40.12;50;9772322737;B
20240306;101813;40.12;10;9772323135;B
20240306;101815;40.12;3900;9772323669;B
20240306;101815;40.12;3000;9772323699;B
20240306;101816;40.12;250;9772323832;B
20240306;101816;40.12;200;9772323856;B
20240306;101818;40.12;1000;9772324122;B
20240306;101818;40.12;20;9772324200;B
20240306;101820;40.12;100;9772324699;B
20240306;101820;40.12;40;9772324704;B
20240306;101823;40.12;810;9772325247;B
20240306;101823;40.11;900;9772325279;S
20240306;101823;40.12;480;9772325374;B
20240306;101824;40.12;5050;9772325814;B
20240306;101824;40.12;50;9772325815;B
20240306;101824;40.12;10;9772325816;B
20240306;101824;40.12;30;9772325817;B
20240306;101824;40.12;20;9772325818;B
20240306;101824;40.12;500;9772325819;B
20240306;101824;40.12;2500;9772325820;B
20240306;101824;40.12;270;9772325821;B
20240306;101824;40.12;570;9772325822;B
20240306;101825;40.11;1580;9772325929;S
20240306;101825;40.11;900;9772325930;S
20240306;101825;40.1;1020;9772325931;S
20240306;101825;40.12;200;9772326036;B
20240306;101825;40.12;3230;9772326088;B
20240306;101825;40.12;200;9772326089;B
20240306;101825;40.12;1000;9772326090;B
20240306;101825;40.12;500;9772326091;B
20240306;101825;40.12;10;9772326092;B
20240306;101825;40.12;10;9772326093;B
20240306;101825;40.12;50;9772326094;B
20240306;101827;40.12;2950;9772326405;B
20240306;101827;40.12;2050;9772326406;B
20240306;101827;40.12;550;9772326407;B
20240306;101830;40.11;100;9772327034;S
20240306;101831;40.13;30;9772327106;B
20240306;101831;40.13;20;9772327107;B
20240306;101831;40.14;100;9772327108;B
20240306;101831;40.14;100;9772327109;B
20240306;101831;40.14;20;9772327110;B
20240306;101831;40.14;10;9772327111;B
20240306;101831;40.14;100;9772327112;B
20240306;101831;40.14;110;9772327113;B
20240306;101831;40.14;800;9772327114;B
20240306;101831;40.14;50;9772327115;B
20240306;101831;40.14;430;9772327116;B
20240306;101831;40.14;490;9772327117;B
20240306;101831;40.15;10;9772327118;B
20240306;101831;40.15;10;9772327119;B
20240306;101831;40.15;10;9772327120;B
20240306;101831;40.15;10;9772327121;B
20240306;101831;40.15;10;9772327122;B
20240306;101831;40.15;10;9772327123;B
20240306;101831;40.15;10;9772327124;B
20240306;101831;40.15;10;9772327125;B
20240306;101831;40.15;10;9772327126;B
20240306;101831;40.15;1500;9772327127;B
20240306;101831;40.15;10;9772327128;B
20240306;101831;40.15;10;9772327129;B
20240306;101831;40.15;100;9772327130;B
20240306;101831;40.15;5830;9772327131;B
20240306;101831;40.12;10;9772327203;S
20240306;101834;40.13;20;9772327743;B
20240306;101836;40.13;20;9772328309;S
20240306;101836;40.12;30;9772328310;S
20240306;101836;40.11;150;9772328311;S
20240306;101837;40.12;10;9772328614;B
20240306;101838;40.12;40;9772328749;B
20240306;101838;40.13;1250;9772328750;B
20240306;101838;40.14;140;9772328751;B
20240306;101838;40.14;500;9772328752;B
20240306;101838;40.14;480;9772328753;B
20240306;101838;40.15;3590;9772328754;B
20240306;101839;40.11;10;9772328928;S
20240306;101841;40.14;10;9772329390;B
20240306;101841;40.14;10;9772329391;B
20240306;101841;40.15;30;9772329392;B
20240306;101843;40.15;550;9772329651;B
20240306;101843;40.15;300;9772329652;B
20240306;101843;40.15;260;9772329653;B
20240306;101848;40.14;10;9772330555;B
20240306;101848;40.14;10;9772330556;B
20240306;101849;40.14;10;9772330618;B
20240306;101850;40.14;610;9772330846;B
20240306;101850;40.14;50;9772330847;B
20240306;101851;40.14;90;9772330965;S
20240306;101851;40.15;50;9772330984;B
20240306;101852;40.14;1000;9772331189;S
20240306;101854;40.14;500;9772331481;S
20240306;101856;40.14;2750;9772331827;S
20240306;101858;40.14;5000;9772332196;B
20240306;101904;40.14;250;9772333137;B
20240306;101905;40.14;5000;9772333272;B
20240306;101906;40.11;400;9772333622;S
20240306;101906;40.11;500;9772333623;S
20240306;101906;40.11;50;9772333624;S
20240306;101906;40.11;490;9772333625;S
20240306;101906;40.1;2560;9772333626;S
20240306;101912;40.13;400;9772334600;B
20240306;101912;40.13;310;9772334601;B
20240306;101912;40.14;290;9772334602;B
20240306;101913;40.13;160;9772334732;B
20240306;101913;40.14;4840;9772334733;B
20240306;101915;40.13;10;9772335019;B
20240306;101916;40.11;500;9772335206;S
20240306;101916;40.1;1420;9772335207;S
20240306;101916;40.1;1000;9772335208;S
20240306;101916;40.1;100;9772335209;S
20240306;101916;40.1;500;9772335210;S
20240306;101916;40.1;1000;9772335211;S
20240306;101916;40.1;80;9772335212;S
20240306;101917;40.1;370;9772335267;B
20240306;101919;40.09;1250;9772335518;S
20240306;101919;40.09;50;9772335519;S
20240306;101920;40.09;200;9772335717;B
20240306;101922;40.09;3500;9772335963;B
20240306;101922;40.09;500;9772335964;B
20240306;101922;40.1;690;9772335965;B
20240306;101927;40.09;200;9772337060;B
20240306;101929;40.09;80;9772337251;B
20240306;101929;40.08;500;9772337278;S
20240306;101930;40.09;60;9772337448;B
20240306;101932;40.08;10;9772337922;S
20240306;101932;40.08;10;9772337965;S
20240306;101933;40.09;40;9772338106;B
20240306;101933;40.08;110;9772338212;S
20240306;101933;40.08;100;9772338213;S
20240306;101933;40.08;10;9772338214;S
20240306;101933;40.08;100;9772338215;S
20240306;101935;40.07;100;9772338425;S
20240306;101939;40.07;1100;9772339116;S
20240306;101941;40.07;800;9772339434;S
20240306;101941;40.07;2700;9772339435;S
20240306;101941;40.08;2580;9772339503;B
20240306;101941;40.08;540;9772339504;B
20240306;101941;40.08;500;9772339505;B
20240306;101941;40.08;5000;9772339506;B
20240306;101941;40.08;80;9772339507;B
20240306;101943;40.09;20;9772339770;B
20240306;101943;40.08;10;9772339804;S
20240306;101943;40.09;10;9772339820;B
20240306;101944;40.08;70;9772339934;S
20240306;101951;40.09;90;9772340735;B
20240306;101951;40.09;10;9772340781;B
20240306;101951;40.08;20000;9772340786;S
20240306;101952;40.08;500;9772340883;S
20240306;101952;40.08;10;9772340886;S
20240306;101952;40.08;10;9772340894;S
20240306;101953;40.09;220;9772340962;B
20240306;101954;40.09;100;9772341068;B
20240306;101955;40.08;170;9772341182;S
20240306;101957;40.09;80;9772341566;B
20240306;101957;40.09;100;9772341567;B
20240306;101957;40.09;10;9772341568;B
20240306;101957;40.09;50;9772341569;B
20240306;101958;40.09;10;9772341649;B
20240306;101958;40.08;530;9772341788;S
20240306;101958;40.08;10;9772341789;S
20240306;101958;40.08;460;9772341790;S
20240306;101959;40.09;440;9772341856;B
20240306;101959;40.09;30;9772341857;B
20240306;101959;40.09;450;9772341858;B
20240306;101959;40.08;130;9772341923;S
20240306;102000;40.09;30;9772342046;B
20240306;102000;40.09;10;9772342099;B
20240306;102000;40.09;40;9772342100;B
20240306;102000;40.09;200;9772342101;B
20240306;102004;40.08;100;9772342649;S
20240306;102005;40.08;30;9772342854;S
20240306;102005;40.08;6280;9772342857;S
20240306;102006;40.08;30;9772342930;S
20240306;102006;40.08;2000;9772342968;S
20240306;102006;40.08;30;9772342970;S
20240306;102008;40.09;570;9772343085;B
20240306;102010;40.09;500;9772343581;B
20240306;102010;40.08;5000;9772343609;S
20240306;102010;40.08;10;9772343618;S
20240306;102011;40.09;70;9772343894;B
20240306;102011;40.08;10;9772343895;S
20240306;102014;40.08;5000;9772344236;S
20240306;102015;40.08;20;9772344384;S
20240306;102015;40.08;10;9772344421;S
20240306;102016;40.08;800;9772344590;S
20240306;102016;40.09;400;9772344786;B
20240306;102017;40.08;70;9772344855;S
20240306;102019;40.08;20;9772345116;S
20240306;102019;40.08;530;9772345117;S
20240306;102019;40.08;4470;9772345120;S
20240306;102019;40.08;200;9772345121;S
20240306;102019;40.07;300;9772345122;S
20240306;102019;40.07;30;9772345123;S
20240306;102020;40.07;1970;9772345989;S
20240306;102020;40.07;10;9772345990;S
20240306;102020;40.07;420;9772345991;S
20240306;102020;40.07;2000;9772345992;S
20240306;102020;40.06;40;9772345993;S
20240306;102020;40.06;100;9772345994;S
20240306;102020;40.06;200;9772345995;S
20240306;102020;40.06;10;9772345996;S
20240306;102020;40.06;250;9772345997;S
20240306;102021;40.06;250;9772347064;S
20240306;102021;40.06;500;9772347065;S
20240306;102021;40.06;50;9772347066;S
20240306;102021;40.06;450;9772347131;S
20240306;102021;40.06;1050;9772347132;S
20240306;102021;40.06;60;9772347153;S
20240306;102022;40.08;10;9772347220;B
20240306;102023;40.05;380;9772347247;S
20240306;102023;40.05;620;9772347248;S
20240306;102023;40.05;1380;9772347265;S
20240306;102023;40.04;630;9772347266;S
20240306;102023;40.04;530;9772347267;S
20240306;102023;40.03;1690;9772347268;S
20240306;102023;40.03;100;9772347269;S
20240306;102023;40.03;80;9772347270;S
20240306;102023;40.02;500;9772347271;S
20240306;102023;40.02;10;9772347272;S
20240306;102023;40.02;1080;9772347273;S
20240306;102023;40.02;2000;9772347856;S
20240306;102024;40.02;5560;9772347946;S
20240306;102024;40.02;2000;9772347947;S
20240306;102024;40.01;1000;9772347948;S
20240306;102024;40.01;200;9772347949;S
20240306;102024;40.01;10;9772347950;S
20240306;102024;40.01;200;9772347951;S
20240306;102024;40.01;1000;9772347952;S
20240306;102024;40.01;30;9772347953;S
20240306;102025;40.01;970;9772348948;S
20240306;102025;40.01;9000;9772348949;S
20240306;102025;40.01;30;9772348950;S
20240306;102025;40.03;30;9772348975;B
20240306;102025;40.04;610;9772348976;B
20240306;102026;40.04;10;9772349084;B
20240306;102026;40.01;50;9772349100;S
20240306;102026;40;200;9772349101;S
20240306;102026;40;50;9772349102;S
20240306;102026;40;10;9772349103;S
20240306;102026;40;20;9772349104;S
20240306;102026;40;800;9772349105;S
20240306;102026;40;2500;9772349106;S
20240306;102026;40;370;9772349107;S
20240306;102026;40;250;9772349108;S
20240306;102027;40.04;10;9772349721;B
20240306;102027;40;120;9772349754;S
20240306;102029;40.02;10;9772351036;B
20240306;102030;40;230;9772351039;S
20240306;102033;40.02;10;9772352039;B
20240306;102033;40.02;10;9772352040;B
20240306;102033;40.02;10;9772352041;B
20240306;102033;40.02;10;9772352042;B
20240306;102033;40.04;70;9772352043;B
20240306;102033;40.04;10;9772352044;B
20240306;102033;40.04;10;9772352045;B
20240306;102033;40.04;10;9772352046;B
20240306;102033;40.05;60;9772352047;B
20240306;102033;40.01;10;9772352077;S
20240306;102033;40;490;9772352078;S
20240306;102035;40;30;9772353877;S
20240306;102037;40;10;9772354075;S
20240306;102038;40.02;10;9772354152;B
20240306;102038;40.03;260;9772354153;B
20240306;102038;40.03;350;9772354154;B
20240306;102038;40.04;630;9772354155;B
20240306;102040;40;20;9772354445;S
20240306;102040;40;170;9772354446;S
20240306;102041;40;80;9772354586;S
20240306;102043;40;1250;9772354864;S
20240306;102043;40;10;9772354865;S
20240306;102045;40;3740;9772356036;B
20240306;102045;40.03;240;9772356037;B
20240306;102046;40.02;20;9772357104;B
20240306;102047;40.01;200;9772357304;B
20240306;102047;40.02;180;9772357305;B
20240306;102047;40.04;100;9772357350;B
20240306;102047;40.04;10;9772357351;B
20240306;102047;40.05;440;9772357352;B
20240306;102047;40.05;80;9772357353;B
20240306;102047;40.06;680;9772357354;B
20240306;102047;40.06;4320;9772357355;B
20240306;102047;40.06;10;9772357356;B
20240306;102047;40.07;10;9772357357;B
20240306;102047;40.07;10;9772357358;B
20240306;102047;40.07;1640;9772357359;B
20240306;102048;40.03;590;9772357886;S
20240306;102048;40.03;1910;9772357887;S
20240306;102049;40.06;10;9772357970;B
20240306;102052;40.03;100;9772358394;S
20240306;102052;40.03;2000;9772358395;S
20240306;102052;40.02;2370;9772358396;S
20240306;102055;40.02;500;9772358902;S
20240306;102055;40.02;30;9772358909;S
20240306;102058;40.05;10;9772360920;B
20240306;102058;40.05;10;9772360921;B
20240306;102059;40.03;400;9772361175;S
20240306;102059;40.03;2000;9772361176;S
20240306;102059;40.02;3060;9772361177;S
20240306;102105;40.02;3660;9772362088;S
20240306;102105;40.01;2000;9772362089;S
20240306;102105;40.01;240;9772362090;S
20240306;102105;40.01;10;9772362091;S
20240306;102105;40;200;9772362092;S
20240306;102105;40;90;9772362093;S
20240306;102105;40;100;9772362094;S
20240306;102105;40;3700;9772362095;S
20240306;102111;40.04;10;9772364351;B
20240306;102114;40;50;9772364628;S
20240306;102117;40;580;9772366184;S
20240306;102117;40;200;9772366185;S
20240306;102117;40;100;9772366186;S
20240306;102117;40;40;9772366187;S
20240306;102117;40;80;9772366188;S
20240306;102118;40;1200;9772366693;S
20240306;102118;40.04;40;9772366720;B
20240306;102123;40.04;40;9772367664;B
20240306;102123;40.04;10;9772367675;B
20240306;102124;40.04;480;9772367830;B
20240306;102124;40.04;50;9772367831;B
20240306;102124;40.04;50;9772367832;B
20240306;102124;40.04;50;9772367833;B
20240306;102124;40.04;490;9772367834;B
20240306;102124;40.04;5000;9772367835;B
20240306;102124;40.04;850;9772367836;B
20240306;102124;40.04;3980;9772367837;B
20240306;102124;40.04;100;9772367838;B
20240306;102125;40.05;360;9772368048;B
20240306;102125;40.05;850;9772368049;B
20240306;102125;40.05;280;9772368050;B
20240306;102126;40.04;510;9772368705;S
20240306;102127;40.05;320;9772369005;B
20240306;102127;40.05;50;9772369006;B
20240306;102127;40.05;10;9772369007;B
20240306;102127;40.06;1500;9772369558;B
20240306;102127;40.06;490;9772369559;B
20240306;102127;40.07;10;9772369560;B
20240306;102128;40.07;490;9772369610;B
20240306;102128;40.07;1990;9772369611;B
20240306;102129;40.06;30;9772369985;S
20240306;102131;40.08;30;9772370527;B
20240306;102131;40.08;30;9772370577;B
20240306;102132;40.08;30;9772370701;B
20240306;102132;40.08;30;9772370705;B
20240306;102133;40.08;30;9772370955;B
20240306;102133;40.08;30;9772370956;B
20240306;102134;40.08;200;9772371059;B
20240306;102134;40.08;1000;9772371060;B
20240306;102134;40.08;140;9772371061;B
20240306;102134;40.08;10;9772371062;B
20240306;102134;40.08;20;9772371063;B
20240306;102134;40.08;490;9772371064;B
20240306;102134;40.09;1260;9772371065;B
20240306;102134;40.09;500;9772371066;B
20240306;102134;40.09;2500;9772371067;B
20240306;102134;40.09;10000;9772371068;B
20240306;102134;40.09;3880;9772371069;B
20240306;102134;40.09;30;9772371081;B
20240306;102134;40.09;30;9772371082;B
20240306;102135;40.06;310;9772371126;S
20240306;102135;40.06;90;9772371148;B
20240306;102135;40.05;2000;9772371149;S
20240306;102136;40.06;360;9772371888;B
20240306;102139;40.06;550;9772373038;B
20240306;102139;40.06;490;9772373039;B
20240306;102139;40.07;630;9772373040;B
20240306;102139;40.07;170;9772373041;B
20240306;102139;40.08;2000;9772373042;B
20240306;102139;40.08;6160;9772373043;B
20240306;102140;40.08;40;9772373062;B
20240306;102140;40.09;460;9772373063;B
20240306;102142;40.06;30;9772373252;S
20240306;102144;40.09;10;9772374166;B
20240306;102146;40.05;10;9772374376;S
20240306;102150;40.05;700;9772375747;S
20240306;102150;40.04;100;9772375748;S
20240306;102150;40.04;70;9772375749;S
20240306;102150;40.04;490;9772375750;S
20240306;102150;40.04;2000;9772375751;S
20240306;102150;40.04;80;9772375752;S
20240306;102150;40.03;30;9772375753;S
20240306;102150;40.03;30;9772375754;S
20240306;102150;40.03;30;9772375755;S
20240306;102150;40.03;2520;9772375756;S
20240306;102150;40.03;3950;9772375757;S
20240306;102151;40.05;200;9772375888;S
20240306;102151;40.03;200;9772375889;S
20240306;102154;40.05;300;9772376533;S
20240306;102157;40.06;50;9772377750;B
20240306;102157;40.06;70;9772377751;B
20240306;102158;40.05;1000;9772377832;S
20240306;102200;40.07;360;9772378407;B
20240306;102200;40.07;500;9772378408;B
20240306;102200;40.07;80;9772378409;B
20240306;102200;40.07;60;9772378410;B
20240306;102201;40.06;40;9772378458;B
20240306;102201;40.06;170;9772378459;B
20240306;102202;40.07;10;9772378539;B
20240306;102202;40.07;430;9772378600;B
20240306;102202;40.07;850;9772378601;B
20240306;102202;40.08;10;9772378602;B
20240306;102202;40.08;1710;9772378603;B
20240306;102202;40.08;10;9772378666;B
20240306;102207;40.06;250;9772380507;S
20240306;102218;40.05;10;9772383497;S
20240306;102218;40.05;990;9772383498;S
20240306;102220;40.07;30;9772384068;B
20240306;102222;40.05;10;9772384592;S
20240306;102222;40.05;10;9772384593;S
20240306;102222;40.04;80;9772384594;S
20240306;102222;40.04;30;9772384597;S
20240306;102245;40.04;490;9772390671;S
20240306;102247;40.04;400;9772390760;S
20240306;102247;40.03;680;9772390761;S
20240306;102247;40.03;470;9772390762;S
20240306;102247;40.03;450;9772390763;S
20240306;102247;40.07;120;9772390764;B
20240306;102247;40.07;470;9772390765;B
20240306;102247;40.07;50;9772390766;B
20240306;102247;40.07;1030;9772390767;B
20240306;102247;40.07;100;9772390768;B
20240306;102247;40.08;230;9772390769;B
20240306;102252;40.03;140;9772392797;S
20240306;102253;40.04;40;9772393113;B
20240306;102254;40.04;280;9772393193;B
20240306;102254;40.05;90;9772393194;B
20240306;102254;40.05;470;9772393195;B
20240306;102254;40.06;70;9772393196;B
20240306;102254;40.06;330;9772393197;B
20240306;102256;40.03;110;9772393507;S
20240306;102256;40.03;890;9772393508;S
20240306;102300;40.06;20;9772394357;B
20240306;102301;40.07;10;9772394424;B
20240306;102305;40.07;20;9772395294;B
20240306;102305;40.07;10;9772395295;B
20240306;102305;40.07;10;9772395320;B
20240306;102305;40.07;40;9772395321;B
20240306;102305;40.08;40;9772395322;B
20240306;102309;40.08;10;9772395623;B
20240306;102309;40.08;20;9772395624;B
20240306;102312;40.06;10;9772396976;S
20240306;102312;40.05;580;9772396977;S
20240306;102312;40.05;20;9772396978;S
20240306;102312;40.05;460;9772396979;S
20240306;102312;40.04;620;9772396980;S
20240306;102312;40.04;50;9772396981;S
20240306;102313;40.03;10;9772398051;S
20240306;102314;40.03;20;9772398107;S
20240306;102316;40.03;10;9772398716;S
20240306;102316;40.04;10;9772398730;B
20240306;102316;40.04;40;9772398739;B
20240306;102316;40.04;10;9772398780;B
20240306;102316;40.04;20;9772398781;B
20240306;102319;40.04;10;9772399565;B
20240306;102320;40.04;10;9772399629;B
20240306;102320;40.04;20;9772399630;B
20240306;102322;40.04;40;9772399911;B
20240306;102322;40.06;260;9772399912;B
20240306;102324;40.08;20;9772400995;B
20240306;102324;40.08;10;9772400996;B
20240306;102327;40.06;10;9772401968;B
20240306;102328;40.07;10;9772402099;B
20240306;102328;40.07;10;9772402100;B
20240306;102329;40.07;400;9772402940;B
20240306;102329;40.07;20;9772402941;B
20240306;102329;40.08;150;9772402942;B
20240306;102329;40.08;790;9772402943;B
20240306;102329;40.08;500;9772402944;B
20240306;102329;40.08;10;9772402945;B
20240306;102329;40.08;10;9772402946;B
20240306;102329;40.08;1000;9772402947;B
20240306;102329;40.08;6690;9772402948;B
20240306;102329;40.08;80;9772402949;B
20240306;102329;40.09;590;9772402950;B
20240306;102329;40.09;1000;9772402951;B
20240306;102329;40.09;20;9772402952;B
20240306;102329;40.09;100;9772402953;B
20240306;102329;40.09;100;9772402954;B
20240306;102329;40.09;100;9772402955;B
20240306;102329;40.09;1360;9772402956;B
20240306;102329;40.09;500;9772402957;B
20240306;102329;40.09;100;9772402958;B
20240306;102329;40.1;300;9772402959;B
20240306;102329;40.1;2500;9772402960;B
20240306;102329;40.1;40;9772402961;B
20240306;102329;40.1;20;9772402962;B
20240306;102329;40.1;10;9772402963;B
20240306;102329;40.1;50;9772402964;B
20240306;102329;40.1;10;9772402965;B
20240306;102329;40.1;1250;9772402966;B
20240306;102329;40.1;10;9772402967;B
20240306;102329;40.1;1000;9772402968;B
20240306;102329;40.1;990;9772402969;B
20240306;102329;40.1;5300;9772402970;B
20240306;102330;40.06;80;9772403036;S
20240306;102330;40.06;2000;9772403037;S
20240306;102330;40.05;1630;9772403038;S
20240306;102330;40.05;520;9772403039;S
20240306;102330;40.05;450;9772403040;S
20240306;102330;40.04;2500;9772403041;S
20240306;102330;40.04;360;9772403042;S
20240306;102330;40.03;960;9772403043;S
20240306;102330;40.03;6000;9772403044;S
20240306;102330;40.03;9060;9772403045;S
20240306;102330;40.03;9980;9772403046;S
20240306;102330;40.02;2500;9772403047;S
20240306;102330;40.02;400;9772403048;S
20240306;102330;40.01;1000;9772403049;S
20240306;102330;40.01;10;9772403050;S
20240306;102330;40.01;2000;9772403051;S
20240306;102330;40.01;2520;9772403052;S
20240306;102330;40;3720;9772403053;S
20240306;102330;40;200;9772403054;S
20240306;102330;40;10;9772403055;S
20240306;102330;40;3000;9772403056;S
20240306;102330;40;10;9772403057;S
20240306;102330;40;10000;9772403058;S
20240306;102330;40;800;9772403059;S
20240306;102330;40;10000;9772403060;S
20240306;102330;40;20;9772403061;S
20240306;102330;40;50;9772403062;S
20240306;102330;40;10;9772403063;S
20240306;102330;40;40;9772403064;S
20240306;102330;40;10;9772403065;S
20240306;102330;40;1000;9772403066;S
20240306;102330;39.99;500;9772403067;S
20240306;102330;39.99;1000;9772403068;S
20240306;102330;39.99;10;9772403069;S
20240306;102330;39.99;80;9772403070;S
20240306;102330;39.99;7570;9772403071;S
20240306;102330;40;10;9772403106;S
20240306;102332;40.04;10;9772403316;B
20240306;102332;40.04;20;9772403317;B
20240306;102333;40.01;10;9772403940;S
20240306;102338;40;990;9772406304;S
20240306;102338;40;110;9772406305;S
20240306;102339;40;10;9772406545;B
20240306;102340;40;10;9772406806;B
20240306;102340;40;10;9772406905;B
20240306;102343;40;50;9772407863;B
20240306;102343;39.99;20;9772407870;S
20240306;102344;40;500;9772408567;B
20240306;102346;40;10;9772409262;B
20240306;102347;40;1500;9772409552;B
20240306;102351;39.99;450;9772410041;S
20240306;102352;40;120;9772410128;B
20240306;102354;39.99;880;9772410269;S
20240306;102354;40;200;9772410734;B
20240306;102400;40;1490;9772412973;B
20240306;102400;40;5000;9772412974;B
20240306;102400;40;450;9772412975;B
20240306;102400;40;470;9772412976;B
20240306;102410;40.02;20;9772416534;B
20240306;102410;40.03;80;9772416535;B
20240306;102410;40.03;100;9772416536;B
20240306;102410;40.03;370;9772416537;B
20240306;102410;40.04;30;9772416538;B
20240306;102411;40.01;10;9772416716;S
20240306;102416;40.04;20;9772418283;B
20240306;102416;40.04;10;9772418284;B
20240306;102419;40.01;10;9772419500;S
20240306;102419;40.04;20;9772419612;B
20240306;102420;40.04;20;9772420627;B
20240306;102420;40.04;10;9772420628;B
20240306;102423;40.02;1000;9772421883;S
20240306;102424;40.04;20;9772422252;B
20240306;102424;40.04;10;9772422253;B
20240306;102427;40.03;770;9772423475;B
20240306;102427;40.03;470;9772423476;B
20240306;102427;40.04;520;9772423477;B
20240306;102427;40.04;500;9772423478;B
20240306;102427;40.04;5000;9772423479;B
20240306;102427;40.06;2000;9772423480;B
20240306;102427;40.06;400;9772423481;B
20240306;102427;40.07;20;9772423482;B
20240306;102427;40.07;20;9772423483;B
20240306;102427;40.07;2520;9772423484;B
20240306;102427;40.07;1780;9772423485;B
20240306;102428;40.06;20;9772424242;B
20240306;102428;40.06;10;9772424243;B
20240306;102431;40.06;20;9772425157;B
20240306;102431;40.06;10;9772425158;B
20240306;102435;40.06;10;9772426696;B
20240306;102435;40.06;20;9772426697;B
20240306;102438;40.06;10;9772427925;B
20240306;102438;40.06;50;9772428762;B
20240306;102439;40.06;10;9772428973;B
20240306;102439;40.06;20;9772428977;B
20240306;102443;40.06;10;9772429911;B
20240306;102443;40.06;20;9772429912;B
20240306;102446;40.06;50;9772430710;B
20240306;102446;40.05;10;9772430732;S
20240306;102446;40.06;10;9772431139;B
20240306;102446;40.06;20;9772431152;B
20240306;102449;40.05;100;9772432338;S
20240306;102450;40.06;10;9772432528;B
20240306;102450;40.06;20;9772432529;B
20240306;102451;40.06;10;9772432779;B
20240306;102453;40.05;2410;9772434994;S
20240306;102453;40.05;50;9772434995;S
20240306;102453;40.04;6240;9772434996;S
20240306;102454;40.05;10;9772435351;B
20240306;102454;40.05;20;9772435352;B
20240306;102458;40.05;410;9772436408;B
20240306;102458;40.06;20;9772436410;B
20240306;102458;40.06;10;9772436411;B
20240306;102458;40.06;50;9772436520;B
20240306;102500;40.06;470;9772436855;B
20240306;102500;40.06;460;9772436856;B
20240306;102500;40.06;220;9772436857;B
20240306;102500;40.07;30;9772436858;B
20240306;102500;40.07;10;9772436859;B
20240306;102500;40.07;500;9772436860;B
20240306;102500;40.07;10;9772436861;B
20240306;102500;40.08;50;9772436862;B
20240306;102500;40.08;50;9772436863;B
20240306;102500;40.08;200;9772436864;B
20240306;102502;40.08;10;9772437261;B
20240306;102502;40.08;20;9772437263;B
20240306;102502;40.08;10;9772437308;B
20240306;102506;40.08;20;9772439465;B
20240306;102506;40.08;10;9772439466;B
20240306;102509;40.08;10;9772440421;B
20240306;102509;40.08;20;9772440422;B
20240306;102511;40.05;20;9772441082;S
20240306;102511;40.05;2520;9772441083;S
20240306;102511;40.05;680;9772441084;S
20240306;102511;40.05;50;9772441085;S
20240306;102511;40.04;3760;9772441086;S
20240306;102511;40.04;450;9772441087;S
20240306;102511;40.03;1520;9772441088;S
20240306;102511;40.07;100;9772441190;B
20240306;102512;40.07;10;9772441806;B
20240306;102512;40.07;90;9772441807;B
20240306;102513;40.05;10;9772442110;B
20240306;102513;40.05;20;9772442111;B
20240306;102517;40.02;1000;9772442897;S
20240306;102518;40.04;20;9772443023;B
20240306;102518;40.04;10;9772443024;B
20240306;102518;40.04;10;9772443116;B
20240306;102521;40.04;10;9772443518;B
20240306;102521;40.04;20;9772443673;B
20240306;102521;40.04;10;9772443674;B
20240306;102525;40.04;20;9772444228;B
20240306;102525;40.04;10;9772444229;B
20240306;102526;40.04;100;9772444252;B
20240306;102527;40.04;20;9772444427;B
20240306;102529;40.04;10;9772444563;B
20240306;102529;40.04;20;9772444564;B
20240306;102533;40.04;30;9772444867;B
20240306;102533;40.04;20;9772444868;B
20240306;102533;40.05;20;9772444869;B
20240306;102533;40.05;10;9772444870;B
20240306;102536;40.05;20;9772445165;B
20240306;102536;40.05;20;9772445176;B
20240306;102536;40.05;10;9772445177;B
20240306;102540;40.05;20;9772445543;B
20240306;102540;40.05;10;9772445544;B
20240306;102541;40.03;500;9772445629;S
20240306;102541;40.02;1500;9772445630;S
20240306;102544;40.05;20;9772445865;B
20240306;102544;40.05;10;9772445866;B
20240306;102545;40.05;50;9772446019;B
20240306;102546;40.05;10;9772446106;B
20240306;102547;40.05;10;9772446137;B
20240306;102548;40.05;10;9772446258;B
20240306;102548;40.05;20;9772446259;B
20240306;102552;40.05;10;9772446883;B
20240306;102552;40.05;20;9772446884;B
20240306;102555;40.05;10;9772447401;B
20240306;102555;40.05;20;9772447402;B
20240306;102557;40.05;10;9772447566;B
20240306;102557;40.04;1000;9772447569;S
20240306;102558;40.04;50;9772447628;S
20240306;102558;40.04;950;9772447629;S
20240306;102558;40.03;300;9772447642;S
20240306;102559;40.04;30;9772447738;B
20240306;102559;40.04;240;9772447739;B
20240306;102559;40.05;20;9772447740;B
20240306;102559;40.05;10;9772447741;B
20240306;102600;40.05;250;9772447784;B
20240306;102601;40.03;10;9772447932;S
20240306;102604;40.04;20;9772448372;B
20240306;102604;40.04;10;9772448373;B
20240306;102606;40.04;430;9772448609;B
20240306;102606;40.04;450;9772448610;B
20240306;102606;40.04;100;9772448611;B
20240306;102606;40.05;80;9772448612;B
20240306;102606;40.05;1440;9772448613;B
20240306;102607;40.04;40;9772448820;B
20240306;102607;40.03;10;9772448837;S
20240306;102607;40.03;20;9772448838;B
20240306;102607;40.03;500;9772448868;B
20240306;102608;40.02;30;9772448902;S
20240306;102608;40.02;20;9772448907;S
20240306;102608;40.02;50;9772448908;S
20240306;102608;40.02;690;9772448909;S
20240306;102608;40.02;240;9772448910;S
20240306;102611;40.03;10;9772449295;B
20240306;102611;40.03;20;9772449297;B
20240306;102611;40.03;130;9772449336;B
20240306;102614;40.03;10;9772449740;B
20240306;102615;40.03;10;9772449819;B
20240306;102615;40.03;20;9772449821;B
20240306;102617;40.01;100;9772450141;S
20240306;102617;40.01;50;9772450142;S
20240306;102617;40.01;500;9772450143;S
20240306;102617;40.01;50;9772450144;S
20240306;102617;40.01;300;9772450145;S
20240306;102618;40.03;20;9772450260;B
20240306;102618;40.03;10;9772450261;B
20240306;102619;40.03;240;9772450341;B
20240306;102619;40.03;450;9772450342;B
20240306;102619;40.04;2480;9772450343;B
20240306;102619;40.04;230;9772450344;B
20240306;102619;40.04;20;9772450345;B
20240306;102619;40.05;50;9772450346;B
20240306;102619;40.05;50;9772450347;B
20240306;102619;40.05;50;9772450348;B
20240306;102619;40.05;50;9772450349;B
20240306;102619;40.05;50;9772450350;B
20240306;102619;40.05;50;9772450351;B
20240306;102619;40.05;50;9772450352;B
20240306;102619;40.05;20;9772450353;B
20240306;102619;40.05;500;9772450354;B
20240306;102619;40.05;3000;9772450355;B
20240306;102619;40.05;100;9772450356;B
20240306;102619;40.05;1570;9772450357;B
20240306;102622;40.02;10;9772450665;B
20240306;102622;40.02;20;9772450666;B
20240306;102626;40.02;10;9772451171;B
20240306;102626;40.02;10;9772451174;B
20240306;102626;40.02;20;9772451175;B
20240306;102630;40.02;10;9772451485;B
20240306;102630;40.02;20;9772451486;B
20240306;102632;40.02;50;9772451660;B
20240306;102633;40.02;250;9772451708;B
20240306;102634;40.03;20;9772451759;B
20240306;102634;40.03;10;9772451760;B
20240306;102635;40.03;10;9772451821;B
20240306;102637;40.03;10;9772452043;B
20240306;102637;40.03;20;9772452044;B
20240306;102639;40.03;50;9772452185;B
20240306;102641;40.03;10;9772452814;B
20240306;102641;40.03;20;9772452815;B
20240306;102642;40.03;10;9772452891;B
20240306;102645;40.03;10;9772453215;B
20240306;102645;40.03;20;9772453216;B
20240306;102647;40.04;100;9772453312;B
20240306;102650;40.04;10;9772453651;B
20240306;102650;40.04;20;9772453652;B
20240306;102652;40.03;1000;9772453951;S
20240306;102653;40.04;10;9772454020;B
20240306;102653;40.04;20;9772454021;B
20240306;102653;40.03;400;9772454029;S
20240306;102654;40.04;140;9772454081;B
20240306;102654;40.04;610;9772454082;B
20240306;102654;40.03;60;9772454084;S
20240306;102655;40.03;70;9772454118;S
20240306;102655;40.02;830;9772454119;S
20240306;102655;40.02;9160;9772454133;S
20240306;102655;40.01;10;9772454134;S
20240306;102655;40.01;410;9772454135;S
20240306;102655;40.01;450;9772454136;S
20240306;102657;40.01;10;9772454291;B
20240306;102657;40.01;20;9772454292;B
20240306;102701;40.01;10;9772454663;B
20240306;102701;40.01;20;9772454664;B
20240306;102704;40;10;9772454862;S
20240306;102704;40;60;9772454863;S
20240306;102705;40.01;10;9772454904;B
20240306;102705;40.01;20;9772454905;B
20240306;102705;40;40;9772454907;S
20240306;102705;40;20;9772454908;S
20240306;102705;40.01;500;9772454944;B
20240306;102708;40;100;9772455128;S
20240306;102709;40.01;10;9772455252;B
20240306;102709;40.01;20;9772455253;B
20240306;102711;40.01;110;9772455528;B
20240306;102713;40.01;10;9772455647;B
20240306;102713;40.01;20;9772455648;B
20240306;102713;40;140;9772455673;S
20240306;102713;40;400;9772455674;S
20240306;102713;40;50;9772455675;S
20240306;102713;40;1500;9772455676;S
20240306;102713;40;30;9772455677;S
20240306;102713;40;1000;9772455678;S
20240306;102713;40;1880;9772455679;S
20240306;102713;40.01;500;9772455692;B
20240306;102715;40.01;30;9772455809;B
20240306;102716;40.01;10;9772455903;B
20240306;102716;40.01;20;9772455904;B
20240306;102718;40;10;9772456096;S
20240306;102719;40.01;150;9772456195;B
20240306;102719;40.01;250;9772456196;B
20240306;102719;40.01;10;9772456209;B
20240306;102720;40.01;10;9772456589;B
20240306;102720;40.01;20;9772456591;B
20240306;102720;40.01;30;9772456592;B
20240306;102721;40.01;680;9772456680;B
20240306;102721;40.01;3070;9772456681;B
20240306;102721;40.01;1930;9772456713;B
20240306;102723;40.03;10;9772456919;B
20240306;102723;40.03;20;9772456921;B
20240306;102725;40.03;20;9772457045;B
20240306;102725;40.02;100;9772457057;S
20240306;102726;40.03;10;9772457160;B
20240306;102727;40.03;10;9772457248;B
20240306;102727;40.03;20;9772457249;B
20240306;102729;40.02;600;9772457371;S
20240306;102729;40.02;50;9772457373;S
20240306;102731;40.03;10;9772457652;B
20240306;102731;40.03;20;9772457653;B
20240306;102732;40.02;300;9772457802;S
20240306;102734;40.02;100;9772458122;S
20240306;102735;40.03;10;9772458165;B
20240306;102735;40.03;20;9772458166;B
20240306;102739;40.03;200;9772458485;B
20240306;102739;40.03;10;9772458497;B
20240306;102739;40.03;20;9772458498;B
20240306;102742;40.03;10;9772458844;B
20240306;102743;40.03;10;9772458852;B
20240306;102743;40.03;10;9772458853;B
20240306;102743;40.03;10;9772458854;B
20240306;102746;40.02;1110;9772459365;S
20240306;102746;40.03;10;9772459376;B
20240306;102746;40.03;20;9772459377;B
20240306;102747;40.02;10;9772459429;S
20240306;102750;40.03;10;9772459676;B
20240306;102750;40.03;20;9772459677;B
20240306;102753;40.03;1000;9772459937;B
20240306;102754;40.03;10;9772460011;B
20240306;102754;40.03;20;9772460012;B
20240306;102755;40.03;920;9772460175;B
20240306;102758;40.03;10;9772460432;B
20240306;102758;40.03;20;9772460433;B
20240306;102759;40.03;150;9772460500;B
20240306;102801;40.03;500;9772460841;B
20240306;102802;40.03;10;9772460916;B
20240306;102802;40.03;20;9772460917;B
20240306;102803;40.03;300;9772461077;B
20240306;102804;40.03;250;9772461187;B
20240306;102805;40.02;100;9772461196;S
20240306;102805;40.02;10;9772461202;S
20240306;102806;40.03;10;9772461266;B
20240306;102806;40.03;20;9772461267;B
20240306;102806;40.03;20;9772461389;B
20240306;102806;40.03;10;9772461399;B
20240306;102809;40.03;10;9772461698;B
20240306;102809;40.03;20;9772461699;B
20240306;102811;40.03;1110;9772461905;B
20240306;102813;40.03;10;9772462241;B
20240306;102813;40.03;20;9772462242;B
20240306;102816;40.02;500;9772462580;S
20240306;102817;40.03;10;9772462741;B
20240306;102817;40.03;20;9772462742;B
20240306;102819;40.03;10;9772462904;B
20240306;102821;40.02;7110;9772463017;S
20240306;102821;40.02;890;9772463018;S
20240306;102821;40.03;10;9772463030;B
20240306;102821;40.03;20;9772463031;B
20240306;102825;40.03;10;9772463489;B
20240306;102825;40.03;20;9772463490;B
20240306;102829;40.03;10;9772463825;B
20240306;102829;40.03;20;9772463826;B
20240306;102829;40.02;110;9772463886;S
20240306;102829;40.02;30;9772463887;S
20240306;102829;40.02;720;9772463888;S
20240306;102832;40.03;10;9772464628;B
20240306;102832;40.03;20;9772464629;B
20240306;102834;40.03;10;9772464729;B
20240306;102834;40.02;630;9772464847;S
20240306;102834;40.02;10;9772464871;S
20240306;102836;40.03;10;9772465257;B
20240306;102836;40.03;20;9772465258;B
20240306;102839;40.02;20;9772465600;S
20240306;102839;40.02;20;9772465602;S
20240306;102840;40.03;10;9772465691;B
20240306;102840;40.03;20;9772465692;B
20240306;102841;40.02;10;9772465783;S
20240306;102841;40.02;1250;9772465784;S
20240306;102841;40.03;10;9772465806;B
20240306;102844;40.03;10;9772466154;B
20240306;102844;40.03;20;9772466155;B
20240306;102847;40.03;100;9772466587;B
20240306;102848;40.03;10;9772466642;B
20240306;102848;40.03;20;9772466643;B
20240306;102851;40.03;10;9772467116;B
20240306;102852;40.03;20;9772467117;B
20240306;102853;40.02;20;9772467319;S
20240306;102855;40.03;10;9772467479;B
20240306;102855;40.03;20;9772467480;B
20240306;102859;40.03;10;9772467739;B
20240306;102859;40.03;20;9772467740;B
20240306;102900;40.03;50;9772467841;B
20240306;102900;40.03;50;9772467842;B
20240306;102900;40.03;20;9772467843;B
20240306;102900;40.03;50;9772467844;B
20240306;102900;40.03;500;9772467845;B
20240306;102900;40.03;90;9772467846;B
20240306;102900;40.03;10;9772467847;B
20240306;102900;40.03;10;9772467848;B
20240306;102900;40.03;2000;9772467849;B
20240306;102900;40.03;400;9772467850;B
20240306;102900;40.03;100;9772467851;B
20240306;102901;40.04;9810;9772467899;B
20240306;102901;40.04;20;9772467900;B
20240306;102902;40.05;100;9772468008;B
20240306;102902;40.05;2990;9772468009;B
20240306;102902;40.05;1000;9772468010;B
20240306;102902;40.05;450;9772468011;B
20240306;102902;40.05;1000;9772468012;B
20240306;102902;40.05;1250;9772468013;B
20240306;102903;40.06;50;9772468068;B
20240306;102903;40.07;950;9772468069;B
20240306;102903;40.06;10;9772468157;S
20240306;102903;40.05;190;9772468158;S
20240306;102904;40.07;20;9772468211;B
20240306;102907;40.07;10;9772468606;B
20240306;102907;40.07;20;9772468607;B
20240306;102908;40.06;20;9772468612;S
20240306;102910;40.06;90;9772468834;S
20240306;102910;40.06;10;9772468835;S
20240306;102910;40.06;140;9772468836;S
20240306;102911;40.07;10;9772469028;B
20240306;102911;40.07;20;9772469030;B
20240306;102912;40.07;20;9772469184;B
20240306;102912;40.07;470;9772469185;B
20240306;102912;40.08;1510;9772469186;B
20240306;102914;40.08;10;9772469389;B
20240306;102914;40.08;20;9772469390;B
20240306;102917;40.07;10;9772469629;S
20240306;102917;40.08;1460;9772469633;B
20240306;102917;40.08;30;9772469634;B
20240306;102917;40.08;1700;9772469635;B
20240306;102918;40.08;110;9772469789;B
20240306;102918;40.08;10;9772469805;B
20240306;102918;40.08;20;9772469806;B
20240306;102918;40.07;70;9772469818;S
20240306;102919;40.07;400;9772469935;S
20240306;102920;40.08;660;9772469965;B
20240306;102920;40.08;1000;9772469966;B
20240306;102920;40.08;60;9772469967;B
20240306;102921;40.08;140;9772470008;B
20240306;102921;40.08;120;9772470009;B
20240306;102922;40.08;10;9772470153;B
20240306;102922;40.08;20;9772470154;B
20240306;102922;40.08;100;9772470164;B
20240306;102924;40.08;10;9772470407;B
20240306;102925;40.08;20;9772470558;B
20240306;102926;40.08;10;9772470648;B
20240306;102926;40.08;20;9772470649;B
20240306;102927;40.08;500;9772470859;B
20240306;102928;40.08;10;9772470893;B
20240306;102928;40.08;250;9772471024;B
20240306;102928;40.08;250;9772471025;B
20240306;102929;40.07;10;9772471057;S
20240306;102929;40.07;20;9772471058;S
20240306;102929;40.07;200;9772471059;S
20240306;102929;40.07;270;9772471060;S
20240306;102930;40.09;10;9772471158;B
20240306;102930;40.09;20;9772471159;B
20240306;102930;40.08;520;9772471180;S
20240306;102930;40.07;1480;9772471181;S
20240306;102932;40.08;100;9772471427;S
20240306;102932;40.08;30;9772471437;S
20240306;102933;40.08;20;9772471465;S
20240306;102933;40.08;200;9772471493;S
20240306;102934;40.09;10;9772471528;B
20240306;102934;40.09;20;9772471529;B
20240306;102937;40.09;4950;9772471843;B
20240306;102937;40.09;40;9772471844;B
20240306;102937;40.09;10;9772471871;B
20240306;102937;40.09;20;9772471872;B
20240306;102938;40.09;20;9772471956;B
20240306;102940;40.08;40;9772472112;S
20240306;102941;40.09;30;9772472212;B
20240306;102941;40.09;10;9772472220;B
20240306;102941;40.09;20;9772472221;B
20240306;102942;40.08;410;9772472306;S
20240306;102942;40.08;10;9772472307;S
20240306;102942;40.08;10;9772472308;S
20240306;102942;40.08;260;9772472309;S
20240306;102942;40.08;10;9772472310;S
20240306;102942;40.08;10;9772472311;S
20240306;102942;40.08;10;9772472312;S
20240306;102942;40.08;10;9772472313;S
20240306;102942;40.08;980;9772472314;S
20240306;102942;40.08;210;9772472334;S
20240306;102943;40.09;10;9772472382;B
20240306;102943;40.08;500;9772472383;S
20240306;102943;40.08;20;9772472405;S
20240306;102944;40.09;40;9772472458;B
20240306;102944;40.09;50;9772472459;B
20240306;102944;40.09;160;9772472460;B
20240306;102945;40.09;10;9772472604;B
20240306;102945;40.09;20;9772472605;B
20240306;102945;40.08;290;9772472649;S
20240306;102945;40.08;130;9772472650;S
