<DATE>;<TIME>;<LAST>;<VOL>;<ID>;<OPER>
20240416;095944;49.86;10;10131412824;S
20240416;095944;49.86;20;10131412825;B
20240416;095944;49.86;10;10131412826;B
20240416;095944;49.86;200;10131412827;B
20240416;095944;49.86;10;10131412828;B
20240416;095944;49.86;10;10131412829;B
20240416;095944;49.86;1000;10131412830;B
20240416;095944;49.86;30;10131412831;B
20240416;095944;49.86;10;10131412832;B
20240416;095944;49.86;50;10131412833;B
20240416;095944;49.86;90;10131412834;B
20240416;095944;49.86;10;10131412835;B
20240416;095944;49.86;10;10131412836;B
20240416;095944;49.86;10;10131412837;B
20240416;095944;49.86;130;10131412838;B
20240416;095944;49.86;100;10131412839;S
20240416;095944;49.86;170;10131412840;S
20240416;095944;49.86;300;10131412841;S
20240416;095944;49.86;30;10131412842;S
20240416;095944;49.86;10;10131412843;S
20240416;095944;49.86;20;10131412844;S
20240416;095944;49.86;10;10131412845;S
20240416;095944;49.86;10;10131412846;S
20240416;095944;49.86;100;10131412847;S
20240416;095944;49.86;80;10131412848;S
20240416;095944;49.86;500;10131412849;S
20240416;095944;49.86;540;10131412850;S
20240416;095944;49.86;10;10131412851;S
20240416;095944;49.86;450;10131412852;S
20240416;095944;49.86;950;10131412853;S
20240416;095944;49.86;10;10131412854;S
20240416;095944;49.86;10;10131412855;S
20240416;095944;49.86;30;10131412856;S
20240416;095944;49.86;10;10131412857;B
20240416;095944;49.86;880;10131412858;B
20240416;095944;49.86;10;10131412859;B
20240416;095944;49.86;1060;10131412860;B
20240416;095944;49.86;10;10131412861;B
20240416;095944;49.86;100;10131412862;B
20240416;095944;49.86;100;10131412863;S
20240416;095944;49.86;10;10131412864;S
20240416;095944;49.86;10;10131412865;S
20240416;095944;49.86;400;10131412866;S
20240416;095944;49.86;400;10131412867;S
20240416;095944;49.86;10;10131412868;S
20240416;095944;49.86;10;10131412869;S
20240416;095944;49.86;20000;10131412870;S
20240416;095944;49.86;400;10131412871;B
20240416;095944;49.86;20;10131412872;B
20240416;095944;49.86;10;10131412873;S
20240416;095944;49.86;50;10131412874;S
20240416;095944;49.86;10;10131412875;S
20240416;095944;49.86;30;10131412876;S
20240416;095944;49.86;20;10131412877;S
20240416;095944;49.86;10;10131412878;S
20240416;095944;49.86;10;10131412879;S
20240416;095944;49.86;10;10131412880;S
20240416;095944;49.86;100;10131412881;S
20240416;095944;49.86;10;10131412882;S
20240416;095944;49.86;100;10131412883;S
20240416;095944;49.86;10;10131412884;S
20240416;095944;49.86;10;10131412885;S
20240416;095944;49.86;10;10131412886;S
20240416;095944;49.86;10;10131412887;S
20240416;095944;49.86;30;10131412888;S
20240416;095944;49.86;10;10131412889;S
20240416;095944;49.86;10;10131412890;S
20240416;095944;49.86;20;10131412891;S
20240416;095944;49.86;190;10131412892;S
20240416;095944;49.86;200;10131412893;S
20240416;095944;49.86;10;10131412894;S
20240416;095944;49.86;20;10131412895;S
20240416;095944;49.86;10;10131412896;S
20240416;095944;49.86;200;10131412897;S
20240416;095944;49.86;60;10131412898;B
20240416;095944;49.86;10;10131412899;B
20240416;095944;49.86;120;10131412900;B
20240416;095944;49.86;200;10131412901;B
20240416;095944;49.86;30;10131412902;B
20240416;095944;49.86;10;10131412903;B
20240416;095944;49.86;10;10131412904;B
20240416;095944;49.86;20;10131412905;B
20240416;095944;49.86;20;10131412906;B
20240416;095944;49.86;10;10131412907;B
20240416;095944;49.86;60;10131412908;B
20240416;095944;49.86;10;10131412909;B
20240416;095944;49.86;1000;10131412910;S
20240416;095944;49.86;1000;10131412911;S
20240416;095944;49.86;130;10131412912;S
20240416;095944;49.86;11780;10131412913;S
20240416;095944;49.86;10;10131412914;B
20240416;095944;49.86;300;10131412915;B
20240416;095944;49.86;40;10131412916;B
20240416;095944;49.86;30;10131412917;B
20240416;095944;49.86;80;10131412918;B
20240416;100004;49.87;40;10131421081;B
20240416;100004;49.87;20;10131421152;B
20240416;100004;49.87;20;10131421154;B
20240416;100004;49.87;10;10131421156;B
20240416;100004;49.87;10;10131421159;B
20240416;100004;49.87;10;10131421164;B
20240416;100004;49.87;10;10131421165;B
20240416;100004;49.86;20;10131421167;S
20240416;100005;49.87;10;10131421473;B
20240416;100005;49.87;10;10131421474;B
20240416;100005;49.87;20;10131421475;B
20240416;100005;49.87;10;10131421476;B
20240416;100005;49.87;10;10131421478;B
20240416;100005;49.87;10;10131421480;B
20240416;100005;49.89;30;10131421483;B
20240416;100005;49.89;30;10131421811;B
20240416;100005;49.86;10;10131421813;S
20240416;100005;49.86;30;10131421815;S
20240416;100005;49.89;10;10131421917;B
20240416;100005;49.89;20;10131421918;B
20240416;100005;49.89;20;10131421919;B
20240416;100005;49.89;10;10131421920;B
20240416;100005;49.89;10;10131421921;B
20240416;100005;49.89;10;10131421922;B
20240416;100005;49.89;10;10131421924;B
20240416;100005;49.89;10;10131421932;B
20240416;100005;49.89;10;10131421937;B
20240416;100005;49.89;10;10131421939;B
20240416;100005;49.89;10;10131421940;B
20240416;100005;49.89;10;10131421942;B
20240416;100005;49.86;10;10131421943;S
20240416;100005;49.86;20;10131421946;S
20240416;100005;49.89;10;10131421950;B
20240416;100005;49.89;10;10131421951;B
20240416;100005;49.86;10;10131421952;S
20240416;100005;49.86;10;10131421956;S
20240416;100005;49.89;10;10131421962;B
20240416;100005;49.89;10;10131421963;B
20240416;100005;49.89;10;10131422415;B
20240416;100005;49.89;20;10131422416;B
20240416;100005;49.87;10;10131422459;S
20240416;100005;49.86;10;10131422460;S
20240416;100005;49.89;1000;10131422738;B
20240416;100006;49.88;80;10131423144;S
20240416;100006;49.88;30;10131423156;S
20240416;100006;49.89;10;10131423167;B
20240416;100006;49.89;10;10131423307;B
20240416;100006;49.89;10;10131423308;B
20240416;100007;49.88;10;10131423532;S
20240416;100007;49.86;90;10131423533;S
20240416;100007;49.88;10;10131423653;B
20240416;100007;49.88;10;10131423654;B
20240416;100007;49.89;10;10131423661;B
20240416;100007;49.89;20;10131423836;B
20240416;100007;49.89;10;10131423839;B
20240416;100007;49.89;10;10131423840;B
20240416;100007;49.89;20;10131423841;B
20240416;100007;49.89;20;10131423842;B
20240416;100007;49.86;10;10131423843;S
20240416;100007;49.89;10;10131424120;B
20240416;100007;49.89;20;10131424121;B
20240416;100007;49.89;10;10131424123;B
20240416;100007;49.89;10;10131424341;B
20240416;100007;49.89;20;10131424342;B
20240416;100007;49.89;10;10131424343;B
20240416;100007;49.89;10;10131424345;B
20240416;100007;49.89;10;10131424346;B
20240416;100007;49.86;40;10131424565;S
20240416;100007;49.89;10;10131424566;B
20240416;100007;49.86;410;10131424567;S
20240416;100007;49.89;10;10131424569;B
20240416;100007;49.89;10;10131424955;B
20240416;100007;49.89;10;10131424957;B
20240416;100007;49.89;4000;10131424960;B
20240416;100007;49.89;20;10131424969;B
20240416;100007;49.89;10;10131424971;B
20240416;100007;49.89;20;10131424973;B
20240416;100007;49.89;20;10131424974;B
20240416;100007;49.89;10;10131424976;B
20240416;100007;49.89;10;10131424977;B
20240416;100007;49.89;10;10131424979;B
20240416;100008;49.89;10;10131425463;B
20240416;100008;49.89;10;10131425465;B
20240416;100008;49.86;30;10131425698;S
20240416;100008;49.89;10;10131425702;B
20240416;100008;49.89;10;10131425709;B
20240416;100008;49.89;10;10131425711;B
20240416;100008;49.89;10;10131425716;B
20240416;100008;49.89;10;10131425720;B
20240416;100008;49.89;30;10131425810;B
20240416;100008;49.89;10;10131425813;B
20240416;100008;49.89;10;10131425816;B
20240416;100008;49.89;40;10131425819;B
20240416;100008;49.86;50;10131425823;S
20240416;100008;49.89;10;10131425825;B
20240416;100008;49.89;80;10131425843;B
20240416;100008;49.89;10;10131425846;B
20240416;100008;49.89;50;10131426467;B
20240416;100008;49.89;10;10131426468;B
20240416;100008;49.89;10;10131426469;B
20240416;100008;49.89;10;10131426470;B
20240416;100008;49.89;1670;10131426471;B
20240416;100008;49.89;10;10131426472;B
20240416;100008;49.89;7210;10131426473;B
20240416;100008;49.9;120;10131426474;B
20240416;100008;49.9;10;10131426475;B
20240416;100008;49.9;10;10131426476;B
20240416;100008;49.9;10;10131426477;B
20240416;100008;49.9;980;10131426478;B
20240416;100009;49.9;200;10131426883;B
20240416;100009;49.9;10;10131426885;B
20240416;100009;49.9;10;10131426902;B
20240416;100009;49.9;1000;10131427056;B
20240416;100010;49.9;40;10131427237;B
20240416;100010;49.9;20;10131427275;B
20240416;100010;49.9;460;10131427384;B
20240416;100010;49.87;10;10131427627;S
20240416;100010;49.88;10;10131427790;B
20240416;100010;49.89;460;10131427791;B
20240416;100010;49.9;280;10131427792;B
20240416;100010;49.9;750;10131427793;B
20240416;100011;49.87;10;10131427841;S
20240416;100011;49.87;40;10131427867;S
20240416;100011;49.9;10;10131428088;B
20240416;100011;49.9;10;10131428121;B
20240416;100011;49.9;60;10131428298;B
20240416;100011;49.9;10;10131428302;B
20240416;100011;49.87;20;10131428303;S
20240416;100012;49.9;770;10131428311;B
20240416;100012;49.89;10;10131428412;B
20240416;100015;49.9;10;10131429807;B
20240416;100015;49.89;10;10131429830;S
20240416;100015;49.9;10;10131429831;B
20240416;100018;49.93;20;10131430530;B
20240416;100018;49.93;10;10131430531;B
20240416;100018;49.93;10;10131430532;B
20240416;100018;49.91;10;10131430628;S
20240416;100018;49.91;20;10131430629;S
20240416;100018;49.9;50;10131430630;S
20240416;100019;49.93;800;10131430659;B
20240416;100019;49.93;2700;10131430660;B
20240416;100019;49.92;10;10131430738;S
20240416;100019;49.93;500;10131430791;B
20240416;100024;49.92;10;10131431976;S
20240416;100024;49.92;480;10131432046;S
20240416;100024;49.92;20;10131432047;S
20240416;100025;49.91;250;10131432134;S
20240416;100025;49.93;20;10131432158;B
20240416;100025;49.92;30;10131432203;B
20240416;100026;49.92;10;10131432390;B
20240416;100026;49.92;100;10131432494;B
20240416;100027;49.92;450;10131432708;B
20240416;100027;49.92;110;10131432714;B
20240416;100027;49.93;890;10131432715;B
20240416;100027;49.93;2000;10131432785;B
20240416;100028;49.93;10;10131433015;B
20240416;100029;49.92;100;10131433176;B
20240416;100029;49.91;10;10131433258;S
20240416;100031;49.92;70;10131433888;B
20240416;100032;49.91;120;10131433950;S
20240416;100033;49.91;20;10131434466;S
20240416;100033;49.91;10;10131434467;S
20240416;100034;49.92;10;10131434707;B
20240416;100035;49.91;10;10131435141;S
20240416;100038;49.91;10;10131435952;S
20240416;100038;49.92;90;10131436041;B
20240416;100038;49.93;10;10131436042;B
20240416;100039;49.91;80;10131436154;S
20240416;100039;49.9;1410;10131436155;S
20240416;100039;49.9;100;10131436156;S
20240416;100039;49.9;2000;10131436157;S
20240416;100039;49.9;5180;10131436312;B
20240416;100039;49.93;1080;10131436313;B
20240416;100039;49.94;50;10131436314;B
20240416;100039;49.94;100;10131436315;B
20240416;100039;49.94;1120;10131436316;B
20240416;100039;49.95;10;10131436317;B
20240416;100039;49.95;10;10131436318;B
20240416;100039;49.95;10;10131436319;B
20240416;100039;49.95;10000;10131436320;B
20240416;100039;49.96;5000;10131436321;B
20240416;100039;49.96;10000;10131436322;B
20240416;100039;49.99;10;10131436323;B
20240416;100039;49.99;1150;10131436324;B
20240416;100039;49.99;100;10131436325;B
20240416;100039;49.99;50;10131436326;B
20240416;100039;49.99;20;10131436327;B
20240416;100039;50;50;10131436328;B
20240416;100039;50;100;10131436329;B
20240416;100039;50;10000;10131436330;B
20240416;100039;50;10;10131436331;B
20240416;100039;50;10;10131436332;B
20240416;100039;50;10;10131436333;B
20240416;100039;50;1000;10131436334;B
20240416;100039;50;3000;10131436335;B
20240416;100039;50;20;10131436336;B
20240416;100039;50.01;4000;10131436337;B
20240416;100039;50.01;100;10131436338;B
20240416;100039;50.02;10;10131436339;B
20240416;100039;50.02;200;10131436340;B
20240416;100039;50.02;1350;10131436341;B
20240416;100039;50.03;10;10131436342;B
20240416;100039;50.04;10;10131436343;B
20240416;100039;50.04;10;10131436344;B
20240416;100039;50.04;100;10131436345;B
20240416;100039;50.05;40;10131436346;B
20240416;100039;50.05;10;10131436347;B
20240416;100039;50.06;1600;10131436348;B
20240416;100039;50.07;80;10131436349;B
20240416;100039;50.08;10;10131436350;B
20240416;100039;50.08;20;10131436351;B
20240416;100039;50.08;100;10131436352;B
20240416;100039;50.08;3010;10131436353;B
20240416;100039;50.09;50;10131436354;B
20240416;100039;50.1;10;10131436355;B
20240416;100039;50.1;10;10131436356;B
20240416;100039;50.1;870;10131436357;B
20240416;100039;50.1;20;10131436358;B
20240416;100039;50.1;1600;10131436359;B
20240416;100039;50.1;300;10131436360;B
20240416;100039;50.11;1970;10131436361;B
20240416;100039;50.11;100;10131436362;B
20240416;100039;50.12;760;10131436363;B
20240416;100039;50.13;1410;10131436364;B
20240416;100039;50.14;1000;10131436365;B
20240416;100039;50.14;100;10131436366;B
20240416;100039;50.15;30;10131436367;B
20240416;100039;50.15;10;10131436368;B
20240416;100039;50.15;1940;10131436369;B
20240416;100039;50.17;2500;10131436370;B
20240416;100039;50.17;2610;10131436371;B
20240416;100039;50.18;10;10131436372;B
20240416;100039;50.18;20;10131436373;B
20240416;100039;50.18;500;10131436374;B
20240416;100039;50.19;200;10131436375;B
20240416;100039;50.19;50;10131436376;B
20240416;100039;50.19;3610;10131436377;B
20240416;100039;50.2;100;10131436378;B
20240416;100039;50.2;50;10131436379;B
20240416;100039;50.2;10;10131436380;B
20240416;100039;50.2;10;10131436381;B
20240416;100039;50.2;10;10131436382;B
20240416;100039;50.2;200;10131436383;B
20240416;100039;50.2;5000;10131436384;B
20240416;100039;50.2;16190;10131436385;B
20240416;100039;50.18;1000;10131436386;B
20240416;100039;50.18;2500;10131436387;B
20240416;100039;50.08;460;10131436395;S
20240416;100039;49.99;1200;10131436408;S
20240416;100040;49.94;290;10131436436;S
20240416;100040;50;10;10131436464;B
20240416;100040;50.02;50;10131436465;B
20240416;100040;50.03;460;10131436466;B
20240416;100040;50.03;2440;10131436467;B
20240416;100040;50.04;3820;10131436468;B
20240416;100040;49.95;1410;10131436469;S
20240416;100040;49.95;4420;10131436470;S
20240416;100040;50.03;2000;10131436545;B
20240416;100040;49.99;40;10131436550;S
20240416;100040;50;1500;10131436577;B
20240416;100040;50;400;10131436582;B
20240416;100040;50;1010;10131436600;B
20240416;100040;49.98;10;10131436605;S
20240416;100040;49.99;10;10131436668;B
20240416;100041;49.95;700;10131436869;S
20240416;100041;49.94;300;10131436870;S
20240416;100041;50;10;10131436918;B
20240416;100043;49.97;100;10131437747;S
20240416;100043;49.94;900;10131437748;S
20240416;100043;49.99;10;10131438117;B
20240416;100043;49.99;800;10131438145;B
20240416;100045;49.94;100;10131438870;S
20240416;100045;49.93;400;10131438871;S
20240416;100046;49.99;20;10131439055;B
20240416;100047;49.99;1000;10131439554;B
20240416;100049;49.99;20;10131439832;B
20240416;100049;49.99;1000;10131439995;B
20240416;100050;49.99;50;10131440348;B
20240416;100052;49.99;2000;10131440864;B
20240416;100052;49.99;10;10131440913;B
20240416;100055;49.99;190;10131441640;B
20240416;100057;49.99;10;10131441979;B
20240416;100057;49.99;40;10131442023;B
20240416;100058;49.99;10;10131442430;B
20240416;100059;49.97;200;10131442483;S
20240416;100059;49.95;10;10131442484;S
20240416;100059;49.94;1410;10131442485;S
20240416;100059;49.94;600;10131442486;S
20240416;100059;49.93;100;10131442673;S
20240416;100102;49.98;100;10131443512;B
20240416;100102;49.95;500;10131443595;S
20240416;100102;49.95;190;10131443596;S
20240416;100103;49.96;40;10131443785;S
20240416;100104;49.98;300;10131443974;B
20240416;100104;49.96;10;10131444070;S
20240416;100104;49.98;10;10131444108;B
20240416;100108;49.95;220;10131444827;S
20240416;100112;49.95;10;10131445721;S
20240416;100113;49.95;60;10131445889;S
20240416;100115;49.96;100;10131446334;B
20240416;100115;49.96;490;10131446436;B
20240416;100115;49.97;440;10131446437;B
20240416;100115;49.98;1000;10131446438;B
20240416;100115;49.98;1410;10131446439;B
20240416;100115;49.99;1660;10131446440;B
20240416;100116;49.96;1410;10131446734;S
20240416;100116;49.96;290;10131446735;S
20240416;100118;49.99;380;10131447076;B
20240416;100118;49.99;460;10131447077;B
20240416;100118;50;280;10131447078;B
20240416;100119;49.96;20;10131447341;S
20240416;100120;49.96;10;10131447594;S
20240416;100121;49.96;10;10131447785;B
20240416;100121;49.96;1590;10131447800;B
20240416;100122;49.96;1590;10131447944;B
20240416;100123;49.96;1580;10131448095;B
20240416;100124;49.95;2210;10131448375;S
20240416;100124;49.95;500;10131448376;S
20240416;100124;49.95;2290;10131448377;S
20240416;100125;49.95;1060;10131448574;S
20240416;100125;49.95;40;10131448575;S
20240416;100126;49.94;1000;10131448671;B
20240416;100126;49.94;1300;10131448672;B
20240416;100127;49.92;900;10131448739;S
20240416;100127;49.91;10;10131448740;S
20240416;100127;49.91;480;10131448741;S
20240416;100127;49.9;10;10131448742;S
20240416;100127;49.9;10;10131448743;S
20240416;100127;49.9;900;10131448744;S
20240416;100127;49.9;90;10131448751;S
20240416;100127;49.9;460;10131448752;S
20240416;100127;49.89;10;10131448753;S
20240416;100127;49.89;10;10131448754;S
20240416;100127;49.89;10;10131448755;S
20240416;100127;49.89;420;10131448756;S
20240416;100127;49.93;340;10131448766;B
20240416;100128;49.93;20;10131449056;B
20240416;100129;49.89;40;10131449247;S
20240416;100129;49.89;10;10131449248;S
20240416;100130;49.89;90;10131449473;S
20240416;100131;49.89;20;10131449790;S
20240416;100132;49.89;80;10131450057;S
20240416;100132;49.89;120;10131450058;S
20240416;100133;49.9;30;10131450202;B
20240416;100134;49.9;10;10131450413;B
20240416;100136;49.88;10;10131450718;S
20240416;100136;49.88;2490;10131450719;S
20240416;100136;49.89;10;10131450732;B
20240416;100138;49.89;30;10131451288;B
20240416;100140;49.89;10;10131451699;B
20240416;100141;49.88;1000;10131451799;S
20240416;100141;49.89;40;10131451818;B
20240416;100141;49.89;30;10131451960;B
20240416;100142;49.89;40;10131452148;B
20240416;100142;49.89;160;10131452149;B
20240416;100143;49.89;10;10131452217;B
20240416;100144;49.89;240;10131452293;B
20240416;100144;49.89;760;10131452294;B
20240416;100147;49.89;20;10131452823;B
20240416;100147;49.89;10;10131452899;B
20240416;100148;49.89;10;10131453053;B
20240416;100148;49.88;80;10131453059;S
20240416;100149;49.88;1000;10131453136;S
20240416;100149;49.88;1000;10131453155;S
20240416;100150;49.88;10;10131453240;S
20240416;100151;49.88;1770;10131453536;S
20240416;100153;49.88;30;10131453867;B
20240416;100153;49.87;20;10131453919;S
20240416;100155;49.88;10;10131454383;B
20240416;100155;49.88;170;10131454443;B
20240416;100156;49.88;50;10131454592;B
20240416;100159;49.88;100;10131455398;B
20240416;100201;49.88;30;10131455896;B
20240416;100202;49.88;2000;10131456108;B
20240416;100202;49.87;10;10131456114;S
20240416;100204;49.88;10;10131456850;B
20240416;100207;49.89;20;10131457525;B
20240416;100207;49.89;10;10131457536;B
20240416;100208;49.89;10;10131457785;B
20240416;100208;49.89;30;10131457816;B
20240416;100208;49.89;20;10131457869;B
20240416;100210;49.89;10;10131458196;B
20240416;100211;49.88;220;10131458406;S
20240416;100212;49.89;200;10131458480;B
20240416;100212;49.89;10;10131458506;B
20240416;100213;49.88;510;10131458811;S
20240416;100213;49.88;10;10131458867;S
20240416;100214;49.89;650;10131458952;B
20240416;100214;49.9;500;10131458953;B
20240416;100214;49.91;460;10131458954;B
20240416;100214;49.93;640;10131458955;B
20240416;100214;49.93;40;10131458956;B
20240416;100214;49.94;1000;10131458957;B
20240416;100214;49.94;1000;10131458958;B
20240416;100214;49.94;500;10131458959;B
20240416;100214;49.94;500;10131458960;B
20240416;100214;49.94;910;10131458961;B
20240416;100214;49.95;9900;10131458962;B
20240416;100214;49.95;1000;10131458963;B
20240416;100214;49.95;700;10131458964;B
20240416;100214;49.96;2200;10131458965;B
20240416;100214;49.95;1000;10131459016;S
20240416;100214;49.95;1000;10131459017;S
20240416;100219;49.96;3000;10131460335;B
20240416;100223;49.96;6020;10131461343;B
20240416;100223;49.96;100;10131461344;B
20240416;100223;49.96;570;10131461345;B
20240416;100225;49.97;100;10131461673;B
20240416;100226;49.97;60;10131462268;S
20240416;100227;49.97;60;10131462552;S
20240416;100229;49.97;260;10131462988;S
20240416;100231;49.98;10;10131463332;S
20240416;100231;49.99;500;10131463461;B
20240416;100231;49.99;50;10131463462;B
20240416;100231;50;450;10131463463;B
20240416;100232;49.99;120;10131463623;S
20240416;100235;50;10;10131464226;B
20240416;100235;50;110;10131464229;B
20240416;100235;50;100;10131464232;B
20240416;100237;50;630;10131464414;B
20240416;100237;50;760;10131464531;B
20240416;100237;50;300;10131464532;B
20240416;100237;50;10000;10131464533;B
20240416;100237;50;10;10131464534;B
20240416;100237;50.01;10;10131464535;B
20240416;100237;50.01;100;10131464536;B
20240416;100237;50.01;100;10131464537;B
20240416;100237;50.01;140;10131464538;B
20240416;100237;50.01;600;10131464539;B
20240416;100237;50.02;800;10131464540;B
20240416;100237;50.02;60;10131464541;B
20240416;100237;50.02;1000;10131464542;B
20240416;100237;50.03;10;10131464543;B
20240416;100237;50.03;14000;10131464544;B
20240416;100237;50.03;1000;10131464545;B
20240416;100237;50.03;200;10131464546;B
20240416;100237;50.04;40;10131464547;B
20240416;100237;50.04;1000;10131464548;B
20240416;100237;50.04;7200;10131464549;B
20240416;100237;50.05;530;10131464550;B
20240416;100237;50.05;1000;10131464551;B
20240416;100237;50.06;1000;10131464552;B
20240416;100237;50.07;1000;10131464553;B
20240416;100237;50.08;10;10131464554;B
20240416;100237;50.08;10;10131464555;B
20240416;100237;50.08;10;10131464556;B
20240416;100237;50.08;1000;10131464557;B
20240416;100237;50.08;8110;10131464558;B
20240416;100237;50.06;680;10131464559;S
20240416;100237;50.07;300;10131464561;S
20240416;100237;50.07;220;10131464562;S
20240416;100239;50.07;780;10131464977;S
20240416;100239;50.07;20;10131464978;S
20240416;100239;50.07;10;10131465004;S
20240416;100239;50.08;20;10131465053;B
20240416;100245;50.08;180;10131466033;B
20240416;100245;50.08;2000;10131466067;B
20240416;100246;50.07;100;10131466169;S
20240416;100246;50.07;100;10131466190;S
20240416;100246;50.07;100;10131466216;S
20240416;100246;50.07;100;10131466238;S
20240416;100246;50.07;100;10131466265;S
20240416;100246;50.07;100;10131466318;S
20240416;100246;50.07;100;10131466340;S
20240416;100246;50.07;100;10131466357;S
20240416;100246;50.07;190;10131466358;S
20240416;100246;50.07;9810;10131466359;S
20240416;100246;50.07;100;10131466377;S
20240416;100247;50.07;90;10131466394;S
20240416;100247;50.07;10;10131466395;S
20240416;100247;50.07;100;10131466406;S
20240416;100247;50.07;100;10131466422;S
20240416;100247;50.07;100;10131466439;S
20240416;100247;50.07;100;10131466456;S
20240416;100247;50.07;100;10131466462;S
20240416;100247;50.07;100;10131466482;S
20240416;100247;50.07;100;10131466491;S
20240416;100247;50.07;100;10131466513;S
20240416;100247;50.07;100;10131466531;S
20240416;100248;50.07;90;10131466540;S
20240416;100248;50.07;10;10131466541;S
20240416;100248;50.08;5000;10131466635;B
20240416;100248;50.08;320;10131466636;B
20240416;100248;50.09;50;10131466637;B
20240416;100248;50.09;610;10131466638;B
20240416;100248;50.1;100;10131466639;B
20240416;100248;50.1;2000;10131466640;B
20240416;100248;50.11;10;10131466641;B
20240416;100248;50.11;100;10131466642;B
20240416;100248;50.11;1410;10131466643;B
20240416;100248;50.12;9170;10131466644;B
20240416;100248;50.13;1000;10131466645;B
20240416;100248;50.14;200;10131466646;B
20240416;100248;50.14;30;10131466647;B
20240416;100248;50.1;1000;10131466679;S
20240416;100248;50.1;360;10131466680;S
20240416;100249;50.12;10;10131466828;B
20240416;100249;50.11;1000;10131466862;S
20240416;100251;50.11;1000;10131467220;S
20240416;100251;50.11;2000;10131467221;S
20240416;100255;50.1;4000;10131467944;S
20240416;100255;50.11;60;10131468013;B
20240416;100255;50.1;40;10131468014;S
20240416;100257;50.1;5960;10131468251;S
20240416;100257;50.1;1000;10131468252;S
20240416;100257;50.1;370;10131468366;B
20240416;100258;50.1;10;10131468443;B
20240416;100259;50.1;20;10131468554;B
20240416;100259;50.08;310;10131468653;S
20240416;100300;50.1;2640;10131468771;B
20240416;100300;50.11;1000;10131468772;B
20240416;100300;50.12;250;10131468773;B
20240416;100300;50.12;2610;10131468774;B
20240416;100300;50.13;1410;10131468775;B
20240416;100300;50.13;6790;10131468776;B
20240416;100300;50.11;150;10131468803;S
20240416;100302;50.11;1000;10131469161;S
20240416;100302;50.11;8000;10131469162;S
20240416;100302;50.11;10;10131469422;S
20240416;100303;50.11;1000;10131469502;S
20240416;100303;50.11;10;10131469560;S
20240416;100304;50.11;980;10131469621;S
20240416;100304;50.11;130;10131469622;S
20240416;100306;50.11;870;10131470095;S
20240416;100306;50.11;640;10131470096;S
20240416;100306;50.11;1500;10131470097;S
20240416;100306;50.11;30;10131470170;S
20240416;100307;50.12;10;10131470382;B
20240416;100308;50.12;50;10131470450;B
20240416;100309;50.11;3000;10131470658;S
20240416;100311;50.12;90;10131470904;B
20240416;100311;50.11;5470;10131470914;S
20240416;100311;50.11;1000;10131470915;S
20240416;100311;50.11;3600;10131470916;S
20240416;100311;50.11;640;10131470917;S
20240416;100311;50.1;1000;10131470918;S
20240416;100311;50.1;2000;10131470919;S
20240416;100311;50.09;1000;10131470920;S
20240416;100311;50.09;2210;10131470921;S
20240416;100312;50.1;1800;10131471065;S
20240416;100312;50.1;3200;10131471066;S
20240416;100314;50.1;70;10131471536;S
20240416;100315;50.1;1000;10131471736;S
20240416;100315;50.1;10;10131471742;S
20240416;100315;50.11;40;10131471745;B
20240416;100315;50.1;100;10131471758;S
20240416;100315;50.11;20;10131471764;B
20240416;100316;50.1;1060;10131471831;S
20240416;100316;50.1;140;10131471833;S
20240416;100316;50.11;10;10131471936;B
20240416;100316;50.11;100;10131471956;B
20240416;100316;50.11;210;10131471957;B
20240416;100322;50.1;40;10131472852;S
20240416;100323;50.1;2000;10131473008;S
20240416;100323;50.11;800;10131473096;B
20240416;100324;50.11;10;10131473234;B
20240416;100324;50.11;200;10131473240;B
20240416;100325;50.1;990;10131473272;S
20240416;100325;50.11;100;10131473353;B
20240416;100326;50.11;210;10131473531;B
20240416;100327;50.1;10;10131473577;S
20240416;100327;50.1;1380;10131473666;S
20240416;100327;50.1;100;10131473667;S
20240416;100327;50.1;320;10131473668;S
20240416;100328;50.11;1000;10131473685;B
20240416;100329;50.11;500;10131473923;B
20240416;100329;50.11;50;10131473929;B
20240416;100329;50.1;1680;10131474035;S
20240416;100329;50.1;20;10131474036;S
20240416;100329;50.1;110;10131474037;S
20240416;100333;50.1;1410;10131474522;B
20240416;100333;50.1;650;10131474523;B
20240416;100333;50.1;2610;10131474524;B
20240416;100333;50.1;480;10131474525;B
20240416;100333;50.11;7230;10131474526;B
20240416;100333;50.12;10;10131474634;B
20240416;100335;50.11;250;10131474931;S
20240416;100335;50.11;6600;10131474932;S
20240416;100339;50.09;900;10131475494;S
20240416;100339;50.09;100;10131475495;S
20240416;100341;50.09;450;10131475728;S
20240416;100341;50.09;10000;10131475729;S
20240416;100343;50.08;10;10131476018;S
20240416;100343;50.08;540;10131476019;S
20240416;100344;50.08;6260;10131476128;S
20240416;100345;50.08;280;10131476200;S
20240416;100346;50.09;90;10131476438;B
20240416;100347;50.09;20;10131476536;B
20240416;100347;50.09;40;10131476572;B
20240416;100348;50.09;10;10131476781;B
20240416;100349;50.09;10;10131476900;B
20240416;100350;50.08;100;10131477041;S
20240416;100351;50.08;220;10131477333;S
20240416;100352;50.09;100;10131477360;B
20240416;100352;50.09;20;10131477376;B
20240416;100352;50.08;1000;10131477379;S
20240416;100352;50.08;2000;10131477481;S
20240416;100353;50.09;7740;10131477560;B
20240416;100353;50.09;100;10131477561;B
20240416;100355;50.09;30;10131477971;S
20240416;100356;50.09;2130;10131478200;S
20240416;100356;50.09;230;10131478201;S
20240416;100356;50.09;10000;10131478202;S
20240416;100356;50.08;7600;10131478203;S
20240416;100356;50.08;680;10131478204;S
20240416;100357;50.08;10;10131478431;B
20240416;100358;50.07;160;10131478541;S
20240416;100358;50.07;50;10131478542;S
20240416;100358;50.07;290;10131478543;S
20240416;100358;50.07;90;10131478664;S
20240416;100358;50.07;410;10131478665;S
20240416;100359;50.06;10;10131478834;S
20240416;100400;50.07;730;10131479072;B
20240416;100400;50.07;270;10131479073;B
20240416;100401;50.07;1140;10131479171;B
20240416;100401;50.07;1860;10131479172;B
20240416;100401;50.06;20;10131479635;S
20240416;100401;50.06;80;10131479640;S
20240416;100401;50.06;1920;10131479641;S
20240416;100402;50.07;20;10131479830;B
20240416;100402;50.07;110;10131479834;B
20240416;100403;50.06;5000;10131479946;S
20240416;100404;50.07;20;10131480054;B
20240416;100405;50.06;30;10131480328;S
20240416;100405;50.07;500;10131480415;B
20240416;100405;50.07;40;10131480426;B
20240416;100405;50.06;300;10131480428;S
20240416;100408;50.07;10;10131481051;B
20240416;100410;50.06;2750;10131481325;S
20240416;100410;50.06;60;10131481326;S
20240416;100410;50.06;2740;10131481327;S
20240416;100410;50.07;710;10131481436;B
20240416;100410;50.07;2610;10131481437;B
20240416;100410;50.07;2930;10131481438;B
20240416;100410;50.07;730;10131481439;B
20240416;100410;50.08;1820;10131481440;B
20240416;100413;50.07;250;10131482202;B
20240416;100413;50.06;520;10131482213;S
20240416;100413;50.06;30;10131482220;S
20240416;100414;50.06;2710;10131482430;S
20240416;100414;50.06;30;10131482431;S
20240416;100414;50.06;10000;10131482432;S
20240416;100414;50.06;740;10131482433;S
20240416;100414;50.05;5000;10131482434;S
20240416;100414;50.05;1520;10131482435;S
20240416;100417;50.03;10;10131483001;S
20240416;100417;50.03;390;10131483002;S
20240416;100425;50.03;10;10131484585;B
20240416;100427;50.03;30;10131484927;B
20240416;100427;50.03;60;10131484929;B
20240416;100427;50.03;440;10131484930;B
20240416;100427;50.03;10;10131484942;B
20240416;100427;50.03;10;10131484988;B
20240416;100427;50.02;180;10131485062;S
20240416;100427;50.02;40;10131485063;S
20240416;100427;50.02;800;10131485064;S
20240416;100427;50.02;1390;10131485065;S
20240416;100427;50.01;40;10131485066;S
20240416;100427;50.01;10;10131485067;S
20240416;100427;50.01;730;10131485068;S
20240416;100428;50.01;40;10131485177;B
20240416;100429;50;10;10131485423;S
20240416;100429;50;20;10131485424;S
20240416;100429;50;30;10131485425;S
20240416;100429;50;120;10131485426;S
20240416;100429;50.01;1000;10131485455;B
20240416;100430;50;1880;10131485491;S
20240416;100430;49.99;110;10131485492;S
20240416;100430;49.99;730;10131485493;S
20240416;100430;49.99;20;10131485494;S
20240416;100430;49.98;100;10131485495;S
20240416;100430;49.98;740;10131485496;S
20240416;100431;50.01;1000;10131485804;B
20240416;100437;50;40;10131486954;B
20240416;100437;50.01;160;10131486955;B
20240416;100442;49.99;140;10131487821;S
20240416;100442;50;20;10131487858;B
20240416;100446;50;30;10131488568;B
20240416;100447;50;10;10131488809;B
20240416;100447;49.99;5000;10131488845;S
20240416;100449;50;50;10131489362;B
20240416;100449;50;40;10131489433;B
20240416;100449;50;3620;10131489529;B
20240416;100450;50;10;10131489564;B
20240416;100454;50;300;10131490657;B
20240416;100500;50;170;10131491805;B
20240416;100504;50;10;10131492494;B
20240416;100505;50;30;10131492741;B
20240416;100505;50;10;10131492770;B
20240416;100507;49.99;150;10131493114;S
20240416;100508;49.99;30;10131493427;B
20240416;100510;49.99;100;10131493745;B
20240416;100510;49.98;10;10131493746;S
20240416;100510;49.98;70;10131493747;S
20240416;100513;49.98;30;10131494106;S
20240416;100514;49.98;10;10131494358;S
20240416;100516;49.98;2890;10131494805;S
20240416;100516;49.98;10;10131494806;S
20240416;100516;49.98;200;10131494807;S
20240416;100518;49.98;1000;10131495099;B
20240416;100521;49.98;2700;10131495541;B
20240416;100523;49.98;100;10131496074;B
20240416;100524;49.97;110;10131496294;S
20240416;100524;49.97;490;10131496295;S
20240416;100525;49.97;550;10131496424;S
20240416;100525;49.98;100;10131496428;B
20240416;100527;49.98;1000;10131496674;B
20240416;100527;49.98;830;10131496675;B
20240416;100527;49.98;400;10131496676;B
20240416;100527;49.98;190;10131496677;B
20240416;100527;49.99;870;10131496678;B
20240416;100527;49.99;2610;10131496679;B
20240416;100527;49.99;1410;10131496680;B
20240416;100527;49.99;300;10131496681;B
20240416;100527;50;16650;10131496682;B
20240416;100527;49.99;500;10131496684;B
20240416;100530;49.97;960;10131497254;S
20240416;100530;49.97;30;10131497255;S
20240416;100530;49.97;40;10131497256;S
20240416;100530;49.97;830;10131497257;S
20240416;100530;49.96;1310;10131497258;S
20240416;100530;49.96;110;10131497259;S
20240416;100530;49.96;10;10131497260;S
20240416;100530;49.95;3000;10131497261;S
20240416;100530;49.95;2540;10131497262;S
20240416;100531;49.99;50;10131497694;B
20240416;100532;49.99;10;10131497745;B
20240416;100533;49.98;50;10131497994;S
20240416;100533;49.98;2000;10131497995;S
20240416;100533;49.97;830;10131497996;S
20240416;100533;49.95;1760;10131497997;S
20240416;100546;49.97;210;10131500164;B
20240416;100548;49.95;20;10131500440;S
20240416;100548;49.95;2880;10131500480;S
20240416;100548;49.95;120;10131500481;S
20240416;100549;49.97;1100;10131500765;B
20240416;100556;49.97;50;10131502491;B
20240416;100556;49.97;20;10131502536;B
20240416;100557;49.97;20;10131502754;B
20240416;100559;49.95;2380;10131503232;S
20240416;100559;49.95;720;10131503233;S
20240416;100559;49.95;40;10131503234;S
20240416;100559;49.95;7200;10131503235;S
20240416;100559;49.94;1000;10131503236;S
20240416;100559;49.94;180;10131503237;S
20240416;100559;49.94;830;10131503238;S
20240416;100559;49.94;1410;10131503239;S
20240416;100559;49.93;1000;10131503240;S
20240416;100559;49.93;50;10131503241;S
20240416;100559;49.93;10;10131503242;S
20240416;100559;49.93;200;10131503243;S
20240416;100559;49.93;1000;10131503244;S
20240416;100559;49.93;80;10131503245;S
20240416;100559;49.93;800;10131503246;S
20240416;100559;49.93;1000;10131503247;S
20240416;100559;49.92;540;10131503248;S
20240416;100559;49.95;10;10131503267;S
20240416;100600;49.96;10;10131503276;B
20240416;100601;49.92;40;10131503493;S
20240416;100601;49.91;50;10131503494;S
20240416;100601;49.91;950;10131503587;S
20240416;100601;49.91;460;10131503588;S
20240416;100601;49.91;500;10131503589;S
20240416;100601;49.91;160;10131503590;S
20240416;100601;49.91;1930;10131503591;S
20240416;100601;49.91;610;10131503624;S
20240416;100601;49.95;20;10131503650;B
20240416;100604;49.92;50;10131504175;B
20240416;100605;49.92;500;10131504416;B
20240416;100607;49.92;10;10131504843;B
20240416;100611;49.91;200;10131505596;S
20240416;100612;49.92;30;10131505820;B
20240416;100613;49.92;70;10131505998;B
20240416;100613;49.91;300;10131506032;S
20240416;100613;49.91;220;10131506033;S
20240416;100614;49.91;10;10131506223;S
20240416;100618;49.92;750;10131506940;B
20240416;100618;49.93;150;10131507049;B
20240416;100620;49.93;20;10131507265;B
20240416;100624;49.93;500;10131508061;B
20240416;100624;49.93;310;10131508130;B
20240416;100624;49.93;4020;10131508157;B
20240416;100624;49.93;500;10131508158;B
20240416;100625;49.97;1000;10131508252;B
20240416;100626;49.96;10;10131508537;B
20240416;100630;49.97;20;10131509239;B
20240416;100631;49.96;10;10131509519;B
20240416;100631;49.97;10;10131509520;B
20240416;100632;49.96;10;10131509630;S
20240416;100633;49.97;10;10131509768;B
20240416;100633;49.97;240;10131509769;B
20240416;100633;49.97;50;10131509787;B
20240416;100633;49.97;100;10131509798;B
20240416;100635;49.97;20;10131510061;B
20240416;100636;49.97;10;10131510207;B
20240416;100639;49.97;600;10131510773;B
20240416;100639;49.96;1400;10131510798;S
20240416;100639;49.95;7000;10131510799;S
20240416;100639;49.95;820;10131510800;S
20240416;100641;49.95;300;10131511213;B
20240416;100642;49.95;10000;10131511315;B
20240416;100643;49.95;20;10131511770;B
20240416;100643;49.95;460;10131511771;B
20240416;100643;49.95;820;10131511772;B
20240416;100643;49.95;10;10131511773;B
20240416;100643;49.96;8710;10131511774;B
20240416;100644;49.96;1000;10131511898;B
20240416;100647;49.96;10;10131512715;B
20240416;100647;49.94;70;10131512725;S
20240416;100647;49.94;30;10131512726;S
20240416;100653;49.96;500;10131513681;B
20240416;100657;49.95;30;10131514469;S
20240416;100657;49.94;970;10131514470;S
20240416;100657;49.96;10;10131514488;B
20240416;100658;49.96;4000;10131514567;B
20240416;100659;49.96;1750;10131514914;B
20240416;100701;49.96;4020;10131515271;B
20240416;100701;49.96;820;10131515272;B
20240416;100701;49.96;10;10131515273;B
20240416;100701;49.96;10;10131515274;B
20240416;100703;49.97;800;10131515869;B
20240416;100704;49.96;140;10131516023;S
20240416;100709;49.95;10;10131517192;B
20240416;100711;49.95;40;10131517781;B
20240416;100711;49.94;1030;10131517793;S
20240416;100711;49.94;10;10131517866;S
20240416;100715;49.95;20;10131518761;B
20240416;100716;49.95;10;10131519083;B
20240416;100717;49.95;310;10131519171;B
20240416;100721;49.95;10;10131520196;B
20240416;100722;49.95;10;10131520435;B
20240416;100723;49.95;10;10131520762;B
20240416;100724;49.95;10;10131520898;B
20240416;100727;49.94;2050;10131521362;S
20240416;100727;49.94;440;10131521363;S
20240416;100727;49.93;10;10131521364;S
20240416;100727;49.93;2000;10131521415;S
20240416;100727;49.93;10;10131521473;S
20240416;100729;49.93;10;10131521792;S
20240416;100729;49.93;10;10131521851;S
20240416;100729;49.94;30;10131521877;B
20240416;100730;49.94;100;10131521944;B
20240416;100730;49.93;300;10131521946;S
20240416;100733;49.94;1310;10131522635;B
20240416;100733;49.94;690;10131522636;B
20240416;100734;49.94;10;10131522885;B
20240416;100734;49.94;100;10131522920;B
20240416;100735;49.93;3140;10131522989;S
20240416;100735;49.93;30;10131522990;S
20240416;100735;49.93;10;10131522991;S
20240416;100735;49.93;420;10131522992;S
20240416;100735;49.93;10;10131523056;B
20240416;100739;49.93;840;10131523827;B
20240416;100739;49.93;1350;10131523828;B
20240416;100740;49.92;10;10131524025;S
20240416;100741;49.92;6650;10131524135;S
20240416;100741;49.92;10;10131524136;S
20240416;100741;49.92;10;10131524137;S
20240416;100741;49.92;10000;10131524138;S
20240416;100741;49.91;10;10131524139;S
20240416;100741;49.91;7210;10131524140;S
20240416;100741;49.91;4160;10131524141;S
20240416;100741;49.92;200;10131524146;B
20240416;100741;49.91;1220;10131524278;S
20240416;100745;49.91;4620;10131524916;S
20240416;100745;49.9;20;10131524917;S
20240416;100745;49.9;1360;10131524918;S
20240416;100745;49.9;250;10131524996;S
20240416;100746;49.9;50;10131525276;S
20240416;100748;49.91;90;10131525614;B
20240416;100748;49.92;1210;10131525672;B
20240416;100748;49.93;790;10131525673;B
20240416;100752;49.9;20;10131526734;S
20240416;100754;49.9;320;10131526957;S
20240416;100754;49.9;1000;10131526958;S
20240416;100754;49.9;1180;10131526959;S
20240416;100754;49.9;90;10131527108;S
20240416;100754;49.91;10;10131527120;B
20240416;100754;49.92;40;10131527161;B
20240416;100756;49.9;3230;10131527436;S
20240416;100756;49.9;10;10131527437;S
20240416;100756;49.9;770;10131527438;S
20240416;100757;49.91;4000;10131527565;S
20240416;100757;49.9;4960;10131527566;S
20240416;100757;49.9;5430;10131527567;S
20240416;100757;49.9;20;10131527568;S
20240416;100757;49.9;30;10131527569;S
20240416;100757;49.9;10;10131527570;S
20240416;100757;49.9;400;10131527571;S
20240416;100757;49.89;10;10131527572;S
20240416;100757;49.89;10;10131527573;S
20240416;100757;49.89;600;10131527576;B
20240416;100758;49.9;10;10131527957;B
20240416;100800;49.88;1000;10131528357;S
20240416;100800;49.88;2000;10131528358;S
20240416;100800;49.88;100;10131528359;S
20240416;100800;49.88;2620;10131528360;S
20240416;100800;49.88;4680;10131528361;S
20240416;100800;49.88;600;10131528362;S
20240416;100800;49.86;10;10131528378;S
20240416;100800;49.86;10;10131528379;S
20240416;100800;49.86;10;10131528380;S
20240416;100801;49.85;40;10131528672;S
20240416;100801;49.85;90;10131528673;S
20240416;100803;49.87;50;10131529223;B
20240416;100806;49.87;50;10131529876;B
20240416;100809;49.87;20;10131530427;B
20240416;100810;49.85;290;10131530593;S
20240416;100810;49.85;10;10131530594;S
20240416;100810;49.85;10;10131530595;S
20240416;100810;49.85;10;10131530596;S
20240416;100810;49.85;40;10131530597;S
20240416;100810;49.84;10;10131530598;S
20240416;100810;49.84;10;10131530599;S
20240416;100810;49.84;60;10131530600;S
20240416;100810;49.84;180;10131530601;S
20240416;100810;49.84;30;10131530611;S
20240416;100811;49.87;30;10131530862;B
20240416;100812;49.84;1790;10131530978;S
20240416;100812;49.84;50;10131530979;S
20240416;100812;49.83;400;10131530980;S
20240416;100812;49.83;10;10131530981;S
20240416;100812;49.83;10;10131530982;S
20240416;100812;49.83;50;10131530983;S
20240416;100812;49.83;100;10131530984;S
20240416;100812;49.83;10;10131530985;S
20240416;100812;49.83;240;10131530986;S
20240416;100812;49.82;10;10131530987;S
20240416;100812;49.82;1370;10131530988;S
20240416;100813;49.84;10;10131531254;S
20240416;100813;49.83;40;10131531255;S
20240416;100814;49.82;200;10131531464;S
20240416;100814;49.82;800;10131531465;S
20240416;100814;49.81;200;10131531473;S
20240416;100814;49.81;10;10131531474;S
20240416;100814;49.81;790;10131531475;S
20240416;100815;49.83;10;10131531558;B
20240416;100815;49.83;450;10131531580;B
20240416;100815;49.83;810;10131531581;B
20240416;100815;49.83;470;10131531582;B
20240416;100816;49.83;10;10131531794;B
20240416;100817;49.81;10;10131531976;S
20240416;100817;49.81;800;10131531977;S
20240416;100817;49.81;30;10131531978;S
20240416;100817;49.8;200;10131531979;S
20240416;100817;49.8;100;10131531980;S
20240416;100817;49.8;400;10131531981;S
20240416;100817;49.8;70;10131531982;S
20240416;100817;49.8;20;10131531983;S
20240416;100817;49.8;10;10131531984;S
20240416;100817;49.8;410;10131531985;S
20240416;100817;49.8;730;10131531986;S
20240416;100820;49.81;20;10131532437;S
20240416;100820;49.83;2130;10131532554;B
20240416;100821;49.81;200;10131532648;S
20240416;100821;49.81;30;10131532730;S
20240416;100821;49.8;1770;10131532731;S
20240416;100821;49.8;10;10131532732;S
20240416;100821;49.8;10;10131532733;S
20240416;100821;49.8;10;10131532734;S
20240416;100821;49.8;10;10131532735;S
20240416;100821;49.8;120;10131532736;S
20240416;100821;49.8;2000;10131532737;S
20240416;100821;49.8;3000;10131532738;S
20240416;100821;49.8;20;10131532739;S
20240416;100821;49.8;7020;10131532740;S
20240416;100822;49.8;20;10131532857;S
20240416;100824;49.8;280;10131533064;S
20240416;100824;49.8;20;10131533065;S
20240416;100824;49.8;460;10131533066;S
20240416;100824;49.79;4000;10131533067;S
20240416;100824;49.79;10;10131533068;S
20240416;100824;49.79;1780;10131533069;S
20240416;100826;49.81;800;10131533376;B
20240416;100827;49.82;390;10131533653;S
20240416;100828;49.83;20;10131533706;B
20240416;100829;49.81;600;10131533894;S
20240416;100832;49.83;10;10131534190;B
20240416;100832;49.81;1600;10131534227;S
20240416;100832;49.8;10;10131534228;S
20240416;100832;49.8;390;10131534229;S
20240416;100835;49.8;150;10131534763;S
20240416;100838;49.8;20;10131535114;S
20240416;100844;49.8;1670;10131536124;S
20240416;100844;49.8;330;10131536125;S
20240416;100844;49.8;430;10131536238;S
20240416;100844;49.8;10;10131536239;S
20240416;100844;49.8;20;10131536240;S
20240416;100844;49.8;510;10131536241;S
20240416;100846;49.8;10;10131536502;S
20240416;100846;49.81;10;10131536504;B
20240416;100847;49.8;20;10131536558;S
20240416;100848;49.8;1460;10131536730;S
20240416;100848;49.8;20;10131536731;S
20240416;100848;49.8;520;10131536732;S
20240416;100848;49.8;200;10131536802;S
20240416;100849;49.81;90;10131536928;B
20240416;100849;49.81;60;10131536929;B
20240416;100849;49.8;270;10131536947;S
20240416;100849;49.8;200;10131536948;S
20240416;100849;49.8;40;10131536949;S
20240416;100849;49.79;220;10131536950;S
20240416;100849;49.79;10;10131536951;S
20240416;100849;49.79;770;10131536952;S
20240416;100849;49.78;3480;10131536953;S
20240416;100849;49.79;90;10131537062;S
20240416;100850;49.81;20;10131537084;B
20240416;100850;49.79;550;10131537109;S
20240416;100850;49.78;6520;10131537110;S
20240416;100850;49.78;10;10131537111;S
20240416;100850;49.77;10;10131537112;S
20240416;100850;49.77;100;10131537113;S
20240416;100850;49.77;400;10131537114;S
20240416;100850;49.77;770;10131537115;S
20240416;100850;49.77;20;10131537116;S
20240416;100850;49.76;10;10131537117;S
20240416;100850;49.76;1000;10131537118;S
20240416;100850;49.76;7000;10131537119;S
20240416;100850;49.76;460;10131537120;S
20240416;100850;49.76;3150;10131537121;S
20240416;100850;49.76;10;10131537192;S
20240416;100850;49.76;40;10131537193;S
20240416;100852;49.77;10;10131537391;S
20240416;100852;49.77;30;10131537392;S
20240416;100852;49.78;30;10131537401;B
20240416;100852;49.77;850;10131537467;S
20240416;100852;49.76;10;10131537468;S
20240416;100852;49.76;10;10131537469;S
20240416;100852;49.76;760;10131537470;S
20240416;100852;49.75;10;10131537471;S
20240416;100852;49.75;10;10131537472;S
20240416;100852;49.75;10;10131537473;S
20240416;100852;49.75;340;10131537474;S
20240416;100852;49.76;800;10131537496;S
20240416;100852;49.75;4200;10131537497;S
20240416;100853;49.75;30;10131537510;S
20240416;100855;49.77;60;10131538015;B
20240416;100856;49.76;250;10131538024;S
20240416;100856;49.75;430;10131538025;S
20240416;100856;49.75;30;10131538026;S
20240416;100856;49.75;2600;10131538027;S
20240416;100856;49.75;50;10131538028;S
20240416;100856;49.75;50;10131538029;S
20240416;100856;49.75;760;10131538030;S
20240416;100856;49.74;10;10131538031;S
20240416;100856;49.74;10;10131538032;S
20240416;100856;49.74;20;10131538033;S
20240416;100856;49.74;1200;10131538034;S
20240416;100856;49.73;50;10131538035;S
20240416;100856;49.73;1000;10131538036;S
20240416;100856;49.73;10;10131538037;S
20240416;100856;49.73;2080;10131538038;S
20240416;100856;49.73;4000;10131538039;S
20240416;100856;49.73;2450;10131538040;S
20240416;100856;49.77;1000;10131538065;B
20240416;100856;49.77;1410;10131538066;B
20240416;100856;49.77;2590;10131538067;B
20240416;100856;49.77;20;10131538070;B
20240416;100856;49.74;260;10131538123;S
20240416;100856;49.73;10;10131538154;S
20240416;100856;49.73;240;10131538155;S
20240416;100856;49.72;100;10131538156;S
20240416;100856;49.72;10;10131538157;S
20240416;100856;49.72;10;10131538158;S
20240416;100856;49.72;1630;10131538159;S
20240416;100857;49.75;1000;10131538252;B
20240416;100857;49.76;470;10131538253;B
20240416;100857;49.76;1000;10131538254;B
20240416;100857;49.76;200;10131538255;B
20240416;100858;49.72;50;10131538312;S
20240416;100901;49.74;30;10131538984;B
20240416;100901;49.74;150;10131538989;B
20240416;100902;49.72;320;10131539579;S
20240416;100902;49.72;1410;10131539580;S
20240416;100902;49.72;730;10131539581;S
20240416;100902;49.71;20;10131539582;S
20240416;100902;49.71;200;10131539583;S
20240416;100902;49.71;130;10131539584;S
20240416;100903;49.71;370;10131539791;S
20240416;100903;49.71;10;10131539792;S
20240416;100903;49.71;1080;10131539793;S
20240416;100903;49.71;10;10131539794;S
20240416;100903;49.7;10;10131539795;S
20240416;100903;49.7;10;10131539796;S
20240416;100903;49.7;10;10131539797;S
20240416;100903;49.7;100;10131539798;S
20240416;100903;49.7;10;10131539799;S
20240416;100903;49.7;2500;10131539800;S
20240416;100903;49.7;50;10131539801;S
20240416;100903;49.7;10;10131539802;S
20240416;100903;49.7;10;10131539803;S
20240416;100903;49.7;20;10131539804;S
20240416;100903;49.7;10;10131539805;S
20240416;100903;49.7;790;10131539806;S
20240416;100903;49.7;1210;10131539818;S
20240416;100903;49.7;1070;10131539819;S
20240416;100903;49.7;7230;10131539820;S
20240416;100903;49.69;100;10131539821;S
20240416;100903;49.69;1000;10131539822;S
20240416;100903;49.69;720;10131539823;S
20240416;100903;49.69;640;10131539824;S
20240416;100903;49.69;800;10131539825;S
20240416;100903;49.68;40;10131539826;S
20240416;100903;49.68;50;10131539827;S
20240416;100903;49.68;100;10131539828;S
20240416;100903;49.68;1000;10131539829;S
20240416;100903;49.68;460;10131539830;S
20240416;100903;49.68;110;10131539831;S
20240416;100903;49.68;700;10131539832;S
20240416;100903;49.67;130;10131539833;S
20240416;100904;49.68;10;10131540083;S
20240416;100904;49.67;870;10131540084;S
20240416;100904;49.67;2120;10131540085;S
20240416;100904;49.67;100;10131540104;S
20240416;100906;49.71;20;10131540379;B
20240416;100907;49.7;1000;10131540576;S
20240416;100908;49.7;1220;10131540711;S
20240416;100908;49.69;500;10131540712;S
20240416;100908;49.69;720;10131540713;S
20240416;100908;49.68;10;10131540714;S
20240416;100908;49.68;1410;10131540715;S
20240416;100908;49.68;2610;10131540716;S
20240416;100908;49.68;10;10131540717;S
20240416;100908;49.67;3520;10131540718;S
20240416;100909;49.71;60;10131540963;B
20240416;100909;49.67;40;10131541078;S
20240416;100909;49.67;10;10131541079;S
20240416;100909;49.67;800;10131541080;S
20240416;100909;49.67;200;10131541081;B
20240416;100909;49.67;100;10131541083;B
20240416;100909;49.67;700;10131541084;B
20240416;100910;49.67;10;10131541274;B
20240416;100911;49.67;30;10131541389;B
20240416;100912;49.67;10;10131541523;B
20240416;100913;49.67;200;10131541632;B
20240416;100913;49.67;30;10131541642;B
20240416;100913;49.67;10;10131541685;B
20240416;100914;49.67;70;10131541710;B
20240416;100914;49.67;5000;10131541870;B
20240416;100915;49.67;1000;10131541971;B
20240416;100915;49.67;10;10131542063;B
20240416;100917;49.67;190;10131542317;B
20240416;100917;49.69;750;10131542318;B
20240416;100917;49.7;1000;10131542319;B
20240416;100917;49.7;50;10131542320;B
20240416;100917;49.71;60;10131542459;S
20240416;100918;49.72;40;10131542601;B
20240416;100918;49.73;520;10131542602;B
20240416;100920;49.71;90;10131542790;S
20240416;100920;49.71;1260;10131542943;S
20240416;100920;49.71;2610;10131542944;S
20240416;100920;49.7;6010;10131542945;S
20240416;100920;49.7;740;10131542946;S
20240416;100920;49.7;10;10131542947;S
20240416;100920;49.7;1000;10131542948;S
20240416;100920;49.7;10;10131542949;S
20240416;100920;49.69;360;10131542950;S
20240416;100923;49.71;50;10131543378;S
20240416;100923;49.7;120;10131543379;S
20240416;100925;49.72;80;10131543827;B
20240416;100926;49.71;10;10131543962;S
20240416;100926;49.7;180;10131543963;S
20240416;100926;49.7;20;10131543989;S
20240416;100926;49.7;20;10131543990;S
20240416;100926;49.7;20;10131543991;S
20240416;100927;49.72;120;10131544083;B
20240416;100927;49.72;80;10131544084;B
20240416;100927;49.72;20;10131544096;B
20240416;100929;49.72;10;10131544399;B
20240416;100929;49.72;50;10131544475;B
20240416;100930;49.72;10;10131544584;B
20240416;100930;49.72;10;10131544633;B
20240416;100931;49.7;20;10131544674;S
20240416;100932;49.72;20;10131544895;B
20240416;100932;49.73;10;10131544896;B
20240416;100934;49.72;2270;10131545263;S
20240416;100935;49.72;180;10131545551;B
20240416;100936;49.7;720;10131545787;S
20240416;100936;49.69;1280;10131545788;S
20240416;100937;49.72;10;10131545964;B
20240416;100938;49.72;10;10131546093;B
20240416;100938;49.72;130;10131546143;B
20240416;100938;49.71;30;10131546271;S
20240416;100939;49.72;40;10131546402;B
20240416;100939;49.72;10;10131546423;B
20240416;100940;49.72;10;10131546511;B
20240416;100941;49.72;50;10131546648;B
20240416;100942;49.71;570;10131546743;S
20240416;100942;49.7;720;10131546744;S
20240416;100942;49.69;1410;10131546745;S
20240416;100942;49.69;40;10131546746;S
20240416;100942;49.68;1000;10131546747;S
20240416;100942;49.68;30;10131546748;S
20240416;100942;49.68;10;10131546749;S
20240416;100942;49.68;500;10131546750;S
20240416;100942;49.67;1000;10131546751;S
20240416;100942;49.67;150;10131546752;S
20240416;100942;49.67;600;10131546753;S
20240416;100942;49.67;200;10131546754;S
20240416;100942;49.67;1770;10131546755;S
20240416;100943;49.69;40;10131546973;S
20240416;100943;49.67;420;10131546974;S
20240416;100943;49.67;1040;10131546975;S
20240416;100945;49.71;10;10131547322;B
20240416;100945;49.66;10;10131547324;S
20240416;100945;49.66;10;10131547325;S
20240416;100945;49.69;900;10131547345;B
20240416;100945;49.69;90;10131547394;B
20240416;100946;49.69;1000;10131547457;B
20240416;100946;49.67;710;10131547510;S
20240416;100946;49.67;90;10131547511;S
20240416;100946;49.69;3010;10131547606;B
20240416;100946;49.7;710;10131547607;B
20240416;100946;49.71;460;10131547608;B
20240416;100946;49.71;1000;10131547609;B
20240416;100946;49.72;1290;10131547610;B
20240416;100946;49.72;1000;10131547611;B
20240416;100946;49.73;1000;10131547612;B
20240416;100946;49.74;1000;10131547613;B
20240416;100946;49.74;2010;10131547614;B
20240416;100946;49.74;1000;10131547615;B
20240416;100946;49.74;700;10131547616;B
20240416;100946;49.75;50;10131547617;B
20240416;100946;49.75;1000;10131547618;B
20240416;100946;49.75;9770;10131547619;B
20240416;100948;49.72;20;10131547910;B
20240416;100950;49.71;1410;10131548638;S
20240416;100950;49.71;1000;10131548639;S
20240416;100950;49.71;2590;10131548640;S
20240416;100950;49.74;10;10131548658;B
20240416;100951;49.71;100;10131548774;S
20240416;100952;49.74;10;10131549040;B
20240416;100953;49.71;1410;10131549061;S
20240416;100953;49.71;1000;10131549062;S
20240416;100953;49.71;90;10131549063;S
20240416;100955;49.72;500;10131549522;S
20240416;100955;49.72;700;10131549523;S
20240416;100955;49.72;20;10131549606;B
20240416;100958;49.7;1000;10131549955;S
20240416;100958;49.7;6240;10131550014;S
20240416;100958;49.7;1000;10131550015;S
20240416;100958;49.7;710;10131550016;S
20240416;100958;49.69;1000;10131550017;S
20240416;100958;49.69;20;10131550018;S
20240416;100958;49.68;1000;10131550019;S
20240416;100958;49.68;10;10131550020;S
20240416;100958;49.68;40;10131550021;S
20240416;100958;49.67;1000;10131550022;S
20240416;100958;49.67;40;10131550023;S
20240416;100958;49.67;30;10131550024;S
20240416;100958;49.67;2610;10131550025;S
20240416;100958;49.67;5970;10131550026;S
20240416;100958;49.67;260;10131550027;S
20240416;100958;49.66;20;10131550028;S
20240416;100958;49.66;90;10131550029;S
20240416;100958;49.66;20;10131550030;S
20240416;100958;49.66;1000;10131550031;S
20240416;100958;49.66;10000;10131550032;S
20240416;100958;49.66;2500;10131550033;S
20240416;100958;49.66;200;10131550054;B
20240416;100959;49.66;20;10131550201;B
20240416;101000;49.66;10;10131550244;B
20240416;101000;49.66;40;10131550287;B
20240416;101001;49.66;660;10131550627;B
20240416;101001;49.66;10;10131550644;B
20240416;101002;49.66;10;10131551130;B
20240416;101002;49.66;10;10131551137;B
20240416;101003;49.66;700;10131551390;B
20240416;101003;49.66;20;10131551474;B
20240416;101004;49.66;40;10131551698;B
20240416;101005;49.69;60;10131551859;B
20240416;101005;49.69;940;10131551910;B
20240416;101005;49.69;460;10131551911;B
20240416;101005;49.69;730;10131551912;B
20240416;101005;49.7;870;10131551913;B
20240416;101005;49.66;2180;10131551926;S
20240416;101007;49.7;10;10131552315;B
20240416;101014;49.68;40;10131554033;S
20240416;101014;49.68;90;10131554034;S
20240416;101014;49.68;40;10131554035;S
20240416;101014;49.68;40;10131554036;S
20240416;101014;49.68;310;10131554126;B
20240416;101014;49.69;720;10131554127;B
20240416;101014;49.7;120;10131554128;B
20240416;101014;49.7;230;10131554129;B
20240416;101014;49.7;1000;10131554130;B
20240416;101014;49.71;1000;10131554131;B
20240416;101014;49.71;40;10131554132;B
20240416;101014;49.71;10000;10131554133;B
20240416;101014;49.72;3650;10131554134;B
20240416;101014;49.71;1000;10131554146;B
20240416;101014;49.71;500;10131554147;B
20240416;101014;49.72;2000;10131554148;B
20240416;101015;49.72;20;10131554304;B
20240416;101017;49.69;90;10131554753;S
20240416;101017;49.69;20;10131554754;S
20240416;101017;49.7;20;10131554841;B
20240416;101020;49.7;20;10131555258;B
20240416;101021;49.7;10;10131555571;B
20240416;101025;49.7;10;10131556436;B
20240416;101025;49.7;110;10131556509;B
20240416;101026;49.72;20;10131556563;B
20240416;101028;49.72;10;10131557249;B
20240416;101030;49.72;13080;10131557594;B
20240416;101030;49.72;720;10131557595;B
20240416;101033;49.73;750;10131558324;S
20240416;101034;49.75;10;10131558496;B
20240416;101034;49.75;50;10131558525;B
20240416;101036;49.75;10;10131558971;B
20240416;101041;49.75;20;10131560123;B
20240416;101043;49.75;150;10131560733;B
20240416;101043;49.73;2610;10131560773;S
20240416;101043;49.73;1410;10131560774;S
20240416;101043;49.72;3460;10131560775;S
20240416;101044;49.73;300;10131560819;S
20240416;101047;49.74;10;10131561852;B
20240416;101047;49.73;40;10131561857;S
20240416;101052;49.74;400;10131563459;B
20240416;101056;49.73;400;10131564692;S
20240416;101101;49.74;100;10131565850;B
20240416;101102;49.74;10;10131565934;B
20240416;101103;49.75;10;10131566116;B
20240416;101103;49.75;300;10131566234;B
20240416;101105;49.73;10;10131566482;S
20240416;101105;49.73;40;10131566483;S
20240416;101105;49.73;1370;10131566513;S
20240416;101105;49.73;4630;10131566514;S
20240416;101105;49.73;90;10131566561;S
20240416;101105;49.73;250;10131566590;S
20240416;101105;49.73;1350;10131566591;S
20240416;101108;49.73;700;10131567165;B
20240416;101108;49.74;300;10131567166;B
20240416;101108;49.74;20;10131567200;B
20240416;101110;49.74;10;10131567725;B
20240416;101110;49.73;700;10131567752;B
20240416;101110;49.74;1080;10131567753;B
20240416;101110;49.75;1450;10131567754;B
20240416;101110;49.75;6770;10131567755;B
20240416;101110;49.75;20;10131567834;B
20240416;101116;49.72;70;10131569218;S
20240416;101117;49.74;10;10131569484;B
20240416;101118;49.75;40;10131569503;B
20240416;101120;49.75;960;10131570223;B
20240416;101120;49.75;1510;10131570224;B
20240416;101123;49.74;10;10131570880;B
20240416;101125;49.73;10;10131571342;S
20240416;101125;49.73;500;10131571481;S
20240416;101125;49.73;900;10131571486;S
20240416;101125;49.72;2670;10131571487;S
20240416;101125;49.72;40;10131571488;S
20240416;101125;49.72;80;10131571489;S
20240416;101125;49.72;1000;10131571490;S
20240416;101125;49.72;1000;10131571491;S
20240416;101129;49.72;20;10131572361;B
20240416;101129;49.7;130;10131572468;S
20240416;101129;49.71;10;10131572571;B
20240416;101135;49.7;800;10131573889;S
20240416;101135;49.7;50;10131573890;S
20240416;101135;49.7;10;10131573891;S
20240416;101135;49.7;100;10131573892;S
20240416;101135;49.7;20;10131573893;S
20240416;101135;49.7;20;10131573894;S
20240416;101136;49.7;330;10131574121;S
20240416;101136;49.7;1670;10131574122;S
20240416;101137;49.7;330;10131574855;S
20240416;101137;49.7;190;10131574856;S
20240416;101138;49.7;40;10131575064;B
20240416;101139;49.7;10;10131575394;B
20240416;101140;49.7;1430;10131575586;B
20240416;101140;49.7;680;10131575587;B
20240416;101140;49.7;1410;10131575588;B
20240416;101141;49.71;300;10131575733;B
20240416;101142;49.71;960;10131575976;B
20240416;101143;49.7;1000;10131576030;S
20240416;101145;49.7;10;10131576326;S
20240416;101145;49.7;660;10131576389;S
20240416;101145;49.71;100;10131576407;B
20240416;101145;49.7;10;10131576445;S
20240416;101148;49.7;60;10131577121;S
20240416;101148;49.7;90;10131577179;S
20240416;101149;49.71;10;10131577294;B
20240416;101152;49.71;10;10131578016;B
20240416;101155;49.7;600;10131578497;S
20240416;101155;49.7;900;10131578533;S
20240416;101155;49.7;1000;10131578534;S
20240416;101155;49.7;100;10131578535;S
20240416;101155;49.69;2000;10131578536;S
20240416;101155;49.69;60;10131578537;S
20240416;101155;49.69;680;10131578538;S
20240416;101155;49.68;400;10131578539;S
20240416;101155;49.68;40;10131578540;S
20240416;101155;49.68;40;10131578541;S
20240416;101155;49.68;40;10131578542;S
20240416;101155;49.68;40;10131578543;S
20240416;101155;49.68;40;10131578544;S
20240416;101155;49.68;40;10131578545;S
20240416;101155;49.68;20;10131578546;S
20240416;101155;49.68;1110;10131578547;S
20240416;101155;49.68;10;10131578548;S
20240416;101155;49.68;1000;10131578549;S
20240416;101155;49.68;460;10131578550;S
20240416;101155;49.67;1000;10131578551;S
20240416;101155;49.67;7240;10131578552;S
20240416;101155;49.66;380;10131578553;S
20240416;101155;49.66;1000;10131578554;S
20240416;101155;49.66;1400;10131578555;S
20240416;101155;49.66;600;10131578556;S
20240416;101155;49.66;20;10131578557;S
20240416;101156;49.67;50;10131578676;S
20240416;101156;49.66;10;10131578677;S
20240416;101156;49.66;1690;10131578678;S
20240416;101156;49.7;20;10131578718;B
20240416;101157;49.7;70;10131578963;B
20240416;101158;49.67;40;10131578982;S
20240416;101158;49.67;100;10131579176;B
20240416;101159;49.66;460;10131579225;S
20240416;101159;49.7;60;10131579459;B
20240416;101200;49.7;1000;10131579654;B
20240416;101201;49.66;850;10131579714;S
20240416;101201;49.66;1000;10131579715;S
20240416;101201;49.66;1000;10131579716;S
20240416;101201;49.66;150;10131579717;S
20240416;101204;49.68;10;10131580587;B
20240416;101204;49.68;90;10131580588;B
20240416;101204;49.69;20;10131580607;B
20240416;101207;49.69;1390;10131581218;B
20240416;101207;49.69;700;10131581219;B
20240416;101208;49.69;410;10131581417;S
20240416;101208;49.68;200;10131581418;S
20240416;101208;49.67;30;10131581419;S
20240416;101208;49.67;100;10131581420;S
20240416;101208;49.67;70;10131581421;S
20240416;101212;49.68;10;10131582248;B
20240416;101213;49.67;100;10131582483;S
20240416;101213;49.67;290;10131582484;S
20240416;101213;49.67;520;10131582489;S
20240416;101213;49.68;9820;10131582577;B
20240416;101213;49.68;180;10131582578;B
20240416;101213;49.67;1000;10131582607;S
20240416;101213;49.68;150;10131582614;B
20240416;101214;49.68;300;10131582745;B
20240416;101214;49.68;10;10131582780;B
20240416;101216;49.67;50;10131583109;S
20240416;101217;49.67;20;10131583205;S
20240416;101218;49.68;770;10131583404;B
20240416;101218;49.69;1000;10131583405;B
20240416;101218;49.69;700;10131583406;B
20240416;101218;49.69;1000;10131583407;B
20240416;101218;49.7;460;10131583408;B
20240416;101218;49.7;2610;10131583409;B
20240416;101218;49.7;1000;10131583410;B
20240416;101218;49.7;10000;10131583411;B
20240416;101218;49.7;1000;10131583412;B
20240416;101218;49.7;10;10131583413;B
20240416;101218;49.7;1660;10131583414;B
20240416;101219;49.7;4790;10131583469;S
20240416;101219;49.7;210;10131583470;S
20240416;101221;49.7;20;10131583843;B
20240416;101222;49.7;200;10131584121;B
20240416;101226;49.7;10;10131584814;B
20240416;101227;49.7;50;10131584864;B
20240416;101227;49.7;1000;10131584865;B
20240416;101227;49.71;600;10131584866;B
20240416;101227;49.71;290;10131584867;B
20240416;101227;49.69;10;10131584944;S
20240416;101229;49.7;200;10131585136;S
20240416;101229;49.7;80;10131585137;S
20240416;101229;49.7;10;10131585180;B
20240416;101231;49.69;10;10131585488;S
20240416;101231;49.69;10;10131585489;S
20240416;101232;49.7;1910;10131585717;B
20240416;101233;49.7;3090;10131585919;S
20240416;101233;49.7;5000;10131585920;S
20240416;101233;49.7;700;10131585921;S
20240416;101233;49.7;1210;10131585922;S
20240416;101235;49.69;10;10131586101;S
20240416;101236;49.69;40;10131586279;S
20240416;101238;49.7;20;10131586508;S
20240416;101238;49.7;20;10131586577;B
20240416;101239;49.7;100;10131586677;B
20240416;101241;49.69;40;10131587342;S
20240416;101242;49.69;20;10131587651;S
20240416;101242;49.69;20;10131587652;S
20240416;101242;49.69;160;10131587653;S
20240416;101243;49.7;2060;10131587792;B
20240416;101243;49.7;1000;10131587793;B
20240416;101243;49.7;200;10131587798;S
20240416;101243;49.7;200;10131587850;S
20240416;101244;49.7;2770;10131588100;S
20240416;101246;49.71;300;10131588538;B
20240416;101247;49.7;2150;10131588614;S
20240416;101247;49.71;10;10131588655;B
20240416;101248;49.7;200;10131588874;S
20240416;101249;49.7;10;10131588977;S
20240416;101249;49.71;10;10131589021;B
20240416;101249;49.71;20;10131589040;B
20240416;101251;49.71;280;10131589378;B
20240416;101252;49.71;10;10131589538;B
20240416;101252;49.71;4370;10131589555;B
20240416;101252;49.71;630;10131589556;B
20240416;101254;49.7;20;10131589863;S
20240416;101254;49.7;90;10131589865;S
20240416;101254;49.7;1300;10131589967;S
20240416;101254;49.7;10;10131589968;S
20240416;101254;49.7;690;10131589969;S
20240416;101259;49.7;500;10131590906;B
20240416;101301;49.69;30;10131591324;S
20240416;101302;49.69;70;10131591438;S
20240416;101302;49.69;10;10131591439;S
20240416;101302;49.69;10;10131591440;S
20240416;101302;49.68;10;10131591441;S
20240416;101302;49.68;50;10131591442;S
20240416;101302;49.71;100;10131591506;B
20240416;101303;49.7;20;10131591607;S
20240416;101304;49.7;270;10131591670;S
20240416;101305;49.71;20;10131591850;B
20240416;101305;49.7;1710;10131591879;S
20240416;101305;49.7;50;10131591880;S
20240416;101305;49.69;600;10131591881;S
20240416;101305;49.69;100;10131591882;S
20240416;101305;49.69;540;10131591883;S
20240416;101315;49.7;800;10131593348;S
20240416;101317;49.71;30;10131593611;B
20240416;101319;49.7;590;10131593977;S
20240416;101320;49.69;670;10131594081;S
20240416;101320;49.69;250;10131594082;S
20240416;101320;49.68;80;10131594083;S
20240416;101323;49.68;870;10131594563;S
20240416;101323;49.68;600;10131594564;S
20240416;101323;49.68;100;10131594565;S
20240416;101323;49.68;1000;10131594566;S
20240416;101323;49.68;500;10131594567;S
20240416;101323;49.68;670;10131594568;S
20240416;101323;49.67;100;10131594569;S
20240416;101323;49.67;460;10131594570;S
20240416;101323;49.67;500;10131594571;S
20240416;101323;49.67;10;10131594572;S
20240416;101323;49.67;1110;10131594573;S
20240416;101323;49.67;20;10131594574;S
20240416;101323;49.67;1000;10131594575;S
20240416;101323;49.67;7240;10131594576;S
20240416;101323;49.67;70;10131594577;S
20240416;101323;49.66;14260;10131594578;S
20240416;101323;49.66;20;10131594579;S
20240416;101323;49.66;8260;10131594580;S
20240416;101323;49.66;50;10131594581;S
20240416;101323;49.66;10;10131594582;S
20240416;101323;49.66;1000;10131594583;S
20240416;101323;49.66;1000;10131594584;S
20240416;101323;49.66;20;10131594585;S
20240416;101323;49.66;700;10131594586;S
20240416;101323;49.65;10;10131594587;S
20240416;101323;49.65;290;10131594588;S
20240416;101323;49.65;5000;10131594589;S
20240416;101323;49.65;100;10131594590;S
20240416;101323;49.65;100;10131594591;S
20240416;101323;49.65;110;10131594592;S
20240416;101323;49.65;10;10131594593;S
20240416;101323;49.65;310;10131594594;S
20240416;101323;49.65;1000;10131594595;S
20240416;101323;49.65;200;10131594596;S
20240416;101323;49.65;30;10131594597;S
20240416;101323;49.65;590;10131594598;S
20240416;101323;49.65;10;10131594599;S
20240416;101323;49.65;2660;10131594600;S
20240416;101323;49.66;1000;10131594601;S
20240416;101323;49.66;410;10131594602;S
20240416;101324;49.65;700;10131594733;S
20240416;101326;49.65;2640;10131594989;S
20240416;101326;49.65;10;10131594990;S
20240416;101326;49.65;30;10131594991;S
20240416;101326;49.65;1000;10131594992;S
20240416;101326;49.65;3000;10131594993;S
20240416;101326;49.65;33320;10131594994;S
20240416;101326;49.68;200;10131595048;B
20240416;101327;49.66;10;10131595175;B
20240416;101327;49.65;1000;10131595194;S
20240416;101327;49.65;1360;10131595200;S
20240416;101331;49.66;50;10131595774;B
20240416;101333;49.65;140;10131596159;S
20240416;101333;49.65;30;10131596160;S
20240416;101333;49.65;10;10131596161;S
20240416;101333;49.65;10;10131596162;S
20240416;101333;49.65;80;10131596163;S
20240416;101333;49.65;60;10131596164;S
20240416;101333;49.65;50;10131596165;S
20240416;101333;49.65;100;10131596166;S
20240416;101333;49.64;10;10131596167;S
20240416;101333;49.64;710;10131596168;S
20240416;101333;49.64;290;10131596202;S
20240416;101333;49.63;150;10131596203;S
20240416;101333;49.63;20;10131596204;S
20240416;101333;49.63;110;10131596205;S
20240416;101333;49.63;10;10131596206;S
20240416;101333;49.63;40;10131596207;S
20240416;101333;49.63;680;10131596208;S
20240416;101333;49.63;50;10131596209;S
20240416;101333;49.62;80;10131596210;S
20240416;101334;49.65;10;10131596338;B
20240416;101335;49.65;20;10131596487;B
20240416;101339;49.65;600;10131597058;B
20240416;101346;49.64;100;10131598202;B
20240416;101347;49.63;580;10131598318;B
20240416;101347;49.63;670;10131598319;B
20240416;101348;49.63;8750;10131598441;S
20240416;101349;49.63;460;10131598768;B
20240416;101353;49.63;10;10131599749;B
20240416;101354;49.62;260;10131599966;S
20240416;101354;49.62;10;10131599967;S
20240416;101354;49.62;10;10131599968;S
20240416;101354;49.62;100;10131599969;S
20240416;101354;49.62;300;10131599970;S
20240416;101354;49.61;1000;10131599971;S
20240416;101354;49.61;10;10131599972;S
20240416;101354;49.61;2000;10131599973;S
20240416;101354;49.61;2000;10131599974;S
20240416;101354;49.61;600;10131599975;S
20240416;101354;49.61;450;10131599976;S
20240416;101354;49.61;10;10131599977;S
20240416;101354;49.61;40;10131599978;S
20240416;101354;49.61;20;10131599979;S
20240416;101354;49.61;660;10131599980;S
20240416;101354;49.6;80;10131599981;S
20240416;101354;49.6;200;10131599982;S
20240416;101354;49.6;100;10131599983;S
20240416;101354;49.6;10;10131599984;S
20240416;101354;49.6;10;10131599985;S
20240416;101354;49.6;8000;10131599986;S
20240416;101354;49.6;1500;10131599987;S
20240416;101354;49.6;10;10131599988;S
20240416;101354;49.6;20;10131599989;S
20240416;101354;49.6;200;10131599990;S
20240416;101354;49.6;50;10131599991;S
20240416;101354;49.6;3000;10131599992;S
20240416;101354;49.6;2000;10131599993;S
20240416;101354;49.6;100;10131599994;S
20240416;101354;49.6;10;10131599995;S
20240416;101354;49.6;500;10131599996;S
20240416;101354;49.6;10;10131599997;S
20240416;101354;49.6;20;10131599998;S
20240416;101354;49.6;10;10131599999;S
20240416;101354;49.6;10;10131600000;S
20240416;101354;49.6;20;10131600001;S
20240416;101354;49.6;500;10131600002;S
20240416;101354;49.6;10;10131600003;S
20240416;101354;49.6;50;10131600004;S
20240416;101354;49.6;20;10131600005;S
20240416;101354;49.6;200;10131600006;S
20240416;101354;49.6;2000;10131600007;S
20240416;101354;49.6;70;10131600008;S
20240416;101354;49.6;160;10131600009;S
20240416;101354;49.6;10;10131600010;S
20240416;101354;49.6;100;10131600011;S
20240416;101354;49.6;20;10131600012;S
20240416;101354;49.59;230;10131600013;S
20240416;101354;49.59;40;10131600015;S
20240416;101354;49.59;20;10131600038;B
20240416;101354;49.58;40;10131600042;S
20240416;101354;49.58;40;10131600043;S
20240416;101354;49.58;10;10131600044;S
20240416;101354;49.57;40;10131600045;S
20240416;101354;49.56;1000;10131600046;S
20240416;101354;49.56;100;10131600047;S
20240416;101354;49.56;770;10131600048;S
20240416;101354;49.59;440;10131600168;B
20240416;101354;49.6;1000;10131600169;B
20240416;101354;49.6;460;10131600170;B
20240416;101354;49.61;1000;10131600171;B
20240416;101354;49.61;1410;10131600172;B
20240416;101354;49.61;2610;10131600173;B
20240416;101354;49.62;1000;10131600174;B
20240416;101354;49.62;1000;10131600175;B
20240416;101354;49.63;780;10131600176;B
20240416;101354;49.63;1000;10131600177;B
20240416;101354;49.63;700;10131600178;B
20240416;101354;49.64;1000;10131600179;B
20240416;101354;49.64;10000;10131600180;B
20240416;101354;49.64;7250;10131600181;B
20240416;101354;49.65;1000;10131600182;B
20240416;101354;49.65;50;10131600183;B
20240416;101354;49.65;90;10131600184;B
20240416;101354;49.65;2090;10131600185;B
20240416;101355;49.65;40;10131600208;B
20240416;101355;49.6;30;10131600209;S
20240416;101355;49.6;300;10131600210;S
20240416;101355;49.65;10;10131600312;B
20240416;101357;49.63;1000;10131600716;S
20240416;101357;49.62;2610;10131600717;S
20240416;101357;49.62;1110;10131600718;S
20240416;101357;49.62;650;10131600719;S
20240416;101357;49.62;20;10131600720;S
20240416;101357;49.61;4610;10131600721;S
20240416;101358;49.61;50;10131600907;S
20240416;101359;49.61;340;10131600998;S
20240416;101359;49.61;1000;10131600999;S
20240416;101359;49.61;2610;10131601000;S
20240416;101359;49.61;2270;10131601001;S
20240416;101359;49.6;1000;10131601002;S
20240416;101359;49.6;10;10131601003;S
20240416;101359;49.6;700;10131601004;S
20240416;101359;49.6;20;10131601005;S
20240416;101359;49.59;1000;10131601006;S
20240416;101359;49.59;550;10131601007;S
20240416;101359;49.59;1410;10131601008;S
20240416;101359;49.58;1000;10131601009;S
20240416;101359;49.58;8090;10131601010;S
20240416;101359;49.57;1000;10131601072;S
20240416;101359;49.57;100;10131601073;S
20240416;101359;49.57;7250;10131601074;S
20240416;101359;49.57;590;10131601075;S
20240416;101359;49.57;500;10131601076;S
20240416;101359;49.57;10;10131601077;S
20240416;101359;49.56;1000;10131601078;S
20240416;101359;49.56;10;10131601079;S
20240416;101359;49.56;20;10131601080;S
20240416;101359;49.56;2260;10131601081;S
20240416;101359;49.56;640;10131601082;S
20240416;101401;49.56;10;10131601350;B
20240416;101401;49.56;10;10131601502;B
20240416;101402;49.56;10;10131601748;B
20240416;101402;49.56;10;10131601797;B
20240416;101405;49.55;10;10131602252;S
20240416;101405;49.55;100;10131602253;S
20240416;101405;49.55;180;10131602254;S
20240416;101405;49.55;360;10131602255;S
20240416;101405;49.55;280;10131602282;S
20240416;101405;49.55;1920;10131602283;S
20240416;101406;49.56;10;10131602323;B
20240416;101406;49.56;160;10131602358;B
20240416;101407;49.56;1000;10131602513;B
20240416;101408;49.56;100;10131602621;B
20240416;101408;49.55;100;10131602705;S
20240416;101408;49.55;10;10131602706;S
20240416;101408;49.55;640;10131602707;S
20240416;101408;49.55;2230;10131602708;S
20240416;101408;49.54;10;10131602709;S
20240416;101408;49.54;40;10131602710;S
20240416;101408;49.54;30;10131602711;S
20240416;101408;49.54;10;10131602712;S
20240416;101408;49.54;960;10131602713;S
20240416;101408;49.54;7260;10131602714;S
20240416;101408;49.53;150;10131602715;S
20240416;101408;49.53;20;10131602716;S
20240416;101408;49.53;10;10131602717;S
20240416;101408;49.53;100;10131602718;S
20240416;101408;49.53;30;10131602719;S
20240416;101408;49.53;1000;10131602720;S
20240416;101408;49.53;20;10131602721;S
20240416;101408;49.53;10;10131602722;S
20240416;101408;49.53;10;10131602723;S
20240416;101408;49.52;500;10131602724;S
20240416;101408;49.52;500;10131602725;S
20240416;101408;49.52;10;10131602726;S
20240416;101408;49.52;90;10131602727;S
20240416;101409;49.53;7260;10131602759;S
20240416;101409;49.52;4910;10131602760;S
20240416;101409;49.52;40;10131602761;S
20240416;101409;49.52;1000;10131602762;S
20240416;101409;49.52;500;10131602763;S
20240416;101409;49.52;500;10131602764;S
20240416;101409;49.52;10;10131602765;S
20240416;101409;49.52;2230;10131602766;S
20240416;101409;49.52;640;10131602767;S
20240416;101409;49.51;1000;10131602768;S
20240416;101409;49.51;100;10131602769;S
20240416;101409;49.51;10;10131602770;S
20240416;101409;49.51;20;10131602771;S
20240416;101409;49.51;10;10131602772;S
20240416;101409;49.51;10;10131602773;S
20240416;101409;49.51;10;10131602774;S
20240416;101409;49.51;50;10131602775;S
20240416;101409;49.51;500;10131602776;S
20240416;101409;49.51;400;10131602777;S
20240416;101409;49.51;60;10131602778;S
20240416;101409;49.51;10;10131602779;S
20240416;101409;49.51;2000;10131602780;S
20240416;101409;49.51;300;10131602781;S
20240416;101409;49.51;2000;10131602782;S
20240416;101409;49.51;100;10131602783;S
20240416;101409;49.51;1000;10131602784;S
20240416;101409;49.51;10;10131602785;S
20240416;101409;49.51;100;10131602786;S
20240416;101409;49.5;510;10131602787;S
20240416;101409;49.5;10;10131602788;S
20240416;101409;49.5;30;10131602789;S
20240416;101409;49.5;20;10131602790;S
20240416;101409;49.5;100;10131602791;S
20240416;101409;49.5;10;10131602792;S
20240416;101409;49.5;10;10131602793;S
20240416;101409;49.5;250;10131602794;S
20240416;101409;49.5;50;10131602795;S
20240416;101409;49.5;20;10131602796;S
20240416;101409;49.5;250;10131602797;S
20240416;101409;49.5;100;10131602798;S
20240416;101409;49.5;10;10131602799;S
20240416;101409;49.5;20;10131602800;S
20240416;101409;49.5;10;10131602801;S
20240416;101409;49.5;30;10131602802;S
20240416;101409;49.5;2000;10131602803;S
20240416;101409;49.5;100;10131602804;S
20240416;101409;49.5;3000;10131602805;S
20240416;101409;49.5;20;10131602806;S
20240416;101409;49.5;170;10131602807;S
20240416;101409;49.51;430;10131602808;S
20240416;101409;49.5;10;10131602817;S
20240416;101409;49.54;120;10131602840;B
20240416;101409;49.5;820;10131602849;S
20240416;101409;49.5;680;10131602850;S
20240416;101409;49.5;50;10131602869;S
20240416;101409;49.54;300;10131602870;B
20240416;101409;49.5;1000;10131602907;S
20240416;101409;49.5;270;10131602924;S
20240416;101409;49.5;50;10131602925;S
20240416;101409;49.5;1000;10131602926;S
20240416;101409;49.5;300;10131602927;S
20240416;101409;49.5;2380;10131602928;S
20240416;101410;49.54;40;10131603003;B
20240416;101410;49.54;160;10131603004;B
20240416;101410;49.55;10;10131603030;B
20240416;101410;49.55;1400;10131603052;B
20240416;101410;49.55;60;10131603053;B
20240416;101410;49.53;100;10131603095;S
20240416;101410;49.52;100;10131603096;S
20240416;101410;49.51;10;10131603097;S
20240416;101410;49.5;5620;10131603098;S
20240416;101410;49.5;20;10131603099;S
20240416;101410;49.5;10;10131603100;S
20240416;101410;49.5;380;10131603101;S
20240416;101410;49.5;1000;10131603102;S
20240416;101410;49.5;500;10131603103;S
20240416;101410;49.5;10;10131603104;S
20240416;101410;49.5;10;10131603105;S
20240416;101410;49.5;30;10131603106;S
20240416;101410;49.5;10;10131603107;S
20240416;101410;49.5;2200;10131603108;S
20240416;101413;49.52;20;10131603661;B
20240416;101413;49.52;20;10131603662;B
20240416;101413;49.52;20;10131603663;B
20240416;101413;49.52;20;10131603664;B
20240416;101413;49.53;20;10131603665;B
20240416;101413;49.54;20;10131603666;B
20240416;101413;49.52;520;10131603691;S
20240416;101414;49.55;100;10131603758;B
20240416;101414;49.51;10;10131603823;S
20240416;101414;49.51;30;10131603824;S
20240416;101414;49.51;20;10131603825;S
20240416;101417;49.55;840;10131604331;B
20240416;101417;49.55;1160;10131604332;B
20240416;101417;49.55;20;10131604376;B
20240416;101418;49.55;10;10131604532;B
20240416;101420;49.55;990;10131604788;B
20240416;101420;49.56;100;10131604853;B
20240416;101423;49.55;500;10131605336;S
20240416;101424;49.56;250;10131605625;B
20240416;101426;49.56;10;10131605952;B
20240416;101426;49.56;10;10131605953;B
20240416;101428;49.55;2000;10131606180;S
20240416;101428;49.56;10;10131606190;B
20240416;101429;49.56;20;10131606266;B
20240416;101430;49.56;10;10131606559;B
20240416;101430;49.56;620;10131606560;B
20240416;101430;49.56;5000;10131606561;B
20240416;101430;49.57;810;10131606562;B
20240416;101430;49.57;560;10131606563;B
20240416;101430;49.58;100;10131606569;S
20240416;101430;49.59;10;10131606593;B
20240416;101431;49.59;990;10131606726;B
20240416;101431;49.6;1000;10131606727;B
20240416;101431;49.6;10;10131606728;B
20240416;101431;49.6;80;10131606729;B
20240416;101432;49.62;240;10131606771;B
20240416;101432;49.61;150;10131606781;S
20240416;101432;49.62;20;10131606817;B
20240416;101434;49.61;1010;10131607063;S
20240416;101436;49.62;80;10131607405;B
20240416;101437;49.61;170;10131607756;S
20240416;101437;49.62;10;10131607757;B
20240416;101438;49.62;2200;10131607832;B
20240416;101439;49.62;20;10131608024;B
20240416;101439;49.61;410;10131608163;S
20240416;101440;49.62;4950;10131608186;B
20240416;101440;49.62;50;10131608281;S
20240416;101444;49.62;50;10131608840;S
20240416;101444;49.63;1000;10131608862;B
20240416;101444;49.64;500;10131608863;B
20240416;101445;49.64;10;10131609016;B
20240416;101446;49.64;50;10131609221;B
20240416;101447;49.63;810;10131609301;S
20240416;101447;49.63;2760;10131609302;S
20240416;101447;49.62;4950;10131609303;S
20240416;101447;49.62;20;10131609328;B
20240416;101448;49.62;10;10131609417;B
20240416;101449;49.61;100;10131609589;S
20240416;101449;49.61;920;10131609590;S
20240416;101451;49.61;100;10131610040;S
20240416;101452;49.61;500;10131610126;S
20240416;101452;49.61;810;10131610202;S
20240416;101452;49.61;20;10131610203;S
20240416;101452;49.6;10;10131610204;S
20240416;101452;49.6;1000;10131610205;S
20240416;101452;49.6;1280;10131610206;S
20240416;101452;49.62;20;10131610228;B
20240416;101454;49.62;240;10131610657;B
20240416;101455;49.62;10;10131610834;B
20240416;101457;49.62;10;10131611147;B
20240416;101457;49.62;10;10131611162;B
20240416;101458;49.62;1000;10131611214;B
20240416;101459;49.6;10;10131611575;S
20240416;101500;49.62;5920;10131611814;B
20240416;101501;49.62;500;10131612015;B
20240416;101501;49.61;1300;10131612096;S
20240416;101502;49.61;820;10131612267;S
20240416;101502;49.6;770;10131612268;S
20240416;101505;49.6;140;10131612646;S
20240416;101505;49.6;500;10131612647;S
20240416;101505;49.6;100;10131612648;S
20240416;101505;49.6;850;10131612649;S
20240416;101505;49.6;250;10131612727;S
20240416;101505;49.6;1410;10131612830;S
20240416;101505;49.59;10;10131612831;S
20240416;101505;49.59;160;10131612832;S
20240416;101507;49.6;30;10131613164;S
20240416;101511;49.6;50;10131614258;S
20240416;101513;49.61;50;10131614656;B
20240416;101513;49.61;40;10131614852;B
20240416;101515;49.6;10;10131615442;S
20240416;101516;49.61;920;10131615611;B
20240416;101516;49.61;160;10131615612;B
20240416;101516;49.61;470;10131615715;B
20240416;101519;49.6;410;10131616335;S
20240416;101519;49.6;10;10131616336;S
20240416;101519;49.6;10;10131616337;S
20240416;101519;49.6;30;10131616338;S
20240416;101519;49.6;10;10131616422;S
20240416;101522;49.61;230;10131616989;B
20240416;101523;49.61;270;10131617455;B
20240416;101523;49.62;1930;10131617456;B
20240416;101524;49.62;30;10131617731;B
20240416;101525;49.61;40;10131617910;S
20240416;101525;49.62;10;10131617997;B
20240416;101528;49.62;20;10131618771;B
20240416;101529;49.62;300;10131619087;B
20240416;101529;49.61;10;10131619089;S
20240416;101529;49.62;1450;10131619215;B
20240416;101529;49.62;1500;10131619216;B
20240416;101530;49.63;40;10131619407;B
20240416;101530;49.63;1000;10131619408;B
20240416;101530;49.64;440;10131619409;B
20240416;101530;49.64;11000;10131619410;B
20240416;101530;49.64;710;10131619411;B
20240416;101530;49.63;200;10131619513;S
20240416;101532;49.65;20;10131619873;B
20240416;101532;49.65;10;10131619925;B
20240416;101532;49.65;830;10131619997;B
20240416;101532;49.65;10;10131619998;B
20240416;101532;49.65;40;10131619999;B
20240416;101532;49.65;230;10131620000;B
20240416;101532;49.66;20;10131620091;B
20240416;101532;49.66;200;10131620096;B
20240416;101533;49.66;10;10131620292;B
20240416;101534;49.65;550;10131620438;S
20240416;101534;49.66;10;10131620526;B
20240416;101534;49.65;10;10131620566;S
20240416;101534;49.66;7010;10131620580;B
20240416;101534;49.66;1000;10131620581;B
20240416;101535;49.67;80;10131620859;S
20240416;101536;49.68;500;10131620945;B
20240416;101539;49.68;10;10131621822;B
20240416;101540;49.67;10;10131622098;S
20240416;101541;49.68;20;10131622230;B
20240416;101543;49.68;970;10131622558;B
20240416;101543;49.68;1000;10131622559;B
20240416;101543;49.68;810;10131622560;B
20240416;101543;49.68;1620;10131622561;B
20240416;101546;49.68;10;10131623369;S
20240416;101546;49.68;10;10131623506;S
20240416;101547;49.69;1000;10131623546;B
20240416;101547;49.69;500;10131623547;B
20240416;101547;49.69;200;10131623549;B
20240416;101547;49.68;40;10131623705;S
20240416;101548;49.69;300;10131623902;B
20240416;101549;49.69;310;10131624202;B
20240416;101550;49.68;40;10131624301;S
20240416;101550;49.68;460;10131624302;S
20240416;101554;49.69;20;10131625377;B
20240416;101559;49.69;10;10131626571;B
20240416;101601;49.69;1000;10131627168;B
20240416;101602;49.68;10;10131627315;S
20240416;101604;49.69;10;10131627703;B
20240416;101604;49.69;10;10131627715;B
20240416;101604;49.69;10;10131627717;B
20240416;101604;49.69;10;10131627718;B
20240416;101604;49.68;860;10131627832;S
20240416;101604;49.68;810;10131627833;S
20240416;101604;49.68;2750;10131627834;S
20240416;101604;49.67;50;10131627835;S
20240416;101604;49.66;1410;10131627836;S
20240416;101604;49.65;2120;10131627837;S
20240416;101604;49.69;10;10131627885;B
20240416;101604;49.69;10;10131627905;B
20240416;101604;49.69;10;10131627906;B
20240416;101604;49.69;2500;10131627962;B
20240416;101607;49.68;30;10131628731;S
20240416;101607;49.68;1410;10131628732;S
20240416;101607;49.68;810;10131628733;S
20240416;101607;49.68;2750;10131628734;S
20240416;101607;49.66;2610;10131628735;S
20240416;101607;49.65;8000;10131628736;S
20240416;101607;49.65;460;10131628737;S
20240416;101607;49.65;1000;10131628738;S
20240416;101607;49.64;1000;10131628739;S
20240416;101607;49.64;50;10131628740;S
20240416;101607;49.64;1000;10131628741;S
20240416;101607;49.63;1000;10131628742;S
20240416;101607;49.63;4880;10131628743;S
20240416;101608;49.68;460;10131628925;B
20240416;101608;49.68;540;10131628926;B
20240416;101613;49.65;510;10131630229;S
20240416;101614;49.68;300;10131630470;B
20240416;101616;49.65;10;10131630986;S
20240416;101618;49.63;460;10131631475;S
20240416;101618;49.63;540;10131631476;S
20240416;101620;49.63;200;10131631748;S
20240416;101621;49.67;30;10131632213;B
20240416;101628;49.65;110;10131634073;S
20240416;101628;49.65;790;10131634074;S
20240416;101628;49.64;2680;10131634075;S
20240416;101628;49.63;2000;10131634076;S
20240416;101628;49.62;1000;10131634077;S
20240416;101628;49.62;20;10131634078;S
20240416;101628;49.62;500;10131634079;S
20240416;101628;49.61;1000;10131634080;S
20240416;101628;49.61;50;10131634081;S
20240416;101628;49.61;460;10131634082;S
20240416;101628;49.61;1000;10131634083;S
20240416;101628;49.6;10;10131634084;S
20240416;101628;49.6;600;10131634085;S
20240416;101628;49.6;1000;10131634086;S
20240416;101628;49.6;500;10131634087;S
20240416;101628;49.6;50;10131634088;S
20240416;101628;49.6;20;10131634089;S
20240416;101628;49.6;10;10131634090;S
20240416;101628;49.6;200;10131634091;S
20240416;101628;49.6;40;10131634092;S
20240416;101628;49.6;770;10131634093;S
20240416;101628;49.6;100;10131634094;S
20240416;101628;49.6;7250;10131634095;S
20240416;101628;49.59;10;10131634096;S
20240416;101628;49.59;19670;10131634097;S
20240416;101633;49.6;5000;10131635348;B
20240416;101635;49.6;10;10131635728;B
20240416;101640;49.6;100;10131637046;B
20240416;101643;49.6;10;10131637700;B
20240416;101643;49.6;50;10131637713;B
20240416;101644;49.6;10;10131637952;B
20240416;101645;49.59;30;10131638065;S
20240416;101645;49.59;200;10131638066;S
20240416;101645;49.59;550;10131638067;S
20240416;101645;49.59;1930;10131638101;S
20240416;101646;49.6;10;10131638289;B
20240416;101646;49.6;10;10131638382;B
20240416;101647;49.6;100;10131638682;B
20240416;101648;49.6;1290;10131638737;B
20240416;101648;49.6;2200;10131638738;B
20240416;101648;49.6;10;10131638742;S
20240416;101648;49.61;110;10131638807;B
20240416;101649;49.6;10;10131638986;S
20240416;101651;49.61;20;10131639457;B
20240416;101654;49.61;10;10131640258;B
20240416;101655;49.61;10;10131640454;B
20240416;101656;49.61;10;10131640690;B
20240416;101657;49.61;10;10131640891;B
20240416;101657;49.61;10;10131640997;B
20240416;101657;49.61;400;10131641055;B
20240416;101657;49.6;310;10131641094;S
20240416;101657;49.61;20;10131641145;B
20240416;101658;49.61;10;10131641433;B
20240416;101659;49.6;180;10131641507;S
20240416;101659;49.6;10;10131641508;S
20240416;101659;49.6;490;10131641509;S
20240416;101659;49.6;320;10131641510;S
20240416;101700;49.6;180;10131641808;S
20240416;101700;49.6;80;10131641809;S
20240416;101701;49.61;390;10131641982;B
20240416;101701;49.61;60;10131641983;B
20240416;101701;49.61;100;10131642095;B
20240416;101703;49.61;30;10131642759;B
20240416;101706;49.61;10;10131643382;B
20240416;101706;49.61;10;10131643467;B
20240416;101707;49.6;1070;10131643577;S
20240416;101707;49.59;1930;10131643578;S
20240416;101707;49.59;20;10131643579;S
20240416;101707;49.6;10;10131643733;B
20240416;101709;49.6;230;10131644136;B
20240416;101710;49.6;1170;10131644435;B
20240416;101710;49.61;2050;10131644436;B
20240416;101710;49.61;1000;10131644437;B
20240416;101710;49.61;1000;10131644438;B
20240416;101710;49.61;840;10131644439;B
20240416;101710;49.62;1000;10131644440;B
20240416;101710;49.62;2610;10131644441;B
20240416;101710;49.63;1000;10131644442;B
20240416;101710;49.63;7250;10131644443;B
20240416;101710;49.64;1000;10131644444;B
20240416;101710;49.64;40;10131644445;B
20240416;101710;49.64;700;10131644446;B
20240416;101710;49.65;460;10131644447;B
20240416;101710;49.65;1000;10131644448;B
20240416;101710;49.65;1000;10131644449;B
20240416;101710;49.66;1000;10131644450;B
20240416;101710;49.66;3880;10131644451;B
20240416;101716;49.64;30;10131645628;B
20240416;101718;49.64;10;10131646009;B
20240416;101720;49.64;20;10131646525;B
20240416;101721;49.64;400;10131646629;B
20240416;101722;49.63;680;10131646759;S
20240416;101725;49.63;30;10131647440;S
20240416;101729;49.64;10;10131647982;B
20240416;101731;49.64;10;10131648282;B
20240416;101731;49.64;100;10131648306;B
20240416;101733;49.63;820;10131648696;S
20240416;101733;49.63;2770;10131648697;S
20240416;101733;49.62;1000;10131648698;S
20240416;101733;49.62;2610;10131648699;S
20240416;101733;49.62;1410;10131648700;S
20240416;101733;49.62;1880;10131648701;S
20240416;101734;49.64;20;10131648885;B
20240416;101734;49.64;180;10131648886;B
20240416;101734;49.67;800;10131649161;B
20240416;101734;49.67;460;10131649162;B
20240416;101734;49.67;1000;10131649163;B
20240416;101734;49.68;160;10131649164;B
20240416;101734;49.68;3000;10131649165;B
20240416;101734;49.68;810;10131649166;B
20240416;101737;49.69;100;10131649729;B
20240416;101739;49.69;30;10131649971;B
20240416;101744;49.69;30;10131650855;B
20240416;101744;49.68;5000;10131650883;S
20240416;101745;49.69;30;10131651130;B
20240416;101746;49.68;370;10131651150;S
20240416;101746;49.68;10;10131651151;S
20240416;101751;49.67;10;10131652083;B
20240416;101752;49.66;30;10131652432;S
20240416;101753;49.67;50;10131652503;B
20240416;101754;49.67;1500;10131652794;B
20240416;101756;49.67;30;10131653035;B
20240416;101756;49.67;1000;10131653097;B
20240416;101757;49.67;20;10131653301;B
20240416;101757;49.66;20;10131653331;S
20240416;101758;49.66;500;10131653340;S
20240416;101758;49.67;190;10131653483;B
20240416;101800;49.67;230;10131653951;B
20240416;101801;49.67;890;10131654132;B
20240416;101802;49.67;60;10131654319;B
20240416;101804;49.67;10;10131654573;B
20240416;101805;49.67;10;10131654760;B
20240416;101806;49.67;1000;10131654891;B
20240416;101806;49.67;1000;10131654892;B
20240416;101806;49.68;8000;10131654893;B
20240416;101808;49.68;100;10131655168;B
20240416;101809;49.68;4470;10131655415;B
20240416;101809;49.68;4030;10131655416;B
20240416;101809;49.68;1000;10131655417;B
20240416;101809;49.69;310;10131655418;B
20240416;101809;49.69;190;10131655419;B
20240416;101812;49.68;10;10131655789;S
20240416;101813;49.68;520;10131655943;S
20240416;101813;49.69;10;10131656049;B
20240416;101817;49.69;1800;10131656849;B
20240416;101817;49.69;5000;10131656850;B
20240416;101817;49.69;1000;10131656851;B
20240416;101817;49.69;2200;10131656852;B
20240416;101819;49.7;40;10131657124;B
20240416;101819;49.7;160;10131657125;B
20240416;101819;49.7;5840;10131657155;B
20240416;101819;49.7;10;10131657156;B
20240416;101819;49.7;360;10131657157;B
20240416;101819;49.7;3790;10131657158;B
20240416;101819;49.7;5000;10131657270;B
20240416;101821;49.69;200;10131657622;S
20240416;101823;49.69;1000;10131657865;S
20240416;101824;49.7;1210;10131658060;B
20240416;101824;49.7;790;10131658061;B
20240416;101825;49.71;200;10131658241;B
20240416;101825;49.7;820;10131658327;S
20240416;101825;49.7;180;10131658328;S
20240416;101828;49.7;10;10131659063;B
20240416;101829;49.7;10;10131659283;B
20240416;101829;49.69;10;10131659354;S
20240416;101831;49.7;10;10131659636;B
20240416;101831;49.69;20;10131659716;S
20240416;101833;49.7;10;10131660261;B
20240416;101836;49.7;20;10131660818;B
20240416;101836;49.7;350;10131660872;B
20240416;101836;49.7;30;10131661057;B
20240416;101838;49.7;150;10131661277;B
20240416;101838;49.7;10;10131661367;B
20240416;101842;49.69;70;10131662127;S
20240416;101842;49.69;160;10131662128;S
20240416;101843;49.7;410;10131662197;B
20240416;101843;49.7;1000;10131662198;B
20240416;101843;49.71;810;10131662199;B
20240416;101843;49.7;30;10131662202;S
20240416;101844;49.71;70;10131662611;B
20240416;101844;49.71;130;10131662612;B
20240416;101844;49.71;10;10131662625;B
20240416;101845;49.7;10;10131662730;S
20240416;101846;49.71;1000;10131663035;B
20240416;101847;49.7;1000;10131663132;S
20240416;101848;49.71;10;10131663222;B
20240416;101848;49.71;40;10131663223;B
20240416;101848;49.7;100;10131663236;S
20240416;101848;49.71;20;10131663262;B
20240416;101850;49.71;40;10131663673;B
20240416;101852;49.71;10;10131663961;B
20240416;101854;49.71;20;10131664365;B
20240416;101855;49.71;40;10131664417;B
20240416;101855;49.7;100;10131664448;S
20240416;101855;49.7;10;10131664449;S
20240416;101857;49.7;100;10131664798;S
20240416;101859;49.71;500;10131665074;B
20240416;101859;49.71;100;10131665220;B
20240416;101901;49.71;220;10131665719;B
20240416;101901;49.71;390;10131665720;B
20240416;101902;49.7;30;10131665828;S
20240416;101906;49.7;330;10131666612;S
20240416;101908;49.71;60;10131667099;B
20240416;101908;49.71;10;10131667122;B
20240416;101910;49.71;10;10131667454;B
20240416;101910;49.71;10;10131667554;B
20240416;101912;49.7;50;10131667829;S
20240416;101914;49.71;200;10131668198;B
20240416;101916;49.71;320;10131668541;B
20240416;101916;49.72;500;10131668542;B
20240416;101916;49.72;180;10131668543;B
20240416;101916;49.72;170;10131668549;B
20240416;101916;49.72;1000;10131668550;B
20240416;101916;49.73;5000;10131668551;B
20240416;101916;49.73;20;10131668552;B
20240416;101916;49.73;3810;10131668553;B
20240416;101916;49.74;30;10131668558;B
20240416;101916;49.74;170;10131668559;B
20240416;101918;49.72;10;10131668866;S
20240416;101918;49.74;10;10131668889;B
20240416;101921;49.74;50;10131669296;B
20240416;101921;49.74;10;10131669387;B
20240416;101923;49.74;10;10131669627;S
20240416;101923;49.74;240;10131669628;S
20240416;101923;49.75;300;10131669652;B
20240416;101926;49.75;90;10131669980;B
20240416;101927;49.75;350;10131670103;B
20240416;101930;49.75;3750;10131670540;B
20240416;101930;49.75;200;10131670541;B
20240416;101930;49.75;1000;10131670542;B
20240416;101930;49.75;50;10131670543;B
20240416;101931;49.75;10;10131670776;B
20240416;101931;49.75;10;10131670777;B
20240416;101931;49.75;180;10131670778;B
20240416;101932;49.76;5000;10131670886;B
20240416;101933;49.73;190;10131670982;S
20240416;101934;49.77;20;10131671058;B
20240416;101935;49.74;10;10131671203;S
20240416;101935;49.77;60;10131671234;B
20240416;101935;49.77;1000;10131671235;B
20240416;101935;49.77;940;10131671236;S
20240416;101935;49.75;1060;10131671238;S
20240416;101939;49.77;70;10131671974;B
20240416;101940;49.77;500;10131672177;B
20240416;101941;49.77;30;10131672241;B
20240416;101941;49.77;870;10131672242;B
20240416;101944;49.76;580;10131673152;S
20240416;101945;49.77;100;10131673240;B
20240416;101945;49.77;90;10131673241;B
20240416;101949;49.78;100;10131674021;B
20240416;101949;49.78;950;10131674078;B
20240416;101952;49.77;180;10131674629;B
20240416;101953;49.77;20;10131674743;B
20240416;101953;49.77;10;10131674744;B
20240416;101954;49.77;20;10131675074;B
20240416;101957;49.76;100;10131675579;S
20240416;101957;49.75;200;10131675580;S
20240416;101959;49.75;10;10131675844;S
20240416;102002;49.76;10;10131676350;B
20240416;102002;49.75;1000;10131676410;S
20240416;102003;49.75;50;10131676479;S
20240416;102007;49.76;10;10131677351;B
20240416;102008;49.76;10;10131677459;B
20240416;102009;49.75;1220;10131677625;S
20240416;102010;49.75;50;10131678032;S
20240416;102010;49.75;100;10131678259;S
20240416;102011;49.76;20;10131678421;B
20240416;102011;49.76;100;10131678439;B
20240416;102012;49.76;100;10131678659;B
20240416;102013;49.75;520;10131679178;S
20240416;102013;49.76;110;10131679211;B
20240416;102014;49.76;200;10131679476;B
20240416;102014;49.76;10;10131679662;B
20240416;102015;49.76;440;10131680060;B
20240416;102015;49.76;1410;10131680061;B
20240416;102015;49.76;1000;10131680062;B
20240416;102015;49.76;10;10131680063;B
20240416;102015;49.76;10;10131680064;B
20240416;102015;49.76;760;10131680065;B
20240416;102016;49.76;500;10131680853;S
20240416;102017;49.76;10;10131680961;S
20240416;102017;49.76;10;10131681853;S
20240416;102018;49.76;10;10131681873;S
20240416;102018;49.76;10;10131681891;S
20240416;102018;49.77;600;10131681941;B
20240416;102018;49.77;20;10131682064;B
20240416;102020;49.77;10;10131682837;B
20240416;102021;49.77;100;10131682906;B
20240416;102021;49.77;570;10131683099;B
20240416;102026;49.77;250;10131685761;B
20240416;102026;49.77;20;10131685763;B
20240416;102027;49.77;10;10131685936;B
20240416;102029;49.76;830;10131686280;S
20240416;102029;49.76;310;10131686281;S
20240416;102029;49.75;860;10131686282;S
20240416;102029;49.76;100;10131686450;B
20240416;102036;49.76;10;10131690087;B
20240416;102038;49.75;50;10131691302;S
20240416;102038;49.76;250;10131691353;B
20240416;102043;49.76;450;10131692474;B
20240416;102044;49.75;10;10131693650;S
20240416;102046;49.75;170;10131693995;S
20240416;102051;49.76;10;10131694730;B
20240416;102051;49.76;990;10131694764;B
20240416;102051;49.76;10;10131694765;B
20240416;102056;49.75;10;10131697112;S
20240416;102057;49.75;10;10131697344;S
20240416;102057;49.76;200;10131697389;B
20240416;102100;49.76;20;10131697728;B
20240416;102100;49.76;10;10131697744;B
20240416;102103;49.76;30;10131700758;B
20240416;102104;49.76;10;10131701022;B
20240416;102105;49.75;2200;10131701083;S
20240416;102105;49.75;10;10131701084;S
20240416;102105;49.75;10;10131701085;S
20240416;102105;49.75;10;10131701086;S
20240416;102105;49.75;10;10131701087;S
20240416;102105;49.75;20;10131701088;S
20240416;102105;49.75;300;10131701089;S
20240416;102105;49.75;10;10131701090;S
20240416;102105;49.75;760;10131701091;S
20240416;102105;49.74;20;10131701092;S
20240416;102105;49.74;650;10131701093;S
20240416;102105;49.76;40;10131701109;B
20240416;102107;49.76;20;10131701619;B
20240416;102108;49.76;10;10131701837;B
20240416;102110;49.76;250;10131702510;B
20240416;102110;49.76;10;10131702511;B
20240416;102110;49.76;510;10131702512;B
20240416;102110;49.75;10;10131702561;S
20240416;102110;49.75;10;10131702562;S
20240416;102111;49.76;90;10131702626;B
20240416;102111;49.76;100;10131702627;B
20240416;102111;49.76;110;10131702628;B
20240416;102111;49.76;30;10131703308;B
20240416;102115;49.75;30;10131704098;S
20240416;102115;49.76;30;10131704164;B
20240416;102115;49.76;70;10131704165;B
20240416;102117;49.75;20;10131704885;S
20240416;102119;49.75;50;10131705244;S
20240416;102119;49.75;10;10131705245;S
20240416;102119;49.75;10;10131705271;B
20240416;102119;49.75;10;10131705272;B
20240416;102123;49.75;10;10131705756;B
20240416;102123;49.75;490;10131705757;B
20240416;102126;49.76;10;10131706385;B
