<DATE>;<TIME>;<LAST>;<VOL>;<ID>;<OPER>
20240429;095952;51.39;10;10234280441;B
20240429;095952;51.39;10;10234280442;B
20240429;095952;51.39;10;10234280443;B
20240429;095952;51.39;200;10234280444;B
20240429;095952;51.39;60;10234280445;B
20240429;095952;51.39;200;10234280446;B
20240429;095952;51.39;1030;10234280447;B
20240429;095952;51.39;600;10234280448;B
20240429;095952;51.39;400;10234280449;B
20240429;095952;51.39;90;10234280450;B
20240429;095952;51.39;20;10234280451;B
20240429;095952;51.39;130;10234280452;B
20240429;095952;51.39;10;10234280453;S
20240429;095952;51.39;200;10234280454;S
20240429;095952;51.39;10;10234280455;S
20240429;095952;51.39;10;10234280456;B
20240429;095952;51.39;10;10234280457;B
20240429;095952;51.39;290;10234280458;B
20240429;095952;51.39;100;10234280459;B
20240429;095952;51.39;30;10234280460;S
20240429;095952;51.39;10;10234280461;S
20240429;095952;51.39;200;10234280462;B
20240429;095952;51.39;100;10234280463;B
20240429;095952;51.39;10;10234280464;S
20240429;095952;51.39;100;10234280465;B
20240429;095952;51.39;50;10234280466;B
20240429;095952;51.39;100;10234280467;B
20240429;095952;51.39;100;10234280468;B
20240429;095952;51.39;100;10234280469;B
20240429;095952;51.39;10;10234280470;S
20240429;095952;51.39;10;10234280471;S
20240429;095952;51.39;40;10234280472;S
20240429;095952;51.39;40;10234280473;S
20240429;095952;51.39;10;10234280474;S
20240429;095952;51.39;10;10234280475;S
20240429;095952;51.39;10;10234280476;S
20240429;095952;51.39;10;10234280477;S
20240429;095952;51.39;30;10234280478;S
20240429;095952;51.39;10;10234280479;S
20240429;095952;51.39;10;10234280480;S
20240429;095952;51.39;70;10234280481;S
20240429;095952;51.39;40;10234280482;S
20240429;095952;51.39;10;10234280483;S
20240429;095952;51.39;10;10234280484;S
20240429;095952;51.39;10;10234280485;S
20240429;095952;51.39;20;10234280486;S
20240429;095952;51.39;10;10234280487;S
20240429;095952;51.39;10;10234280488;S
20240429;095952;51.39;10;10234280489;S
20240429;095952;51.39;10;10234280490;S
20240429;095952;51.39;20;10234280491;S
20240429;095952;51.39;10;10234280492;S
20240429;095952;51.39;20;10234280493;S
20240429;095952;51.39;5000;10234280494;S
20240429;095952;51.39;10;10234280495;S
20240429;095952;51.39;10;10234280496;S
20240429;095952;51.39;10;10234280497;S
20240429;095952;51.39;20;10234280498;S
20240429;095952;51.39;20;10234280499;S
20240429;095952;51.39;10;10234280500;S
20240429;095952;51.39;10;10234280501;S
20240429;095952;51.39;20;10234280502;S
20240429;095952;51.39;20;10234280503;B
20240429;095952;51.39;390;10234280504;S
20240429;100000;51.39;6900;10234283049;B
20240429;100000;51.39;2000;10234283050;B
20240429;100000;51.39;700;10234283051;B
20240429;100000;51.39;500;10234283053;B
20240429;100000;51.39;100;10234283059;B
20240429;100000;51.39;400;10234283060;B
20240429;100000;51.39;1600;10234283068;B
20240429;100000;51.39;100;10234283106;B
20240429;100000;51.39;550;10234283138;B
20240429;100000;51.39;640;10234283139;B
20240429;100000;51.39;110;10234283140;B
20240429;100000;51.39;1300;10234283163;S
20240429;100000;51.38;100;10234283210;S
20240429;100000;51.4;270;10234283287;B
20240429;100000;51.42;10;10234283607;B
20240429;100000;51.42;2000;10234283631;S
20240429;100000;51.43;100;10234283657;B
20240429;100001;51.45;100;10234283835;B
20240429;100001;51.45;1400;10234283921;B
20240429;100001;51.45;910;10234283946;B
20240429;100001;51.45;430;10234284700;B
20240429;100001;51.44;650;10234284825;S
20240429;100001;51.42;1350;10234284826;S
20240429;100002;51.45;220;10234285447;B
20240429;100002;51.44;40;10234285826;S
20240429;100004;51.43;50;10234286823;B
20240429;100004;51.43;1150;10234286869;B
20240429;100004;51.43;5790;10234287233;B
20240429;100004;51.43;420;10234287234;B
20240429;100004;51.46;10;10234287235;B
20240429;100004;51.46;30;10234287236;B
20240429;100004;51.46;10;10234287237;B
20240429;100004;51.46;300;10234287238;B
20240429;100004;51.46;10;10234287239;B
20240429;100004;51.46;10;10234287240;B
20240429;100004;51.46;50;10234287241;B
20240429;100004;51.46;20;10234287242;B
20240429;100004;51.46;340;10234287243;B
20240429;100004;51.46;80;10234287244;B
20240429;100004;51.46;10;10234287245;B
20240429;100004;51.46;10;10234287246;B
20240429;100004;51.46;200;10234287247;B
20240429;100004;51.46;30;10234287248;B
20240429;100004;51.46;10;10234287249;B
20240429;100004;51.46;10;10234287250;B
20240429;100004;51.46;100;10234287251;B
20240429;100004;51.46;100;10234287252;B
20240429;100004;51.46;100;10234287253;B
20240429;100004;51.46;20;10234287254;B
20240429;100004;51.46;20;10234287255;B
20240429;100004;51.46;70;10234287256;B
20240429;100004;51.46;10;10234287257;B
20240429;100004;51.46;10;10234287258;B
20240429;100004;51.46;10;10234287259;B
20240429;100004;51.46;10;10234287260;B
20240429;100004;51.46;20;10234287261;B
20240429;100004;51.46;10;10234287262;B
20240429;100004;51.46;10;10234287263;B
20240429;100004;51.46;60;10234287264;B
20240429;100004;51.46;10;10234287265;B
20240429;100004;51.46;70;10234287266;B
20240429;100004;51.46;10;10234287267;B
20240429;100004;51.46;500;10234287268;B
20240429;100004;51.47;10;10234287269;B
20240429;100004;51.48;10;10234287270;B
20240429;100004;51.47;20;10234287287;B
20240429;100005;51.47;10;10234287522;B
20240429;100005;51.47;20;10234287654;B
20240429;100005;51.47;10;10234287670;B
20240429;100005;51.47;10;10234287916;B
20240429;100005;51.47;20;10234287918;B
20240429;100005;51.47;10;10234287920;B
20240429;100005;51.43;10;10234287921;S
20240429;100005;51.47;10;10234287925;B
20240429;100005;51.45;10;10234287933;B
20240429;100005;51.43;20;10234288253;S
20240429;100005;51.45;90;10234288922;B
20240429;100005;51.45;20;10234288938;B
20240429;100005;51.43;10;10234288946;S
20240429;100005;51.43;20;10234288949;S
20240429;100005;51.45;10;10234288959;B
20240429;100005;51.43;10;10234288974;S
20240429;100005;51.43;10;10234289140;S
20240429;100005;51.43;10;10234289169;S
20240429;100005;51.43;60;10234289184;S
20240429;100005;51.42;10;10234289191;S
20240429;100006;51.45;10;10234289420;B
20240429;100006;51.42;10;10234289424;S
20240429;100006;51.45;20;10234289440;B
20240429;100006;51.45;10;10234289443;B
20240429;100006;51.45;10;10234289444;B
20240429;100006;51.45;10;10234289450;B
20240429;100006;51.42;10;10234289451;S
20240429;100006;51.45;30;10234289453;B
20240429;100006;51.45;10;10234290145;B
20240429;100006;51.45;10;10234290146;B
20240429;100006;51.45;10;10234290147;B
20240429;100006;51.45;10;10234290148;B
20240429;100006;51.45;10;10234290149;B
20240429;100006;51.45;20;10234290150;B
20240429;100006;51.42;10;10234290151;S
20240429;100006;51.42;10;10234290152;S
20240429;100006;51.42;20;10234290361;S
20240429;100006;51.45;10;10234290368;B
20240429;100006;51.45;10;10234290370;B
20240429;100006;51.45;10;10234290371;B
20240429;100006;51.42;10;10234290379;S
20240429;100006;51.45;20;10234290383;B
20240429;100006;51.45;10;10234290387;B
20240429;100006;51.45;10;10234290389;B
20240429;100006;51.42;10;10234290394;S
20240429;100006;51.42;10;10234290395;S
20240429;100006;51.45;10;10234290397;B
20240429;100006;51.45;10;10234290905;B
20240429;100006;51.42;70;10234290964;S
20240429;100006;51.42;30;10234290965;S
20240429;100006;51.45;10;10234291094;B
20240429;100006;51.45;10;10234291106;B
20240429;100006;51.45;10;10234291108;B
20240429;100006;51.42;150;10234291113;S
20240429;100006;51.42;20;10234291114;S
20240429;100006;51.45;10;10234291115;B
20240429;100006;51.45;20;10234291126;B
20240429;100006;51.45;20;10234291128;B
20240429;100006;51.45;10;10234291134;B
20240429;100006;51.45;10;10234291561;B
20240429;100007;51.45;20;10234292012;B
20240429;100007;51.45;10;10234292021;B
20240429;100007;51.45;170;10234292029;B
20240429;100007;51.45;20;10234292036;B
20240429;100007;51.42;10;10234292044;S
20240429;100007;51.45;10;10234292054;B
20240429;100007;51.42;70;10234292058;S
20240429;100007;51.42;20;10234292378;S
20240429;100007;51.45;10;10234292381;B
20240429;100007;51.42;10;10234292382;S
20240429;100007;51.45;20;10234292389;B
20240429;100007;51.45;10;10234292393;B
20240429;100007;51.42;10;10234292401;S
20240429;100007;51.42;30;10234292409;S
20240429;100007;51.42;10;10234292410;S
20240429;100007;51.45;40;10234292412;B
20240429;100007;51.42;10;10234292415;S
20240429;100007;51.42;10;10234292417;S
20240429;100007;51.45;10;10234292796;B
20240429;100007;51.45;10;10234292805;B
20240429;100007;51.42;110;10234292811;S
20240429;100007;51.42;20;10234292814;S
20240429;100007;51.45;1950;10234292819;B
20240429;100007;51.45;10;10234293249;B
20240429;100007;51.42;1650;10234293252;S
20240429;100007;51.41;720;10234293253;S
20240429;100007;51.4;450;10234293254;S
20240429;100007;51.38;100;10234293255;S
20240429;100007;51.38;2530;10234293256;S
20240429;100007;51.37;40;10234293257;S
20240429;100007;51.37;1370;10234293258;S
20240429;100007;51.37;9000;10234293259;S
20240429;100007;51.36;4000;10234293260;S
20240429;100007;51.35;10;10234293261;S
20240429;100007;51.34;800;10234293262;S
20240429;100007;51.34;700;10234293263;S
20240429;100007;51.34;6990;10234293264;S
20240429;100007;51.3;1640;10234293265;S
20240429;100007;51.44;10;10234293269;B
20240429;100007;51.38;10;10234293273;S
20240429;100007;51.39;30;10234293277;S
20240429;100007;51.39;20;10234293278;S
20240429;100007;51.43;10;10234293279;B
20240429;100007;51.42;20;10234293286;B
20240429;100007;51.32;10;10234293292;S
20240429;100007;51.34;10;10234293303;S
20240429;100007;51.4;10;10234293673;B
20240429;100007;51.35;10;10234293676;S
20240429;100007;51.35;10;10234293678;S
20240429;100007;51.4;10;10234293684;B
20240429;100007;51.4;10;10234293687;B
20240429;100007;51.35;10;10234293690;S
20240429;100007;51.4;300;10234293696;B
20240429;100007;51.35;10;10234293701;S
20240429;100007;51.39;10;10234294213;B
20240429;100007;51.39;10;10234294214;B
20240429;100007;51.39;20;10234294215;B
20240429;100007;51.36;10;10234294216;S
20240429;100007;51.39;10;10234294217;B
20240429;100007;51.36;230;10234294219;S
20240429;100007;51.35;1330;10234294220;S
20240429;100007;51.35;450;10234294221;S
20240429;100007;51.34;1000;10234294222;S
20240429;100007;51.32;2920;10234294223;S
20240429;100007;51.32;2070;10234294224;S
20240429;100007;51.39;10;10234294225;B
20240429;100007;51.32;30;10234294226;S
20240429;100008;51.39;10;10234294453;B
20240429;100008;51.33;10;10234294570;S
20240429;100008;51.33;10;10234294571;S
20240429;100008;51.33;10;10234294572;S
20240429;100008;51.39;20;10234294972;B
20240429;100008;51.34;10;10234294973;S
20240429;100008;51.39;10;10234294974;B
20240429;100008;51.34;10;10234294975;S
20240429;100008;51.34;20;10234294977;S
20240429;100008;51.39;10;10234294980;B
20240429;100008;51.39;10;10234294982;B
20240429;100008;51.33;10;10234294983;S
20240429;100008;51.37;100;10234295345;B
20240429;100008;51.37;10;10234295350;B
20240429;100008;51.37;20;10234295351;B
20240429;100008;51.33;20;10234295354;S
20240429;100008;51.33;260;10234295357;S
20240429;100008;51.33;800;10234295417;S
20240429;100008;51.32;10;10234295471;S
20240429;100008;51.37;20;10234295474;B
20240429;100008;51.37;10;10234295484;B
20240429;100008;51.37;20;10234295496;B
20240429;100008;51.37;10;10234295505;B
20240429;100008;51.37;100;10234295692;B
20240429;100008;51.37;10;10234295843;B
20240429;100008;51.32;10;10234295846;S
20240429;100008;51.32;10;10234295849;S
20240429;100008;51.37;10;10234296116;B
20240429;100008;51.37;10;10234296120;B
20240429;100009;51.32;10;10234296122;S
20240429;100009;51.37;10;10234296126;B
20240429;100009;51.32;30;10234296304;S
20240429;100009;51.37;10;10234296308;B
20240429;100009;51.37;10;10234296317;B
20240429;100009;51.37;20;10234296324;B
20240429;100009;51.37;10;10234296327;B
20240429;100009;51.32;30;10234296329;S
20240429;100009;51.37;10;10234296333;B
20240429;100009;51.32;10;10234296336;S
20240429;100009;51.37;10;10234296340;B
20240429;100009;51.32;10;10234296695;S
20240429;100009;51.37;50;10234296859;B
20240429;100009;51.37;140;10234296860;B
20240429;100010;51.39;10;10234297298;B
20240429;100010;51.32;80;10234297469;S
20240429;100010;51.32;10;10234297489;S
20240429;100010;51.39;30;10234297567;B
20240429;100010;51.39;250;10234297568;B
20240429;100011;51.39;330;10234297942;B
20240429;100011;51.4;4670;10234297943;B
20240429;100012;51.4;260;10234298274;B
20240429;100013;51.33;40;10234298447;S
20240429;100013;51.32;460;10234298448;S
20240429;100014;51.39;100;10234299187;B
20240429;100015;51.39;2800;10234299392;B
20240429;100015;51.4;30;10234299393;B
20240429;100015;51.41;7170;10234299394;B
20240429;100018;51.43;10;10234300828;B
20240429;100020;51.43;30;10234301405;B
20240429;100020;51.44;180;10234301406;B
20240429;100021;51.44;10;10234301869;B
20240429;100021;51.44;80;10234301888;B
20240429;100022;51.44;10;10234302254;B
20240429;100023;51.37;10;10234302547;S
20240429;100025;51.4;50;10234302929;B
20240429;100025;51.4;10;10234302947;B
20240429;100026;51.42;1000;10234303292;B
20240429;100027;51.42;10;10234303546;B
20240429;100028;51.38;30;10234303867;S
20240429;100028;51.37;440;10234303868;S
20240429;100028;51.36;1340;10234303869;S
20240429;100029;51.41;10;10234304022;B
20240429;100030;51.41;90;10234304149;B
20240429;100030;51.41;280;10234304189;B
20240429;100030;51.41;50;10234304393;B
20240429;100030;51.41;20;10234304410;B
20240429;100030;51.41;30;10234304411;B
20240429;100032;51.41;50;10234304896;B
20240429;100035;51.41;450;10234305819;B
20240429;100036;51.41;10;10234306008;B
20240429;100038;51.41;10;10234306726;B
20240429;100039;51.41;1370;10234306812;B
20240429;100042;51.41;50;10234307711;B
20240429;100045;51.41;5030;10234308706;B
20240429;100052;51.45;800;10234310409;B
20240429;100052;51.46;1620;10234310410;B
20240429;100054;51.44;10;10234310753;S
20240429;100056;51.46;160;10234311464;S
20240429;100056;51.43;1370;10234311465;S
20240429;100056;51.42;1810;10234311466;S
20240429;100056;51.41;3070;10234311467;S
20240429;100056;51.41;450;10234311468;S
20240429;100056;51.37;40;10234311469;S
20240429;100056;51.36;2530;10234311470;S
20240429;100056;51.35;10570;10234311471;S
20240429;100057;51.39;10;10234311676;B
20240429;100058;51.39;100;10234311907;B
20240429;100058;51.35;60;10234311999;S
20240429;100101;51.38;30;10234313000;B
20240429;100107;51.36;30;10234314589;B
20240429;100109;51.35;1370;10234314918;S
20240429;100109;51.35;1000;10234314919;S
20240429;100109;51.38;100;10234315000;B
20240429;100111;51.38;10;10234315296;B
20240429;100117;51.36;10;10234316655;S
20240429;100118;51.36;900;10234317038;S
20240429;100119;51.36;600;10234317139;S
20240429;100119;51.38;20;10234317157;B
20240429;100122;51.38;700;10234317880;B
20240429;100125;51.38;140;10234318678;B
20240429;100126;51.39;10;10234318931;B
20240429;100134;51.38;60;10234320571;S
20240429;100134;51.37;970;10234320572;S
20240429;100135;51.38;10;10234320810;B
20240429;100136;51.38;10;10234320924;B
20240429;100136;51.36;1000;10234321062;S
20240429;100136;51.36;510;10234321063;S
20240429;100136;51.35;2530;10234321064;S
20240429;100136;51.35;1700;10234321065;S
20240429;100136;51.34;980;10234321066;S
20240429;100137;51.36;1000;10234321225;B
20240429;100139;51.33;150;10234321845;S
20240429;100139;51.37;1000;10234321910;B
20240429;100139;51.37;340;10234321911;B
20240429;100139;51.38;980;10234321912;B
20240429;100139;51.38;980;10234321913;B
20240429;100143;51.39;100;10234322525;B
20240429;100146;51.39;10;10234322864;B
20240429;100147;51.39;890;10234323031;B
20240429;100147;51.4;910;10234323032;B
20240429;100147;51.39;100;10234323033;B
20240429;100147;51.4;30;10234323131;B
20240429;100147;51.38;100;10234323149;S
20240429;100147;51.38;200;10234323150;S
20240429;100147;51.38;100;10234323151;S
20240429;100147;51.38;490;10234323152;S
20240429;100147;51.38;1650;10234323153;S
20240429;100147;51.36;100;10234323154;S
20240429;100147;51.35;1370;10234323155;S
20240429;100147;51.35;1000;10234323156;S
20240429;100147;51.35;2530;10234323157;S
20240429;100147;51.34;450;10234323158;S
20240429;100147;51.34;1000;10234323159;S
20240429;100147;51.34;40;10234323160;S
20240429;100147;51.34;3350;10234323161;S
20240429;100147;51.33;1000;10234323162;S
20240429;100147;51.33;800;10234323163;S
20240429;100147;51.33;700;10234323164;S
20240429;100147;51.32;1000;10234323165;S
20240429;100147;51.31;790;10234323166;S
20240429;100148;51.35;200;10234323237;B
20240429;100151;51.36;200;10234323778;B
20240429;100153;51.36;10;10234324092;B
20240429;100157;51.33;40;10234324802;S
20240429;100157;51.33;490;10234324803;S
20240429;100157;51.32;1370;10234324804;S
20240429;100157;51.32;2530;10234324805;S
20240429;100157;51.32;1650;10234324806;S
20240429;100157;51.31;7010;10234324807;S
20240429;100157;51.31;1000;10234324808;S
20240429;100157;51.3;920;10234324809;S
20240429;100157;51.3;10;10234324810;S
20240429;100157;51.3;200;10234324811;S
20240429;100157;51.3;1000;10234324812;S
20240429;100157;51.29;1000;10234324813;S
20240429;100157;51.29;1000;10234324814;S
20240429;100157;51.29;450;10234324815;S
20240429;100157;51.28;100;10234324816;S
20240429;100157;51.28;100;10234324817;S
20240429;100157;51.28;1000;10234324818;S
20240429;100157;51.28;100;10234324819;S
20240429;100157;51.27;30;10234324820;S
20240429;100157;51.32;900;10234324824;B
20240429;100200;51.32;10;10234325234;B
20240429;100206;51.32;10;10234326345;B
20240429;100206;51.31;100;10234326455;S
20240429;100208;51.32;460;10234326708;B
20240429;100208;51.32;520;10234326770;B
20240429;100208;51.33;290;10234326771;B
20240429;100213;51.32;180;10234328042;S
20240429;100214;51.33;50;10234328083;B
20240429;100216;51.33;10;10234328373;B
20240429;100219;51.33;940;10234329349;B
20240429;100230;51.33;760;10234331464;S
20240429;100230;51.33;130;10234331465;S
20240429;100231;51.34;20;10234331536;B
20240429;100236;51.34;40;10234332712;B
20240429;100241;51.34;500;10234333817;B
20240429;100249;51.34;20;10234335060;B
20240429;100255;51.33;10;10234336051;S
20240429;100255;51.33;20;10234336052;S
20240429;100255;51.33;120;10234336053;S
20240429;100303;51.33;40;10234337059;S
20240429;100303;51.33;500;10234337060;S
20240429;100303;51.34;300;10234337132;B
20240429;100304;51.32;10;10234337294;S
20240429;100305;51.34;10;10234337378;B
20240429;100306;51.32;20;10234337582;S
20240429;100307;51.32;70;10234337822;S
20240429;100307;51.32;100;10234337823;S
20240429;100307;51.32;400;10234337824;S
20240429;100307;51.32;460;10234337825;S
20240429;100307;51.31;1370;10234337826;S
20240429;100307;51.31;2530;10234337827;S
20240429;100307;51.31;1520;10234337828;S
20240429;100307;51.3;1470;10234337829;S
20240429;100315;51.3;10;10234339366;B
20240429;100315;51.29;40;10234339396;S
20240429;100315;51.29;1030;10234339397;S
20240429;100316;51.28;10;10234339503;S
20240429;100319;51.3;20;10234339880;B
20240429;100320;51.3;1940;10234340118;B
20240429;100320;51.28;20;10234340120;S
20240429;100329;51.29;10;10234341351;S
20240429;100333;51.3;20;10234342074;B
20240429;100336;51.29;30;10234342665;S
20240429;100336;51.3;1470;10234342731;B
20240429;100336;51.3;1000;10234342732;B
20240429;100339;51.3;1000;10234343090;B
20240429;100339;51.31;340;10234343091;B
20240429;100339;51.3;150;10234343101;S
20240429;100340;51.31;60;10234343168;B
20240429;100340;51.31;600;10234343294;B
20240429;100340;51.31;700;10234343295;B
20240429;100340;51.32;22860;10234343296;B
20240429;100340;51.32;1000;10234343297;B
20240429;100340;51.32;460;10234343298;B
20240429;100342;51.33;2530;10234343761;S
20240429;100342;51.33;480;10234343762;S
20240429;100342;51.33;1370;10234343763;S
20240429;100342;51.32;24380;10234343764;S
20240429;100342;51.32;7010;10234343765;S
20240429;100342;51.32;1350;10234343766;S
20240429;100342;51.32;1000;10234343767;S
20240429;100342;51.32;700;10234343768;S
20240429;100342;51.31;40;10234343769;S
20240429;100346;51.34;100;10234344654;B
20240429;100346;51.34;200;10234344655;B
20240429;100349;51.33;30;10234345158;S
20240429;100349;51.33;10;10234345169;S
20240429;100353;51.33;10;10234345575;S
20240429;100359;51.33;10;10234346340;S
20240429;100359;51.33;130;10234346344;S
20240429;100405;51.33;480;10234347110;B
20240429;100405;51.34;3700;10234347111;B
20240429;100405;51.34;1590;10234347112;B
20240429;100405;51.34;1690;10234347113;B
20240429;100405;51.34;1000;10234347114;B
20240429;100405;51.35;30;10234347115;B
20240429;100405;51.35;1000;10234347116;B
20240429;100405;51.36;40;10234347117;B
20240429;100405;51.36;60;10234347118;B
20240429;100405;51.36;100;10234347119;B
20240429;100405;51.36;100;10234347120;B
20240429;100405;51.36;100;10234347121;B
20240429;100405;51.36;100;10234347122;B
20240429;100405;51.36;100;10234347125;B
20240429;100405;51.36;100;10234347153;B
20240429;100405;51.39;100;10234347154;B
20240429;100405;51.4;100;10234347155;B
20240429;100418;51.4;60;10234348648;B
20240429;100421;51.39;80;10234349226;B
20240429;100421;51.4;840;10234349227;B
20240429;100421;51.4;10;10234349228;B
20240429;100421;51.4;190;10234349229;B
20240429;100425;51.37;210;10234349758;S
20240429;100425;51.37;1000;10234349759;S
20240429;100427;51.36;530;10234349983;B
20240429;100427;51.36;1470;10234349984;B
20240429;100433;51.37;5000;10234350653;B
20240429;100438;51.36;40;10234351143;S
20240429;100444;51.36;320;10234351791;S
20240429;100444;51.36;100;10234351792;S
20240429;100444;51.35;40090;10234351793;S
20240429;100444;51.35;420;10234351794;S
20240429;100444;51.34;660;10234351795;S
20240429;100447;51.31;10;10234352092;S
20240429;100447;51.33;100;10234352105;B
20240429;100448;51.33;10;10234352161;S
20240429;100453;51.33;10;10234352720;S
20240429;100454;51.33;80;10234352782;S
20240429;100454;51.31;330;10234352783;S
20240429;100456;51.32;10;10234353034;B
20240429;100459;51.32;10;10234353461;B
20240429;100502;51.31;900;10234353962;S
20240429;100505;51.31;40;10234354341;S
20240429;100507;51.32;1350;10234354644;B
20240429;100507;51.32;560;10234354645;B
20240429;100507;51.32;1860;10234354646;B
20240429;100507;51.34;1000;10234354647;B
20240429;100507;51.35;1000;10234354648;B
20240429;100507;51.35;2530;10234354649;B
20240429;100507;51.35;1280;10234354650;B
20240429;100507;51.35;700;10234354651;B
20240429;100507;51.35;2780;10234354652;S
20240429;100507;51.35;150;10234354653;S
20240429;100509;51.33;50;10234354945;S
20240429;100511;51.33;50;10234355182;S
20240429;100511;51.33;500;10234355183;S
20240429;100511;51.33;130;10234355184;S
20240429;100511;51.32;670;10234355185;S
20240429;100511;51.31;4550;10234355186;S
20240429;100512;51.31;60;10234355503;S
20240429;100515;51.32;1440;10234355818;B
20240429;100515;51.32;560;10234355819;B
20240429;100524;51.32;510;10234357031;S
20240429;100527;51.33;500;10234357298;B
20240429;100527;51.33;60;10234357299;B
20240429;100527;51.33;660;10234357300;B
20240429;100527;51.33;80;10234357301;B
20240429;100527;51.33;100;10234357302;B
20240429;100527;51.33;500;10234357303;B
20240429;100529;51.34;10;10234357545;S
20240429;100537;51.34;400;10234358400;S
20240429;100545;51.34;190;10234359338;S
20240429;100545;51.34;50;10234359339;S
20240429;100550;51.33;10;10234359735;S
20240429;100559;51.32;20;10234360672;S
20240429;100605;51.32;360;10234361434;S
20240429;100605;51.32;100;10234361435;S
20240429;100605;51.32;120;10234361436;S
20240429;100609;51.32;20;10234361885;B
20240429;100613;51.31;20;10234362408;S
20240429;100613;51.31;10;10234362409;S
20240429;100621;51.31;50;10234363552;B
20240429;100622;51.31;40;10234363647;B
20240429;100627;51.31;90;10234364149;B
20240429;100632;51.3;50;10234364939;S
20240429;100632;51.3;2000;10234364940;S
20240429;100632;51.3;10;10234364941;S
20240429;100632;51.3;90;10234364942;S
20240429;100632;51.3;2000;10234364943;S
20240429;100632;51.29;50;10234364944;S
20240429;100632;51.29;40;10234364945;S
20240429;100632;51.29;550;10234364946;S
20240429;100632;51.28;30;10234364947;S
20240429;100632;51.28;100;10234364948;S
20240429;100632;51.28;40;10234364949;S
20240429;100632;51.28;10;10234364950;S
20240429;100632;51.28;50;10234364951;S
20240429;100632;51.28;2000;10234364952;S
20240429;100632;51.27;1000;10234364953;S
20240429;100632;51.27;7010;10234364954;S
20240429;100632;51.26;3000;10234364955;S
20240429;100632;51.26;1000;10234364956;S
20240429;100632;51.26;5000;10234364957;S
20240429;100632;51.26;450;10234364958;S
20240429;100632;51.26;80;10234364959;S
20240429;100635;51.25;10;10234365335;S
20240429;100644;51.26;10;10234366382;B
20240429;100649;51.25;10;10234367019;S
20240429;100651;51.25;20;10234367312;S
20240429;100653;51.26;30;10234367702;B
20240429;100701;51.26;320;10234368855;B
20240429;100702;51.26;100;10234368923;B
20240429;100714;51.26;10;10234370552;B
20240429;100718;51.25;60;10234371053;S
20240429;100720;51.25;910;10234371320;S
20240429;100720;51.25;10;10234371321;S
20240429;100720;51.25;560;10234371322;S
20240429;100720;51.25;20;10234371323;S
20240429;100720;51.25;10;10234371324;S
20240429;100720;51.25;560;10234371325;S
20240429;100720;51.25;10;10234371326;S
20240429;100720;51.25;770;10234371327;S
20240429;100727;51.25;10;10234372153;S
20240429;100729;51.25;20;10234372451;S
20240429;100730;51.26;120;10234372532;B
20240429;100730;51.25;1200;10234372539;S
20240429;100730;51.25;600;10234372540;S
20240429;100730;51.25;60;10234372541;S
20240429;100730;51.24;80;10234372542;S
20240429;100730;51.24;530;10234372543;S
20240429;100739;51.26;3000;10234373315;B
20240429;100741;51.26;140;10234373567;B
20240429;100743;51.26;240;10234373686;B
20240429;100743;51.25;610;10234373709;S
20240429;100743;51.25;10;10234373710;S
20240429;100743;51.25;380;10234373711;S
20240429;100743;51.25;990;10234373737;S
20240429;100743;51.25;10;10234373738;B
20240429;100747;51.24;1000;10234374024;S
20240429;100747;51.24;1000;10234374044;S
20240429;100747;51.24;1000;10234374101;S
20240429;100749;51.25;50;10234374304;B
20240429;100750;51.25;500;10234374403;B
20240429;100755;51.25;820;10234374789;B
20240429;100755;51.24;3490;10234374817;S
20240429;100755;51.24;500;10234374818;S
20240429;100755;51.24;40;10234374819;S
20240429;100755;51.24;620;10234374820;S
20240429;100755;51.23;2000;10234374821;S
20240429;100755;51.23;60;10234374822;S
20240429;100755;51.22;2000;10234374823;S
20240429;100755;51.21;10;10234374824;S
20240429;100755;51.21;20;10234374825;S
20240429;100755;51.21;50;10234374826;S
20240429;100755;51.21;70;10234374827;S
20240429;100755;51.21;20;10234374828;S
20240429;100755;51.21;20;10234374829;S
20240429;100755;51.21;1000;10234374830;S
20240429;100755;51.21;230;10234374831;S
20240429;100755;51.2;100;10234374832;S
20240429;100755;51.2;1000;10234374833;S
20240429;100755;51.2;10;10234374834;S
20240429;100755;51.2;400;10234374835;S
20240429;100755;51.2;10;10234374836;S
20240429;100755;51.2;4000;10234374837;S
20240429;100755;51.2;200;10234374838;S
20240429;100755;51.2;3500;10234374839;S
20240429;100755;51.2;50;10234374840;S
20240429;100755;51.2;10;10234374841;S
20240429;100755;51.2;50;10234374842;S
20240429;100755;51.2;100;10234374843;S
20240429;100755;51.2;190;10234374844;S
20240429;100756;51.23;50;10234374878;S
20240429;100756;51.23;10;10234374879;S
20240429;100756;51.23;110;10234374889;S
20240429;100756;51.23;10;10234374890;S
20240429;100756;51.22;7020;10234374891;S
20240429;100756;51.21;620;10234374892;S
20240429;100756;51.2;810;10234374893;S
20240429;100756;51.2;20;10234374894;S
20240429;100756;51.2;400;10234374895;S
20240429;100756;51.2;1000;10234374896;S
20240429;100756;51.2;50;10234374897;S
20240429;100756;51.19;10;10234374898;S
20240429;100756;51.19;3000;10234374899;S
20240429;100756;51.19;1000;10234374900;S
20240429;100756;51.19;260;10234374901;S
20240429;100756;51.19;690;10234374902;S
20240429;100756;51.24;100;10234374903;B
20240429;100756;51.21;120;10234374910;S
20240429;100756;51.2;380;10234374911;S
20240429;100756;51.2;2000;10234374914;S
20240429;100756;51.2;1000;10234374916;S
20240429;100756;51.2;1000;10234374917;S
20240429;100756;51.2;100;10234374919;S
20240429;100756;51.2;2540;10234374947;S
20240429;100756;51.2;40;10234374948;S
20240429;100756;51.2;70;10234374949;S
20240429;100756;51.2;20;10234374950;S
20240429;100756;51.19;10;10234374951;S
20240429;100756;51.19;610;10234374952;S
20240429;100756;51.19;120;10234374953;S
20240429;100756;51.18;40;10234374954;S
20240429;100756;51.18;100;10234374955;S
20240429;100756;51.18;100;10234374956;S
20240429;100756;51.18;1350;10234374957;S
20240429;100756;51.18;650;10234374968;S
20240429;100756;51.18;960;10234374969;S
20240429;100757;51.18;90;10234374979;S
20240429;100757;51.18;500;10234374990;S
20240429;100757;51.18;30;10234374991;S
20240429;100757;51.18;130;10234374997;S
20240429;100757;51.18;10;10234375020;S
20240429;100758;51.19;10;10234375075;B
20240429;100759;51.18;10;10234375234;S
20240429;100800;51.19;10;10234375446;B
20240429;100801;51.19;10;10234375590;B
20240429;100801;51.18;100;10234375688;S
20240429;100802;51.19;80;10234375837;B
20240429;100803;51.18;400;10234375914;S
20240429;100804;51.18;600;10234375971;S
20240429;100807;51.19;1260;10234376265;B
20240429;100807;51.19;540;10234376266;B
20240429;100808;51.18;10;10234376392;S
20240429;100809;51.18;2000;10234376477;S
20240429;100811;51.18;7660;10234376612;S
20240429;100811;51.18;100;10234376613;S
20240429;100811;51.18;10;10234376614;S
20240429;100811;51.18;100;10234376615;S
20240429;100811;51.18;170;10234376616;S
20240429;100811;51.18;10;10234376617;S
20240429;100811;51.18;1950;10234376618;S
20240429;100811;51.19;50;10234376706;B
20240429;100812;51.18;200;10234376756;S
20240429;100812;51.18;20;10234376825;S
20240429;100812;51.18;3000;10234376839;S
20240429;100814;51.18;10;10234377050;S
20240429;100815;51.18;500;10234377120;S
20240429;100815;51.18;1340;10234377142;S
20240429;100815;51.18;640;10234377143;S
20240429;100815;51.18;100;10234377144;S
20240429;100815;51.17;200;10234377145;S
20240429;100815;51.17;160;10234377146;S
20240429;100815;51.16;500;10234377147;S
20240429;100815;51.16;30;10234377148;S
20240429;100815;51.16;70;10234377149;S
20240429;100815;51.15;30;10234377150;S
20240429;100815;51.15;10;10234377151;S
20240429;100815;51.15;10;10234377152;S
20240429;100815;51.14;1000;10234377153;S
20240429;100815;51.13;20;10234377154;S
20240429;100815;51.13;10;10234377155;S
20240429;100815;51.13;5000;10234377156;S
20240429;100815;51.13;640;10234377157;S
20240429;100815;51.14;10;10234377158;S
20240429;100815;51.16;50;10234377184;S
20240429;100815;51.15;80;10234377185;S
20240429;100815;51.14;2920;10234377186;S
20240429;100815;51.14;10;10234377189;S
20240429;100816;51.17;10;10234377208;B
20240429;100816;51.14;600;10234377222;S
20240429;100816;51.14;300;10234377231;S
20240429;100816;51.15;600;10234377238;B
20240429;100817;51.15;30;10234377293;S
20240429;100818;51.17;10;10234377420;B
20240429;100819;51.15;570;10234377447;S
20240429;100819;51.15;200;10234377448;S
20240429;100819;51.15;500;10234377449;S
20240429;100819;51.15;600;10234377450;S
20240429;100819;51.15;1000;10234377451;S
20240429;100819;51.15;600;10234377452;S
20240429;100819;51.15;100;10234377453;S
20240429;100819;51.15;30;10234377454;S
20240429;100820;51.16;20;10234377792;B
20240429;100821;51.15;150;10234377846;S
20240429;100827;51.15;220;10234378338;S
20240429;100827;51.15;100;10234378339;S
20240429;100827;51.15;330;10234378340;S
20240429;100827;51.15;640;10234378341;S
20240429;100827;51.15;10;10234378342;S
20240429;100827;51.15;100;10234378343;S
20240429;100827;51.14;3190;10234378344;S
20240429;100827;51.14;10;10234378345;S
20240429;100827;51.16;10;10234378349;B
20240429;100827;51.16;10;10234378350;B
20240429;100828;51.15;100;10234378429;B
20240429;100828;51.15;900;10234378430;B
20240429;100828;51.15;20;10234378433;B
20240429;100828;51.14;100;10234378439;S
20240429;100828;51.13;200;10234378440;S
20240429;100828;51.12;10;10234378441;S
20240429;100828;51.12;1120;10234378442;S
20240429;100828;51.12;250;10234378445;S
20240429;100828;51.12;50;10234378446;S
20240429;100828;51.12;160;10234378447;S
20240429;100828;51.12;420;10234378448;S
20240429;100828;51.12;130;10234378449;S
20240429;100828;51.12;10;10234378450;S
20240429;100828;51.12;130;10234378451;S
20240429;100828;51.12;130;10234378452;S
20240429;100828;51.12;140;10234378454;S
20240429;100828;51.12;140;10234378455;S
20240429;100828;51.12;130;10234378456;S
20240429;100828;51.12;170;10234378457;S
20240429;100828;51.12;140;10234378458;S
20240429;100828;51.12;140;10234378460;S
20240429;100828;51.12;290;10234378461;S
20240429;100828;51.12;50;10234378462;S
20240429;100828;51.12;140;10234378480;S
20240429;100828;51.12;80;10234378482;S
20240429;100828;51.12;130;10234378483;S
20240429;100830;51.13;100;10234378633;S
20240429;100830;51.13;80;10234378634;S
20240429;100830;51.13;60;10234378635;S
20240429;100830;51.12;130;10234378636;S
20240429;100830;51.12;190;10234378645;S
20240429;100830;51.12;140;10234378649;S
20240429;100830;51.12;140;10234378650;S
20240429;100830;51.12;140;10234378652;S
20240429;100830;51.12;30;10234378654;S
20240429;100830;51.12;60;10234378655;S
20240429;100830;51.12;120;10234378656;S
20240429;100830;51.12;150;10234378657;S
20240429;100830;51.12;140;10234378658;S
20240429;100830;51.12;30;10234378659;S
20240429;100830;51.12;110;10234378660;S
20240429;100830;51.12;130;10234378661;S
20240429;100830;51.12;220;10234378662;S
20240429;100830;51.12;130;10234378663;S
20240429;100830;51.12;150;10234378664;S
20240429;100830;51.12;140;10234378665;S
20240429;100830;51.12;200;10234378666;S
20240429;100830;51.12;350;10234378667;S
20240429;100831;51.12;20;10234378773;S
20240429;100832;51.12;300;10234378781;S
20240429;100832;51.12;40;10234378787;S
20240429;100832;51.12;130;10234378818;S
20240429;100832;51.12;50;10234378819;S
20240429;100832;51.12;230;10234378820;S
20240429;100835;51.12;500;10234379091;S
20240429;100838;51.13;620;10234379434;S
20240429;100838;51.12;750;10234379435;S
20240429;100839;51.12;10;10234379466;S
20240429;100839;51.12;400;10234379487;S
20240429;100842;51.12;1060;10234379901;S
20240429;100842;51.12;220;10234379902;S
20240429;100842;51.12;620;10234379903;S
20240429;100842;51.11;30;10234379904;S
20240429;100842;51.11;50;10234379905;S
20240429;100842;51.11;50;10234379906;S
20240429;100842;51.11;500;10234379907;S
20240429;100842;51.11;500;10234379908;S
20240429;100842;51.11;1000;10234379909;S
20240429;100842;51.11;30;10234379910;S
20240429;100842;51.11;50;10234379911;S
20240429;100842;51.11;10;10234379912;S
20240429;100842;51.11;60;10234379913;S
20240429;100842;51.11;200;10234379914;S
20240429;100842;51.11;10;10234379915;S
20240429;100842;51.11;200;10234379916;S
20240429;100842;51.1;4000;10234379917;S
20240429;100842;51.1;200;10234379918;S
20240429;100842;51.1;500;10234379919;S
20240429;100842;51.1;100;10234379920;S
20240429;100842;51.1;10;10234379921;S
20240429;100842;51.1;10;10234379922;S
20240429;100842;51.1;10;10234379923;S
20240429;100842;51.1;10;10234379924;S
20240429;100842;51.1;10;10234379925;S
20240429;100842;51.1;500;10234379926;S
20240429;100842;51.1;60;10234379927;S
20240429;100842;51.1;330;10234379945;S
20240429;100842;51.1;10;10234379961;S
20240429;100842;51.09;50;10234379962;S
20240429;100842;51.1;60;10234379963;B
20240429;100842;51.09;50;10234379972;S
20240429;100843;51.09;270;10234379990;S
20240429;100843;51.09;30;10234379991;S
20240429;100843;51.1;30;10234379993;B
20240429;100843;51.1;970;10234379994;S
20240429;100843;51.09;120;10234379995;S
20240429;100843;51.09;610;10234379996;S
20240429;100843;51.08;50;10234379997;S
20240429;100843;51.08;50;10234379998;S
20240429;100843;51.08;100;10234379999;S
20240429;100843;51.08;100;10234380000;S
20240429;100843;51.08;100;10234380001;S
20240429;100843;51.1;10;10234380009;S
20240429;100843;51.08;1900;10234380010;S
20240429;100843;51.1;100;10234380011;B
20240429;100843;51.1;50;10234380021;B
20240429;100843;51.08;160;10234380028;S
20240429;100843;51.08;4000;10234380029;S
20240429;100843;51.08;400;10234380034;S
20240429;100843;51.09;1800;10234380035;B
20240429;100843;51.1;8200;10234380036;B
20240429;100843;51.08;600;10234380038;S
20240429;100843;51.08;1370;10234380039;S
20240429;100843;51.07;30;10234380040;S
20240429;100843;51.07;7070;10234380041;S
20240429;100843;51.07;50;10234380115;S
20240429;100844;51.09;80;10234380125;B
20240429;100845;51.09;10;10234380324;B
20240429;100846;51.09;10;10234380411;B
20240429;100847;51.08;10;10234380525;S
20240429;100847;51.08;10;10234380526;S
20240429;100850;51.09;1370;10234380761;S
20240429;100850;51.09;620;10234380762;S
20240429;100850;51.08;20;10234380763;S
20240429;100850;51.08;1000;10234380764;S
20240429;100850;51.08;1000;10234380765;S
20240429;100850;51.08;2530;10234380766;S
20240429;100853;51.08;3000;10234380933;B
20240429;100854;51.08;10;10234381125;B
20240429;100855;51.07;100;10234381269;S
20240429;100856;51.08;10;10234381326;B
20240429;100858;51.07;10;10234381600;S
20240429;100859;51.07;10;10234381719;S
20240429;100904;51.07;480;10234382193;S
20240429;100904;51.08;300;10234382216;B
20240429;100906;51.07;60;10234382434;S
20240429;100913;51.08;20;10234383228;B
20240429;100915;51.08;310;10234383731;B
20240429;100919;51.07;10;10234384442;S
20240429;100919;51.08;200;10234384449;B
20240429;100922;51.08;10;10234384752;B
20240429;100923;51.08;10;10234384927;B
20240429;100926;51.07;40;10234385203;S
20240429;100931;51.08;3200;10234385917;B
20240429;100931;51.08;40;10234385927;B
20240429;100933;51.08;90;10234386122;B
20240429;100933;51.08;10;10234386123;B
20240429;100933;51.08;500;10234386147;B
20240429;100933;51.08;800;10234386148;B
20240429;100933;51.08;100;10234386149;B
20240429;100933;51.08;500;10234386150;B
20240429;100935;51.08;90;10234386353;B
20240429;100935;51.08;2910;10234386354;B
20240429;100936;51.08;820;10234386654;B
20240429;100936;51.08;180;10234386655;B
20240429;100937;51.08;340;10234386708;B
20240429;100937;51.08;920;10234386709;B
20240429;100937;51.09;620;10234386710;B
20240429;100937;51.09;620;10234386711;B
20240429;100937;51.09;890;10234386712;B
20240429;100937;51.09;1490;10234386742;B
20240429;100937;51.1;1810;10234386743;B
20240429;100937;51.1;9760;10234386751;B
20240429;100937;51.1;100;10234386752;B
20240429;100937;51.1;500;10234386753;B
20240429;100937;51.1;100;10234386754;B
20240429;100937;51.1;300;10234386755;B
20240429;100937;51.1;100;10234386756;B
20240429;100937;51.1;200;10234386757;B
20240429;100937;51.1;100;10234386758;B
20240429;100937;51.1;500;10234386759;B
20240429;100937;51.1;100;10234386760;B
20240429;100937;51.1;500;10234386761;B
20240429;100937;51.1;100;10234386762;B
20240429;100937;51.1;30;10234386763;B
20240429;100937;51.1;90;10234386764;B
20240429;100937;51.1;20;10234386765;B
20240429;100937;51.1;20;10234386766;B
20240429;100937;51.13;100;10234386767;B
20240429;100937;51.13;500;10234386792;B
20240429;100937;51.13;40;10234386830;B
20240429;100937;51.14;560;10234386831;B
20240429;100938;51.14;440;10234386838;B
20240429;100938;51.14;450;10234386839;B
20240429;100938;51.15;80;10234386840;B
20240429;100938;51.15;4030;10234386841;B
20240429;100938;51.14;100;10234386842;B
20240429;100938;51.14;100;10234386843;B
20240429;100938;51.12;190;10234386886;S
20240429;100938;51.12;10;10234386887;S
20240429;100940;51.15;500;10234387083;B
20240429;100942;51.15;150;10234387406;B
20240429;100944;51.15;20;10234387616;B
20240429;100945;51.14;10;10234387654;S
20240429;100945;51.14;670;10234387655;S
20240429;100945;51.13;10;10234387656;S
20240429;100945;51.13;2600;10234387657;S
20240429;100945;51.13;360;10234387658;S
20240429;100945;51.12;90;10234387659;S
20240429;100945;51.12;2530;10234387660;S
20240429;100945;51.12;5000;10234387661;S
20240429;100945;51.12;30;10234387662;S
20240429;100945;51.11;7040;10234387663;S
20240429;100945;51.1;340;10234387664;S
20240429;100945;51.1;1000;10234387665;S
20240429;100945;51.09;320;10234387666;S
20240429;100946;51.14;450;10234387775;B
20240429;100946;51.14;1000;10234387776;B
20240429;100946;51.15;15300;10234387777;B
20240429;100946;51.15;1000;10234387778;B
20240429;100946;51.15;680;10234387779;B
20240429;100946;51.16;990;10234387780;B
20240429;100946;51.16;3000;10234387781;B
20240429;100946;51.16;700;10234387782;B
20240429;100946;51.17;990;10234387783;B
20240429;100946;51.17;2270;10234387784;B
20240429;100946;51.17;3620;10234387785;B
20240429;100946;51.16;60;10234387818;B
20240429;100946;51.17;1000;10234387819;B
20240429;100946;51.18;90;10234387820;B
20240429;100947;51.18;90;10234387968;B
20240429;100951;51.17;10;10234388481;S
20240429;100953;51.18;500;10234388728;B
20240429;100953;51.18;3000;10234388729;B
20240429;100958;51.19;660;10234389345;B
20240429;100958;51.19;80;10234389346;B
20240429;100958;51.19;3260;10234389347;B
20240429;100958;51.18;120;10234389359;S
20240429;100958;51.18;640;10234389382;S
20240429;100958;51.18;560;10234389383;S
20240429;100958;51.18;710;10234389384;S
20240429;100958;51.18;580;10234389385;S
20240429;100959;51.19;10;10234389491;B
20240429;101000;51.18;240;10234389624;S
20240429;101000;51.18;1260;10234389627;S
20240429;101000;51.18;620;10234389628;S
20240429;101000;51.18;600;10234389630;S
20240429;101000;51.19;10;10234389789;B
20240429;101002;51.18;200;10234390024;S
20240429;101002;51.18;100;10234390026;S
20240429;101002;51.18;520;10234390027;S
20240429;101002;51.18;480;10234390028;S
20240429;101002;51.17;40;10234390029;S
20240429;101002;51.17;340;10234390030;S
20240429;101002;51.17;610;10234390032;S
20240429;101002;51.18;500;10234390033;B
20240429;101003;51.17;50;10234390232;S
20240429;101003;51.17;220;10234390233;S
20240429;101003;51.17;490;10234390234;S
20240429;101003;51.17;220;10234390235;S
20240429;101003;51.17;240;10234390236;S
20240429;101003;51.15;350;10234390237;S
20240429;101003;51.15;100;10234390238;S
20240429;101003;51.15;20;10234390239;S
20240429;101003;51.14;610;10234390240;S
20240429;101003;51.14;590;10234390241;S
20240429;101004;51.17;1000;10234390255;B
20240429;101005;51.14;870;10234390378;S
20240429;101005;51.14;580;10234390382;S
20240429;101005;51.14;120;10234390383;S
20240429;101005;51.14;470;10234390384;S
20240429;101005;51.13;580;10234390385;S
20240429;101006;51.13;420;10234390480;S
20240429;101006;51.13;150;10234390481;S
20240429;101006;51.13;580;10234390492;S
20240429;101006;51.13;590;10234390493;S
20240429;101006;51.13;10;10234390569;S
20240429;101007;51.13;1500;10234390578;S
20240429;101007;51.13;610;10234390579;S
20240429;101007;51.17;100;10234390663;B
20240429;101007;51.17;500;10234390664;B
20240429;101008;51.13;390;10234390748;S
20240429;101008;51.13;20;10234390749;S
20240429;101008;51.13;400;10234390750;S
20240429;101008;51.12;990;10234390751;S
20240429;101008;51.12;450;10234390753;S
20240429;101008;51.12;140;10234390754;S
20240429;101009;51.12;10;10234390836;S
20240429;101009;51.11;630;10234390837;S
20240429;101009;51.11;370;10234390838;S
20240429;101009;51.11;260;10234390839;S
20240429;101009;51.11;1000;10234390841;S
20240429;101009;51.11;500;10234390842;S
20240429;101011;51.11;1000;10234391003;S
20240429;101011;51.11;10;10234391004;S
20240429;101011;51.11;70;10234391005;S
20240429;101011;51.11;580;10234391006;S
20240429;101011;51.1;350;10234391034;S
20240429;101012;51.1;650;10234391121;S
20240429;101012;51.1;50;10234391122;S
20240429;101012;51.1;800;10234391123;S
20240429;101012;51.1;30;10234391124;S
20240429;101012;51.1;210;10234391125;S
20240429;101012;51.1;710;10234391126;S
20240429;101012;51.1;290;10234391142;S
20240429;101012;51.1;10;10234391143;S
20240429;101012;51.1;50;10234391144;S
20240429;101014;51.14;20;10234391541;B
20240429;101021;51.13;1160;10234392401;B
20240429;101021;51.14;450;10234392402;B
20240429;101021;51.14;50;10234392403;B
20240429;101021;51.14;50;10234392404;B
20240429;101021;51.14;660;10234392405;B
20240429;101021;51.15;1000;10234392406;B
20240429;101021;51.15;230;10234392407;B
20240429;101022;51.15;10;10234392670;B
20240429;101024;51.13;20;10234392932;S
20240429;101026;51.15;20;10234393167;B
20240429;101028;51.13;100;10234393351;S
20240429;101032;51.14;700;10234393929;S
20240429;101032;51.13;650;10234393930;S
20240429;101032;51.12;1370;10234393931;S
20240429;101032;51.12;1000;10234393932;S
20240429;101032;51.12;10;10234393933;S
20240429;101032;51.11;1000;10234393934;S
20240429;101032;51.11;20;10234393935;S
20240429;101032;51.11;50;10234393936;S
20240429;101032;51.11;1290;10234393937;S
20240429;101032;51.1;910;10234393938;S
20240429;101035;51.14;450;10234394601;B
20240429;101035;51.15;520;10234394602;B
20240429;101039;51.15;450;10234395299;B
20240429;101039;51.15;3450;10234395330;S
20240429;101040;51.16;90;10234395380;B
20240429;101044;51.16;30;10234395855;B
20240429;101044;51.16;50;10234395859;B
20240429;101045;51.16;10;10234395916;B
20240429;101048;51.15;70;10234396427;S
20240429;101049;51.15;5850;10234396582;S
20240429;101056;51.16;10;10234397509;B
20240429;101057;51.15;5370;10234397588;S
20240429;101105;51.15;4810;10234398737;S
20240429;101105;51.15;100;10234398738;S
20240429;101105;51.15;10;10234398739;S
20240429;101105;51.15;100;10234398740;S
20240429;101105;51.15;640;10234398741;S
20240429;101105;51.15;2000;10234398742;S
20240429;101105;51.15;20;10234398743;S
20240429;101105;51.15;220;10234398744;S
20240429;101112;51.14;750;10234399417;S
20240429;101112;51.14;600;10234399418;S
20240429;101112;51.13;350;10234399419;S
20240429;101116;51.16;10;10234399967;B
20240429;101118;51.16;10;10234400443;B
20240429;101119;51.16;100;10234400559;B
20240429;101119;51.13;350;10234400594;S
20240429;101119;51.12;450;10234400595;S
20240429;101119;51.12;800;10234400596;S
20240429;101119;51.12;10;10234400597;S
20240429;101119;51.12;550;10234400598;S
20240429;101123;51.12;10;10234401000;B
20240429;101123;51.12;10;10234401043;B
20240429;101126;51.12;10;10234401424;B
20240429;101128;51.12;380;10234401655;B
20240429;101129;51.11;900;10234401748;S
20240429;101129;51.11;1550;10234401749;S
20240429;101130;51.12;50;10234401768;B
20240429;101130;51.11;240;10234401780;S
20240429;101131;51.12;400;10234401977;B
20240429;101136;51.12;20;10234402483;B
20240429;101138;51.12;2760;10234402725;B
20240429;101139;51.14;10;10234402912;B
20240429;101139;51.15;180;10234402913;B
20240429;101141;51.16;20;10234403080;B
20240429;101144;51.14;10;10234403437;S
20240429;101144;51.13;50;10234403438;S
20240429;101144;51.13;2530;10234403439;S
20240429;101144;51.13;10;10234403440;S
20240429;101144;51.12;2260;10234403441;S
20240429;101145;51.16;670;10234403584;B
20240429;101145;51.16;1580;10234403585;B
20240429;101145;51.16;350;10234403586;B
20240429;101145;51.16;450;10234403587;B
20240429;101145;51.16;690;10234403588;B
20240429;101150;51.15;10;10234404272;B
20240429;101152;51.15;1000;10234404394;B
20240429;101152;51.15;1670;10234404419;B
20240429;101152;51.16;330;10234404420;B
20240429;101152;51.15;620;10234404444;S
20240429;101152;51.15;640;10234404445;S
20240429;101152;51.14;850;10234404446;S
20240429;101154;51.15;310;10234404671;S
20240429;101154;51.14;2150;10234404672;S
20240429;101154;51.14;2000;10234404673;S
20240429;101154;51.13;2000;10234404674;S
20240429;101154;51.13;200;10234404675;S
20240429;101154;51.13;3000;10234404676;S
20240429;101154;51.13;23860;10234404677;S
20240429;101157;51.14;310;10234404991;S
20240429;101157;51.14;650;10234404992;S
20240429;101157;51.14;320;10234404993;S
20240429;101204;51.16;10;10234406040;B
20240429;101207;51.16;50;10234406381;B
20240429;101210;51.15;500;10234406710;S
20240429;101210;51.15;1300;10234406711;S
20240429;101218;51.15;10;10234407570;S
20240429;101219;51.16;10;10234407653;B
20240429;101228;51.16;5790;10234408328;B
20240429;101228;51.16;200;10234408329;B
20240429;101228;51.16;500;10234408330;B
20240429;101228;51.17;200;10234408331;B
20240429;101228;51.17;640;10234408332;B
20240429;101228;51.18;1000;10234408333;B
20240429;101228;51.18;8000;10234408334;B
20240429;101228;51.19;1000;10234408335;B
20240429;101228;51.19;2170;10234408336;B
20240429;101228;51.2;500;10234408337;B
20240429;101228;51.2;100;10234408338;B
20240429;101228;51.2;2920;10234408366;B
20240429;101229;51.2;7080;10234408409;B
20240429;101229;51.2;10;10234408410;B
20240429;101229;51.2;500;10234408411;B
20240429;101229;51.2;80;10234408412;B
20240429;101232;51.21;10;10234408758;B
20240429;101237;51.21;490;10234409132;B
20240429;101237;51.21;10;10234409133;B
20240429;101242;51.2;10;10234409933;S
20240429;101246;51.21;10;10234410359;B
20240429;101252;51.21;10;10234410915;B
20240429;101253;51.21;10;10234410973;B
20240429;101253;51.21;730;10234411004;B
20240429;101253;51.21;10;10234411011;B
20240429;101254;51.21;10;10234411064;B
20240429;101254;51.21;10;10234411088;B
20240429;101255;51.21;10;10234411118;B
20240429;101255;51.21;10;10234411168;B
20240429;101256;51.21;10;10234411215;B
20240429;101256;51.21;10;10234411265;B
20240429;101257;51.21;10;10234411354;B
20240429;101257;51.21;10;10234411403;B
20240429;101258;51.21;10;10234411442;B
20240429;101258;51.21;10;10234411515;B
20240429;101259;51.21;20;10234411535;B
20240429;101259;51.21;100;10234411536;B
20240429;101259;51.21;200;10234411537;B
20240429;101259;51.21;50;10234411538;B
20240429;101259;51.22;10;10234411566;B
20240429;101259;51.22;10;10234411611;B
20240429;101300;51.22;10;10234411684;B
20240429;101301;51.22;10;10234411736;B
20240429;101301;51.22;10;10234411772;B
20240429;101302;51.22;10;10234411849;B
20240429;101304;51.21;1000;10234412077;S
20240429;101309;51.22;500;10234412410;B
20240429;101310;51.21;10;10234412502;S
20240429;101314;51.22;300;10234412999;B
20240429;101321;51.22;170;10234414257;B
20240429;101322;51.21;40;10234414284;S
20240429;101334;51.22;190;10234415475;B
20240429;101338;51.22;20;10234415878;B
20240429;101338;51.21;20;10234415915;S
20240429;101341;51.22;10;10234416218;B
20240429;101345;51.22;1000;10234416678;B
20240429;101347;51.22;10;10234416923;B
20240429;101350;51.21;30;10234417269;S
20240429;101358;51.22;10;10234418074;B
20240429;101358;51.22;10;10234418136;B
20240429;101359;51.22;10;10234418229;B
20240429;101359;51.22;10;10234418270;B
20240429;101400;51.22;10;10234418335;B
20240429;101400;51.21;10;10234418342;S
20240429;101401;51.22;10;10234418354;B
20240429;101402;51.21;500;10234418522;S
20240429;101402;51.22;10;10234418543;B
20240429;101404;51.21;40;10234418734;S
20240429;101404;51.21;100;10234418735;S
20240429;101404;51.21;10;10234418736;S
20240429;101404;51.2;50;10234418737;S
20240429;101405;51.21;510;10234418854;B
20240429;101407;51.21;200;10234419320;B
20240429;101409;51.21;10;10234419514;B
20240429;101412;51.21;6300;10234419864;B
20240429;101412;51.21;670;10234419865;B
20240429;101412;51.21;560;10234419866;B
20240429;101412;51.21;10;10234419867;B
20240429;101412;51.21;10;10234419868;B
20240429;101412;51.22;2450;10234419869;B
20240429;101412;51.2;50;10234419894;S
20240429;101412;51.2;200;10234419895;S
20240429;101414;51.2;50;10234420033;B
20240429;101414;51.2;10;10234420049;B
20240429;101418;51.19;200;10234420373;S
20240429;101418;51.19;400;10234420374;S
20240429;101418;51.2;10;10234420400;B
20240429;101424;51.19;20;10234421206;B
20240429;101437;51.19;10;10234422648;B
20240429;101437;51.19;7000;10234422735;B
20240429;101437;51.19;680;10234422736;B
20240429;101437;51.2;4350;10234422737;B
20240429;101437;51.2;350;10234422738;B
20240429;101437;51.2;1000;10234422739;B
20240429;101437;51.2;2000;10234422740;B
20240429;101437;51.21;1000;10234422741;B
20240429;101437;51.21;40;10234422742;B
20240429;101437;51.22;50;10234422743;B
20240429;101437;51.22;5000;10234422744;B
20240429;101437;51.22;100;10234422745;B
20240429;101437;51.22;1000;10234422746;B
20240429;101437;51.23;1000;10234422747;B
20240429;101437;51.23;10;10234422748;B
20240429;101437;51.23;5840;10234422749;B
20240429;101437;51.24;1000;10234422750;B
20240429;101437;51.24;1350;10234422751;B
20240429;101437;51.24;3200;10234422752;B
20240429;101456;51.21;10;10234424778;S
20240429;101456;51.21;20;10234424779;S
20240429;101456;51.2;10;10234424780;S
20240429;101456;51.2;20;10234424781;S
20240429;101456;51.22;10;10234424813;S
20240429;101456;51.2;70;10234424814;S
20240429;101458;51.23;20;10234425143;B
20240429;101506;51.23;10;10234427183;B
20240429;101511;51.23;40;10234428532;B
20240429;101511;51.24;260;10234428533;B
20240429;101518;51.22;10;10234429974;S
20240429;101518;51.22;660;10234429975;S
20240429;101518;51.21;10;10234429976;S
20240429;101518;51.21;1000;10234429977;S
20240429;101518;51.21;20;10234429978;S
20240429;101518;51.2;910;10234429979;S
20240429;101518;51.2;10;10234429980;S
20240429;101518;51.2;250;10234429981;S
20240429;101518;51.2;450;10234429982;S
20240429;101518;51.2;2000;10234429983;S
20240429;101518;51.2;900;10234429984;S
20240429;101518;51.19;1000;10234429985;S
20240429;101518;51.19;10;10234429986;S
20240429;101518;51.19;10;10234429987;S
20240429;101518;51.19;250;10234429988;S
20240429;101518;51.18;1000;10234429989;S
20240429;101518;51.18;1000;10234429990;S
20240429;101518;51.18;510;10234429991;S
20240429;101518;51.19;10;10234430042;S
20240429;101520;51.19;990;10234430398;S
20240429;101520;51.19;10;10234430399;S
20240429;101520;51.18;380;10234430400;S
20240429;101525;51.21;1000;10234431499;B
20240429;101525;51.21;1370;10234431500;B
20240429;101525;51.22;2040;10234431501;B
20240429;101525;51.22;650;10234431502;B
20240429;101525;51.23;450;10234431503;B
20240429;101525;51.23;1490;10234431504;B
20240429;101530;51.23;10;10234432250;S
20240429;101530;51.22;10;10234432251;S
20240429;101530;51.21;10;10234432252;S
20240429;101530;51.21;10;10234432253;S
20240429;101530;51.2;10;10234432254;S
20240429;101530;51.2;460;10234432255;S
20240429;101530;51.2;450;10234432256;S
20240429;101530;51.19;10;10234432257;S
20240429;101530;51.19;1000;10234432258;S
20240429;101530;51.18;620;10234432259;S
20240429;101530;51.18;10;10234432260;S
20240429;101530;51.18;70;10234432261;S
20240429;101530;51.18;1370;10234432262;S
20240429;101530;51.17;1000;10234432263;S
20240429;101530;51.17;4960;10234432264;S
20240429;101530;51.18;10;10234432406;S
20240429;101530;51.17;10;10234432407;S
20240429;101531;51.19;10;10234432692;B
20240429;101533;51.19;990;10234433099;B
20240429;101535;51.21;10;10234433545;B
20240429;101537;51.2;10;10234434189;S
20240429;101538;51.2;10;10234434311;S
20240429;101538;51.21;10;10234434321;B
20240429;101538;51.21;10;10234434371;B
20240429;101538;51.2;10;10234434546;S
20240429;101539;51.21;30;10234434773;B
20240429;101542;51.2;120;10234435347;S
20240429;101542;51.2;190;10234435348;S
20240429;101542;51.19;1460;10234435349;S
20240429;101542;51.18;10;10234435350;S
20240429;101542;51.18;150;10234435351;S
20240429;101542;51.17;1000;10234435352;S
20240429;101542;51.16;70;10234435353;S
20240429;101542;51.2;10;10234435361;B
20240429;101542;51.16;130;10234435365;S
20240429;101542;51.16;100;10234435366;S
20240429;101542;51.16;270;10234435367;S
20240429;101548;51.2;10;10234436741;B
20240429;101554;51.2;30;10234438057;B
20240429;101554;51.2;10;10234438058;B
20240429;101554;51.21;10;10234438100;B
20240429;101557;51.21;10;10234438771;B
20240429;101557;51.2;80;10234438843;S
20240429;101557;51.19;100;10234438844;S
20240429;101557;51.18;620;10234438845;S
20240429;101557;51.17;10;10234438846;S
20240429;101557;51.17;1000;10234438847;S
20240429;101557;51.17;1000;10234438848;S
20240429;101557;51.17;980;10234438849;S
20240429;101557;51.16;730;10234438850;S
20240429;101557;51.16;1000;10234438851;S
20240429;101557;51.16;700;10234438852;S
20240429;101557;51.16;150;10234438853;S
20240429;101557;51.16;20;10234438854;S
20240429;101557;51.15;2000;10234438855;S
20240429;101557;51.15;1000;10234438856;S
20240429;101557;51.15;700;10234438857;S
20240429;101558;51.21;110;10234438992;B
20240429;101559;51.21;10;10234439247;B
20240429;101601;51.2;10;10234439471;S
20240429;101601;51.2;10;10234439553;S
20240429;101603;51.2;10;10234439855;S
20240429;101603;51.21;20;10234439888;B
20240429;101604;51.21;50;10234440150;B
20240429;101605;51.21;10;10234440235;B
20240429;101609;51.2;10;10234441077;S
20240429;101612;51.21;10;10234441578;B
20240429;101612;51.2;10;10234441594;S
20240429;101613;51.21;20;10234441849;B
20240429;101619;51.2;10;10234442679;S
20240429;101619;51.2;10;10234442790;S
20240429;101621;51.21;10;10234442987;B
20240429;101624;51.2;250;10234443360;S
20240429;101624;51.2;10;10234443361;S
20240429;101624;51.2;2000;10234443362;S
20240429;101624;51.2;620;10234443363;S
20240429;101624;51.18;20;10234443388;S
20240429;101629;51.18;10;10234444264;S
20240429;101629;51.18;120;10234444269;S
20240429;101629;51.17;610;10234444270;S
20240429;101629;51.16;1000;10234444271;S
20240429;101629;51.16;900;10234444272;S
20240429;101629;51.16;1900;10234444273;S
20240429;101629;51.16;5470;10234444274;S
20240429;101630;51.18;10;10234444476;S
20240429;101633;51.17;10;10234445039;S
20240429;101635;51.16;100;10234445441;S
20240429;101635;51.16;600;10234445442;S
20240429;101635;51.16;10;10234445443;S
20240429;101635;51.15;190;10234445444;S
20240429;101641;51.17;10;10234446723;B
20240429;101644;51.16;5000;10234447253;S
20240429;101644;51.16;5000;10234447304;S
20240429;101645;51.17;10;10234447363;B
20240429;101648;51.17;1350;10234447947;B
20240429;101650;51.18;10;10234448226;B
20240429;101653;51.18;10;10234448855;B
20240429;101654;51.17;30;10234448990;S
20240429;101656;51.18;10;10234449378;B
20240429;101656;51.18;10;10234449417;B
20240429;101706;51.17;10;10234451134;S
20240429;101706;51.18;10;10234451223;B
20240429;101707;51.18;30;10234451531;B
20240429;101709;51.17;610;10234451793;S
20240429;101709;51.17;30;10234451794;S
20240429;101709;51.17;100;10234451795;S
20240429;101709;51.17;40;10234451796;S
20240429;101712;51.17;10;10234452334;B
20240429;101712;51.17;10;10234452398;B
20240429;101714;51.17;10;10234452678;B
20240429;101716;51.16;20;10234453265;S
20240429;101717;51.17;190;10234453394;B
20240429;101717;51.17;560;10234453395;B
20240429;101717;51.18;920;10234453396;B
20240429;101717;51.18;20;10234453397;B
20240429;101719;51.18;10;10234453901;B
20240429;101722;51.17;10;10234454278;S
20240429;101722;51.16;130;10234454279;S
20240429;101722;51.18;50;10234454304;B
20240429;101723;51.18;920;10234454403;B
20240429;101723;51.18;460;10234454404;B
20240429;101725;51.19;10;10234454709;B
20240429;101725;51.19;10;10234454774;B
20240429;101726;51.19;30;10234454952;B
20240429;101728;51.19;50;10234455338;B
20240429;101729;51.19;20;10234455353;B
20240429;101731;51.19;10;10234455721;B
20240429;101737;51.19;30;10234456521;B
20240429;101737;51.19;10;10234456574;B
20240429;101741;51.19;10;10234457078;B
20240429;101741;51.19;10;10234457127;B
20240429;101742;51.18;20;10234457183;S
20240429;101742;51.19;10;10234457236;B
20240429;101743;51.19;10;10234457352;B
20240429;101746;51.18;10;10234457763;S
20240429;101746;51.19;10;10234457802;B
20240429;101747;51.19;10;10234458009;B
20240429;101748;51.19;20;10234458031;B
20240429;101749;51.19;10;10234458237;B
20240429;101750;51.19;20;10234458254;B
20240429;101752;51.19;10;10234458517;B
20240429;101752;51.19;710;10234458538;B
20240429;101752;51.19;10;10234458539;B
20240429;101753;51.2;10;10234458756;B
20240429;101754;51.19;500;10234458882;S
20240429;101755;51.2;50;10234458941;B
20240429;101756;51.19;20;10234459064;S
20240429;101757;51.2;10;10234459225;B
20240429;101759;51.2;10;10234459560;B
20240429;101800;51.2;10;10234459759;B
20240429;101800;51.2;10;10234459787;B
20240429;101801;51.2;10;10234460129;B
20240429;101804;51.2;10;10234461033;B
20240429;101804;51.2;10;10234461057;B
20240429;101805;51.2;10;10234461141;B
20240429;101808;51.2;10;10234461631;B
20240429;101809;51.19;10;10234461925;S
20240429;101812;51.2;10;10234462274;B
20240429;101814;51.2;10;10234462657;B
20240429;101815;51.2;230;10234462841;B
20240429;101821;51.19;4170;10234463553;S
20240429;101821;51.19;1370;10234463554;S
20240429;101821;51.19;30;10234463555;S
20240429;101821;51.19;1500;10234463556;S
20240429;101821;51.19;650;10234463557;S
20240429;101821;51.18;22280;10234463558;S
20240429;101821;51.18;10;10234463568;S
20240429;101826;51.19;10;10234464353;B
20240429;101828;51.2;10;10234464673;B
20240429;101828;51.2;800;10234464699;B
20240429;101828;51.2;1000;10234464700;B
20240429;101828;51.2;20;10234464701;B
20240429;101828;51.21;500;10234464702;B
20240429;101828;51.21;650;10234464703;B
20240429;101828;51.22;1000;10234464704;B
20240429;101828;51.22;370;10234464705;B
20240429;101828;51.23;1000;10234464706;B
20240429;101828;51.23;60;10234464707;B
20240429;101828;51.23;2970;10234464708;B
20240429;101828;51.24;1000;10234464709;B
20240429;101828;51.24;280;10234464710;B
20240429;101843;51.23;350;10234466775;B
20240429;101843;51.24;280;10234466776;B
20240429;101844;51.24;10;10234466871;B
20240429;101846;51.23;300;10234467242;B
20240429;101846;51.24;180;10234467243;B
20240429;101847;51.24;10;10234467330;B
20240429;101848;51.24;10;10234467573;B
20240429;101849;51.24;200;10234467756;B
20240429;101850;51.24;10;10234467784;B
20240429;101853;51.24;390;10234468289;B
20240429;101853;51.24;10;10234468319;B
20240429;101853;51.24;20;10234468391;B
20240429;101853;51.24;30;10234468394;B
20240429;101854;51.24;440;10234468510;B
20240429;101855;51.24;30;10234468680;B
20240429;101856;51.24;100;10234468835;B
20240429;101856;51.24;30;10234468836;B
20240429;101857;51.24;210;10234469121;B
20240429;101858;51.24;10;10234469184;B
20240429;101858;51.23;20;10234469326;S
20240429;101858;51.22;180;10234469327;S
20240429;101901;51.24;10;10234469743;B
20240429;101902;51.24;550;10234469931;B
20240429;101903;51.24;160;10234470051;B
20240429;101907;51.24;10;10234470474;B
20240429;101909;51.24;10;10234470913;B
20240429;101910;51.24;110;10234471189;B
20240429;101910;51.24;220;10234471225;B
20240429;101915;51.23;10;10234472913;S
20240429;101915;51.23;10;10234472914;S
20240429;101918;51.23;10;10234473489;B
20240429;101918;51.24;170;10234473490;B
20240429;101919;51.25;10;10234473549;B
20240429;101919;51.25;1200;10234473550;B
20240429;101919;51.25;100;10234473551;B
20240429;101919;51.25;790;10234473552;B
20240429;101919;51.25;50;10234473620;B
20240429;101920;51.25;30;10234473650;B
20240429;101923;51.25;420;10234474115;B
20240429;101928;51.25;30;10234474908;B
20240429;101931;51.25;30;10234475450;B
20240429;101932;51.25;50;10234475653;B
20240429;101934;51.25;50;10234476090;B
20240429;101936;51.25;10;10234476797;B
20240429;101939;51.25;10;10234477607;B
20240429;101941;51.25;10;10234478227;B
20240429;101944;51.25;190;10234478720;B
20240429;101946;51.24;10;10234478895;S
20240429;101946;51.24;10;10234478896;S
20240429;101946;51.24;10;10234478897;S
20240429;101946;51.24;30;10234478898;S
20240429;101948;51.25;200;10234479162;B
20240429;101948;51.25;10;10234479234;B
20240429;101949;51.25;110;10234479450;B
20240429;101952;51.25;10;10234479832;B
20240429;101952;51.25;790;10234479940;B
20240429;101952;51.25;980;10234479941;B
20240429;101952;51.26;1000;10234479942;B
20240429;101952;51.26;640;10234479943;B
20240429;101952;51.27;1000;10234479944;B
20240429;101952;51.27;2790;10234479945;B
20240429;101954;51.25;10;10234480330;S
20240429;101954;51.25;640;10234480331;S
20240429;101954;51.25;10;10234480332;S
20240429;101954;51.24;10;10234480333;S
20240429;101954;51.24;10;10234480334;S
20240429;101954;51.24;1980;10234480335;S
20240429;101954;51.24;10;10234480337;B
20240429;101955;51.24;10;10234480377;B
20240429;101956;51.24;10;10234480691;B
20240429;101957;51.24;10;10234480937;B
20240429;101959;51.24;10;10234481226;B
20240429;101959;51.23;10;10234481255;S
20240429;101959;51.23;20;10234481256;S
20240429;101959;51.24;2290;10234481336;B
20240429;101959;51.25;640;10234481337;B
20240429;101959;51.27;4230;10234481338;B
20240429;101959;51.27;1000;10234481339;B
20240429;101959;51.28;1000;10234481340;B
20240429;101959;51.28;70;10234481341;B
20240429;101959;51.29;770;10234481342;B
20240429;102000;51.29;100;10234481452;B
20240429;102000;51.3;10;10234481557;B
20240429;102000;51.3;10;10234481558;B
20240429;102001;51.3;30;10234481560;B
20240429;102001;51.3;70;10234481589;B
20240429;102002;51.3;50;10234481812;B
20240429;102006;51.26;10;10234482786;S
20240429;102006;51.26;440;10234482787;S
20240429;102007;51.3;10;10234482833;B
20240429;102007;51.3;30;10234482988;B
20240429;102007;51.29;10;10234483050;B
20240429;102012;51.29;10;10234483934;B
20240429;102014;51.29;700;10234484205;B
20240429;102014;51.26;10;10234484223;S
20240429;102014;51.26;630;10234484224;S
20240429;102014;51.26;10;10234484225;S
20240429;102014;51.26;10;10234484226;S
20240429;102014;51.26;3700;10234484227;S
20240429;102022;51.29;10;10234487833;B
20240429;102022;51.29;10;10234488124;B
20240429;102026;51.29;10;10234491331;B
20240429;102030;51.29;10;10234493978;B
20240429;102032;51.26;10;10234496011;S
20240429;102033;51.29;10;10234496049;B
20240429;102039;51.27;1370;10234499209;B
20240429;102039;51.27;630;10234499210;B
20240429;102039;51.28;470;10234499211;B
20240429;102039;51.28;10;10234499214;B
20240429;102041;51.28;20;10234499592;B
20240429;102043;51.26;20;10234500324;S
20240429;102045;51.26;310;10234501818;S
20240429;102045;51.27;100;10234501892;B
20240429;102046;51.27;1370;10234501936;B
20240429;102052;51.28;10;10234503802;B
20240429;102101;51.28;1000;10234508129;B
20240429;102103;51.27;10;10234508672;S
20240429;102107;51.28;20;10234510099;B
20240429;102108;51.28;10;10234510475;B
20240429;102109;51.28;1860;10234511152;B
20240429;102109;51.28;7020;10234511153;B
20240429;102109;51.28;630;10234511154;B
20240429;102109;51.28;20;10234511155;B
20240429;102109;51.28;100;10234511156;B
20240429;102109;51.29;240;10234511157;B
20240429;102109;51.29;1000;10234511158;B
20240429;102109;51.3;810;10234511159;B
20240429;102109;51.3;210;10234511160;B
20240429;102109;51.3;200;10234511161;B
20240429;102109;51.3;2000;10234511162;B
20240429;102109;51.3;50;10234511163;B
20240429;102109;51.3;10;10234511164;B
20240429;102110;51.31;10;10234511306;B
20240429;102112;51.3;340;10234511865;S
20240429;102112;51.31;20;10234511947;B
20240429;102122;51.31;10;10234514953;B
20240429;102122;51.31;10;10234515065;B
20240429;102126;51.31;20;10234517715;B
20240429;102127;51.3;540;10234517965;S
20240429;102128;51.3;540;10234518146;S
20240429;102128;51.31;10;10234518226;B
20240429;102128;51.3;3410;10234518227;S
20240429;102128;51.3;1020;10234518228;S
20240429;102128;51.27;540;10234518267;S
20240429;102128;51.27;190;10234518439;S
20240429;102128;51.26;10;10234518440;S
20240429;102128;51.26;10;10234518441;S
20240429;102128;51.26;10;10234518442;S
20240429;102128;51.26;10;10234518443;S
20240429;102128;51.26;40;10234518444;S
20240429;102128;51.26;10;10234518445;S
20240429;102128;51.26;20;10234518446;S
20240429;102128;51.26;100;10234518447;S
20240429;102128;51.26;10;10234518448;S
20240429;102128;51.26;130;10234518449;S
20240429;102130;51.26;710;10234519653;S
20240429;102130;51.26;10;10234519654;S
20240429;102130;51.26;40;10234519655;S
20240429;102130;51.26;20;10234519656;S
20240429;102130;51.26;10;10234519657;S
20240429;102130;51.26;40;10234519675;B
20240429;102130;51.26;20;10234519677;B
20240429;102130;51.26;40;10234519685;S
20240429;102130;51.26;20;10234519688;S
20240429;102130;51.27;10;10234519789;B
20240429;102133;51.27;1360;10234520183;B
20240429;102133;51.27;540;10234520184;B
20240429;102133;51.27;430;10234520185;B
20240429;102134;51.27;10;10234520596;B
20240429;102138;51.26;40;10234522054;S
20240429;102138;51.26;20;10234522055;S
20240429;102138;51.25;10;10234522056;S
20240429;102138;51.25;10;10234522057;S
20240429;102138;51.24;520;10234522058;S
20240429;102138;51.26;40;10234522182;B
20240429;102138;51.26;20;10234522183;B
20240429;102138;51.26;40;10234522195;B
20240429;102138;51.26;20;10234522196;B
20240429;102138;51.26;40;10234522205;B
20240429;102138;51.26;20;10234522206;B
20240429;102138;51.26;30;10234522212;B
20240429;102138;51.26;10;10234522213;B
20240429;102142;51.23;40;10234523474;S
20240429;102142;51.23;10;10234523475;S
20240429;102142;51.22;1000;10234523476;S
20240429;102142;51.22;450;10234523477;S
20240429;102142;51.22;10;10234523478;S
20240429;102142;51.22;630;10234523479;S
20240429;102142;51.21;10;10234523480;S
20240429;102142;51.21;1000;10234523481;S
20240429;102142;51.2;1000;10234523482;S
20240429;102142;51.2;500;10234523483;S
20240429;102142;51.2;1000;10234523484;S
20240429;102142;51.2;10;10234523485;S
20240429;102142;51.2;10;10234523486;S
20240429;102142;51.2;8900;10234523487;S
20240429;102142;51.19;1000;10234523488;S
20240429;102142;51.19;10;10234523489;S
20240429;102142;51.19;5000;10234523490;S
20240429;102142;51.19;800;10234523491;S
20240429;102142;51.19;7010;10234523492;S
20240429;102142;51.18;21610;10234523493;S
20240429;102142;51.18;2500;10234523508;S
20240429;102158;51.2;10;10234529642;B
20240429;102159;51.2;90;10234529849;B
20240429;102200;51.18;540;10234530040;S
20240429;102200;51.18;1250;10234530165;S
20240429;102200;51.18;400;10234530194;S
20240429;102200;51.18;70;10234530195;S
20240429;102200;51.18;10;10234530196;S
20240429;102200;51.18;60;10234530197;S
20240429;102201;51.18;240;10234530364;S
20240429;102201;51.17;300;10234530365;S
20240429;102201;51.17;200;10234530823;S
20240429;102201;51.17;100;10234530824;S
20240429;102201;51.16;10;10234530825;S
20240429;102201;51.16;230;10234530826;S
20240429;102201;51.16;540;10234531018;S
20240429;102203;51.16;230;10234531655;S
20240429;102203;51.16;30880;10234531656;S
20240429;102203;51.16;200;10234531657;S
20240429;102203;51.16;1000;10234531658;S
20240429;102203;51.15;50;10234531659;S
20240429;102203;51.15;10;10234531660;S
20240429;102203;51.15;10000;10234531661;S
20240429;102203;51.15;100;10234531662;S
20240429;102203;51.15;10;10234531663;S
20240429;102203;51.15;30;10234531664;S
20240429;102203;51.15;1000;10234531665;S
20240429;102203;51.15;10;10234531666;S
20240429;102203;51.15;620;10234531667;S
20240429;102203;51.14;180;10234531668;S
20240429;102203;51.14;2000;10234531669;S
20240429;102203;51.14;1000;10234531670;S
20240429;102203;51.14;80;10234531671;S
20240429;102203;51.13;20;10234531672;S
20240429;102203;51.13;100;10234531673;S
20240429;102203;51.13;10;10234531674;S
20240429;102203;51.13;1000;10234531675;S
20240429;102203;51.12;1470;10234531676;S
20240429;102203;51.12;50;10234531732;S
20240429;102214;51.12;500;10234536865;S
20240429;102215;51.13;500;10234537174;B
20240429;102223;51.14;40;10234541424;B
20240429;102244;51.12;10;10234551495;S
20240429;102249;51.13;20;10234554932;B
20240429;102258;51.14;10;10234558763;B
20240429;102259;51.14;10;10234560005;B
20240429;102302;51.14;20;10234561513;B
20240429;102302;51.14;10;10234561577;B
20240429;102313;51.14;10;10234567071;B
20240429;102313;51.13;250;10234567081;S
20240429;102314;51.14;1000;10234567596;B
20240429;102320;51.14;40;10234569418;B
20240429;102328;51.13;10;10234574996;S
20240429;102329;51.13;10;10234575267;S
20240429;102330;51.14;2000;10234575644;B
20240429;102331;51.13;10;10234575794;S
20240429;102338;51.14;800;10234578755;B
20240429;102338;51.14;500;10234578756;B
20240429;102338;51.13;10;10234578796;S
20240429;102339;51.13;10;10234578925;S
20240429;102339;51.13;660;10234578926;S
20240429;102339;51.13;100;10234578927;S
20240429;102339;51.13;100;10234578928;S
20240429;102339;51.13;100;10234578929;S
20240429;102339;51.13;100;10234578930;S
20240429;102339;51.13;100;10234578931;S
20240429;102339;51.13;30;10234578932;S
20240429;102339;51.13;100;10234578933;S
20240429;102339;51.13;10;10234578934;S
20240429;102339;51.13;2690;10234578935;S
20240429;102340;51.14;500;10234579356;B
20240429;102342;51.13;2970;10234579572;S
20240429;102342;51.13;2780;10234579573;S
20240429;102342;51.13;1370;10234579574;S
20240429;102342;51.13;430;10234579575;S
20240429;102342;51.13;100;10234579576;S
20240429;102342;51.13;500;10234579577;S
20240429;102342;51.13;550;10234579578;S
20240429;102342;51.13;680;10234579579;S
20240429;102342;51.12;970;10234579580;S
20240429;102342;51.12;1000;10234579581;S
20240429;102342;51.12;300;10234579582;S
20240429;102344;51.14;100;10234581136;B
20240429;102345;51.14;80;10234582185;B
20240429;102345;51.14;80;10234582195;B
20240429;102345;51.14;150;10234582295;B
20240429;102345;51.14;120;10234582298;B
20240429;102345;51.14;290;10234582300;B
20240429;102345;51.14;90;10234582301;B
20240429;102345;51.14;360;10234582302;B
20240429;102345;51.14;120;10234582303;B
20240429;102345;51.14;80;10234582307;B
20240429;102345;51.14;110;10234582308;B
20240429;102345;51.14;100;10234582309;B
20240429;102345;51.14;80;10234582310;B
20240429;102345;51.14;80;10234582312;B
20240429;102345;51.14;290;10234582318;B
20240429;102345;51.14;100;10234582319;B
20240429;102345;51.14;80;10234582320;B
20240429;102345;51.14;160;10234582321;B
20240429;102345;51.14;230;10234582322;B
20240429;102345;51.14;250;10234582325;B
20240429;102345;51.14;110;10234582347;B
20240429;102346;51.14;90;10234582398;B
20240429;102346;51.14;770;10234582399;B
20240429;102346;51.14;130;10234582400;B
20240429;102346;51.14;140;10234582401;B
20240429;102346;51.14;230;10234582402;B
20240429;102346;51.14;100;10234582403;B
20240429;102355;51.14;100;10234585803;B
20240429;102355;51.14;10;10234585902;B
20240429;102355;51.13;1370;10234585937;S
20240429;102355;51.13;680;10234585938;S
20240429;102356;51.13;950;10234586541;B
20240429;102356;51.14;470;10234586542;B
20240429;102356;51.14;540;10234586543;B
20240429;102356;51.14;40;10234586544;B
20240429;102356;51.14;310;10234586571;B
20240429;102356;51.14;500;10234586572;B
20240429;102403;51.16;100;10234588555;S
20240429;102403;51.16;10;10234588736;B
20240429;102404;51.16;30;10234588822;B
20240429;102404;51.16;10;10234588906;B
20240429;102408;51.15;100;10234589850;S
20240429;102416;51.14;450;10234594643;S
20240429;102416;51.14;100;10234594644;S
20240429;102416;51.14;670;10234594645;S
20240429;102416;51.13;20;10234594646;S
20240429;102436;51.15;10;10234602670;B
20240429;102438;51.15;10;10234603712;B
20240429;102440;51.14;20;10234603989;S
20240429;102440;51.14;150;10234603990;S
20240429;102440;51.15;20;10234604023;B
20240429;102441;51.14;70;10234604293;S
20240429;102443;51.14;10;10234605178;B
20240429;102443;51.13;10;10234605285;S
20240429;102447;51.14;10;10234606950;B
20240429;102452;51.14;10;10234608997;B
20240429;102457;51.14;20;10234610188;B
20240429;102458;51.14;30;10234610237;B
20240429;102458;51.13;1340;10234610291;S
20240429;102458;51.13;10;10234610292;S
20240429;102458;51.13;2000;10234610293;S
20240429;102458;51.13;80;10234610294;S
20240429;102458;51.13;30;10234610295;S
20240429;102458;51.13;670;10234610296;S
20240429;102458;51.13;100;10234610297;S
20240429;102501;51.14;10;10234610753;B
20240429;102506;51.14;10;10234612471;B
20240429;102506;51.13;10;10234612760;S
20240429;102507;51.13;20;10234613954;S
20240429;102518;51.13;170;10234618458;S
20240429;102518;51.13;660;10234618459;S
20240429;102518;51.12;200;10234618460;S
20240429;102518;51.12;170;10234618461;S
20240429;102518;51.14;20;10234618500;B
20240429;102525;51.12;3300;10234620426;S
20240429;102526;51.13;10;10234621008;B
20240429;102528;51.13;2300;10234621843;B
20240429;102534;51.13;20;10234623806;B
20240429;102538;51.12;10;10234624635;S
20240429;102541;51.13;670;10234625044;B
20240429;102541;51.14;280;10234625045;B
20240429;102542;51.14;10;10234625971;B
20240429;102545;51.14;920;10234626398;B
20240429;102545;51.15;380;10234626399;B
20240429;102547;51.15;10;10234626690;B
20240429;102549;51.15;10;10234627999;B
20240429;102552;51.15;10;10234630150;B
20240429;102620;51.15;20;10234639805;B
20240429;102621;51.14;10;10234639821;S
20240429;102624;51.14;40;10234640604;S
20240429;102624;51.14;50;10234640605;S
20240429;102624;51.14;50;10234640606;S
20240429;102624;51.14;50;10234640607;S
20240429;102624;51.14;400;10234640608;S
20240429;102632;51.14;100;10234643030;S
20240429;102638;51.15;10;10234645751;B
20240429;102638;51.14;10;10234646536;S
20240429;102639;51.15;10;10234646582;B
20240429;102639;51.15;10;10234646600;B
20240429;102639;51.15;10;10234646612;B
20240429;102639;51.15;10;10234646618;B
20240429;102647;51.14;40;10234648918;S
20240429;102647;51.14;50;10234648919;S
20240429;102647;51.14;50;10234648920;S
20240429;102647;51.14;50;10234648921;S
20240429;102647;51.14;50;10234648922;S
20240429;102647;51.14;50;10234648923;S
20240429;102647;51.14;50;10234648924;S
20240429;102647;51.14;50;10234648925;S
20240429;102649;51.13;70;10234649014;S
20240429;102649;51.13;430;10234649015;S
20240429;102659;51.15;10;10234652528;B
20240429;102702;51.15;1000;10234653106;B
20240429;102706;51.14;780;10234653915;S
20240429;102706;51.14;700;10234653916;S
20240429;102707;51.14;520;10234654994;B
20240429;102718;51.15;10;10234658829;B
20240429;102721;51.15;10;10234659654;B
20240429;102721;51.15;10;10234659684;B
20240429;102722;51.15;10;10234660023;B
20240429;102723;51.15;50;10234660087;B
20240429;102723;51.15;10;10234660125;B
20240429;102728;51.15;10;10234661162;B
20240429;102730;51.14;200;10234661350;S
20240429;102732;51.14;40;10234661599;S
20240429;102732;51.15;220;10234661606;B
20240429;102732;51.15;10;10234661607;B
20240429;102732;51.15;10;10234661608;B
20240429;102732;51.16;760;10234661609;B
20240429;102739;51.16;30;10234662723;B
20240429;102740;51.16;100;10234662807;B
20240429;102741;51.16;10;10234662970;B
20240429;102742;51.14;150;10234663192;S
20240429;102742;51.14;4090;10234663230;S
20240429;102742;51.14;10;10234663231;S
20240429;102742;51.14;700;10234663232;S
20240429;102742;51.14;150;10234663233;S
20240429;102743;51.14;60;10234663292;S
20240429;102748;51.16;20;10234663900;B
20240429;102749;51.14;700;10234663970;S
20240429;102757;51.13;10;10234664907;S
20240429;102757;51.13;10;10234664913;S
20240429;102800;51.13;2000;10234665225;S
20240429;102800;51.13;2000;10234665226;S
20240429;102800;51.13;3400;10234665227;S
20240429;102800;51.13;700;10234665228;S
20240429;102800;51.13;10;10234665229;S
20240429;102800;51.13;10;10234665288;B
20240429;102801;51.12;10;10234665425;S
20240429;102802;51.12;60;10234665501;S
20240429;102803;51.13;310;10234665643;B
20240429;102803;51.14;520;10234665644;B
20240429;102805;51.13;120;10234665826;B
20240429;102805;51.14;120;10234665854;B
20240429;102805;51.14;120;10234665873;B
20240429;102805;51.14;120;10234666179;B
20240429;102805;51.14;120;10234666296;B
20240429;102805;51.14;120;10234666312;B
20240429;102806;51.14;120;10234666322;B
20240429;102806;51.14;60;10234666344;B
20240429;102806;51.14;60;10234666345;B
20240429;102806;51.14;120;10234666356;B
20240429;102806;51.14;80;10234666365;B
20240429;102806;51.14;20;10234666613;B
20240429;102809;51.14;10;10234667377;B
20240429;102809;51.13;10;10234667495;S
20240429;102809;51.12;7950;10234667496;S
20240429;102809;51.14;10;10234667508;B
20240429;102812;51.14;910;10234667851;B
20240429;102812;51.14;1050;10234667852;B
20240429;102812;51.15;40;10234667853;B
20240429;102821;51.14;10;10234669759;S
20240429;102821;51.13;120;10234669760;S
20240429;102821;51.13;440;10234669761;S
20240429;102830;51.14;1370;10234671521;B
20240429;102830;51.14;2530;10234671522;B
20240429;102840;51.14;10;10234672557;B
20240429;102844;51.14;180;10234673590;B
20240429;102844;51.15;540;10234673591;B
20240429;102844;51.15;200;10234673592;B
20240429;102844;51.15;770;10234673593;B
20240429;102844;51.16;5490;10234673594;B
20240429;102844;51.16;1000;10234673595;B
20240429;102844;51.16;1000;10234673596;B
20240429;102844;51.17;450;10234673597;B
20240429;102844;51.17;1000;10234673598;B
20240429;102844;51.17;1370;10234673599;B
20240429;102844;51.18;1000;10234673600;B
20240429;102844;51.18;200;10234673601;B
20240429;102844;51.18;3000;10234673602;B
20240429;102844;51.18;40;10234673603;B
20240429;102844;51.18;1470;10234673604;B
20240429;102844;51.19;1000;10234673605;B
20240429;102844;51.19;1000;10234673606;B
20240429;102844;51.19;290;10234673607;B
20240429;102846;51.15;10;10234674131;S
20240429;102846;51.15;30;10234674132;S
20240429;102846;51.19;10;10234674165;B
20240429;102849;51.19;100;10234674552;B
20240429;102858;51.19;190;10234675416;B
20240429;102900;51.19;540;10234675622;B
20240429;102900;51.19;200;10234675623;B
20240429;102900;51.19;10;10234675624;B
20240429;102900;51.2;1000;10234675625;B
20240429;102900;51.2;2000;10234675626;B
20240429;102900;51.2;100;10234675627;B
20240429;102900;51.2;3000;10234675628;B
20240429;102900;51.2;7040;10234675629;B
20240429;102900;51.2;1000;10234675630;B
20240429;102900;51.2;770;10234675631;B
20240429;102900;51.21;1000;10234675632;B
20240429;102900;51.21;1000;10234675633;B
20240429;102900;51.21;80;10234675634;B
20240429;102900;51.21;700;10234675635;B
20240429;102900;51.21;3000;10234675636;B
20240429;102900;51.22;1000;10234675637;B
20240429;102900;51.22;1000;10234675638;B
20240429;102900;51.22;10;10234675639;B
20240429;102900;51.23;1000;10234675640;B
20240429;102900;51.23;1000;10234675641;B
20240429;102900;51.23;800;10234675642;B
20240429;102900;51.24;1000;10234675643;B
20240429;102900;51.24;11000;10234675644;B
20240429;102900;51.24;3500;10234675645;B
20240429;102900;51.25;1000;10234675646;B
20240429;102900;51.25;10;10234675647;B
20240429;102900;51.25;10000;10234675648;B
20240429;102900;51.25;4000;10234675649;B
20240429;102900;51.25;2000;10234675650;B
20240429;102900;51.26;240;10234675651;B
20240429;102900;51.24;440;10234675702;S
20240429;102901;51.25;5000;10234675759;B
20240429;102902;51.26;30;10234675815;B
20240429;102902;51.26;290;10234675836;B
20240429;102902;51.27;1000;10234675837;B
20240429;102902;51.27;3710;10234675838;B
20240429;102902;51.27;3310;10234675847;B
20240429;102902;51.28;500;10234675848;B
20240429;102902;51.28;1150;10234675849;B
20240429;102902;51.28;40;10234675850;B
20240429;102902;51.27;5000;10234675869;B
20240429;102903;51.27;760;10234675907;B
20240429;102903;51.28;400;10234675908;B
20240429;102903;51.28;840;10234675909;B
20240429;102904;51.27;10;10234676054;B
20240429;102905;51.26;40;10234676143;S
20240429;102908;51.27;10;10234676663;B
20240429;102913;51.27;10;10234677623;B
20240429;102919;51.26;10;10234678970;B
20240429;102924;51.25;10;10234679776;B
20240429;102925;51.26;10;10234679869;B
20240429;102925;51.27;30;10234679870;B
20240429;102925;51.27;30;10234679871;B
20240429;102926;51.26;50;10234679928;S
20240429;102927;51.26;220;10234680071;S
20240429;102927;51.27;10;10234680144;B
20240429;102931;51.26;10;10234680567;S
20240429;102932;51.27;10;10234680650;B
20240429;102932;51.27;100;10234680707;B
20240429;102933;51.27;10;10234680737;B
20240429;102938;51.27;20;10234681262;B
20240429;102941;51.27;10;10234681581;B
20240429;102946;51.27;10;10234682198;B
20240429;102947;51.27;10;10234682206;B
20240429;102947;51.27;10;10234682225;B
20240429;102950;51.27;10;10234682535;B
20240429;102951;51.26;10;10234682595;S
20240429;102956;51.27;520;10234683297;B
20240429;103003;51.26;40;10234684866;S
20240429;103005;51.27;10;10234685254;B
20240429;103015;51.27;10;10234686714;B
20240429;103024;51.26;10;10234688057;S
20240429;103032;51.27;10;10234689495;B
20240429;103032;51.27;10;10234689560;B
20240429;103034;51.27;10;10234689915;B
20240429;103043;51.26;1660;10234691997;S
20240429;103043;51.26;10;10234691998;S
20240429;103043;51.26;10;10234691999;S
20240429;103043;51.26;10;10234692000;S
20240429;103043;51.26;180;10234692001;S
20240429;103045;51.23;20;10234692615;B
20240429;103048;51.22;130;10234692849;S
20240429;103048;51.22;130;10234692861;S
20240429;103049;51.23;10;10234692926;B
20240429;103053;51.22;400;10234693279;S
20240429;103053;51.22;10;10234693282;S
20240429;103053;51.22;10;10234693293;S
20240429;103054;51.26;2030;10234693631;B
20240429;103054;51.26;80;10234693632;B
20240429;103054;51.26;1370;10234693633;B
20240429;103054;51.27;150;10234693634;B
20240429;103054;51.27;200;10234693635;B
20240429;103054;51.27;7020;10234693636;B
20240429;103054;51.27;760;10234693637;B
20240429;103054;51.28;2000;10234693638;B
20240429;103054;51.28;50;10234693639;B
20240429;103054;51.28;50;10234693640;B
20240429;103054;51.28;100;10234693641;B
20240429;103054;51.28;1000;10234693642;B
20240429;103054;51.28;5040;10234693643;B
20240429;103054;51.29;10;10234693719;B
20240429;103101;51.28;10;10234694333;B
20240429;103101;51.28;10;10234694386;B
20240429;103104;51.28;10;10234694631;B
20240429;103104;51.29;49990;10234694632;B
20240429;103104;51.29;100;10234694633;B
20240429;103104;51.29;10;10234694634;B
20240429;103104;51.29;770;10234694635;B
20240429;103104;51.3;20860;10234694636;B
20240429;103106;51.3;10;10234694812;B
20240429;103106;51.3;10000;10234694834;B
20240429;103106;51.29;20;10234694871;S
20240429;103109;51.3;19130;10234695063;B
20240429;103109;51.3;10;10234695064;B
20240429;103109;51.3;10;10234695065;B
20240429;103109;51.3;500;10234695066;B
20240429;103109;51.3;10;10234695067;B
20240429;103109;51.3;10;10234695068;B
20240429;103109;51.3;10;10234695069;B
20240429;103109;51.3;10;10234695070;B
20240429;103109;51.3;10;10234695071;B
20240429;103109;51.3;10;10234695072;B
20240429;103109;51.3;10;10234695073;B
20240429;103109;51.3;10;10234695074;B
20240429;103109;51.3;10;10234695075;B
20240429;103109;51.3;10;10234695076;B
20240429;103109;51.3;100;10234695077;B
20240429;103109;51.3;10;10234695078;B
20240429;103109;51.31;1520;10234695079;B
20240429;103109;51.31;10;10234695080;B
20240429;103109;51.31;200;10234695081;B
20240429;103109;51.31;3000;10234695082;B
20240429;103109;51.31;770;10234695083;B
20240429;103109;51.32;10;10234695084;B
20240429;103109;51.32;200;10234695085;B
20240429;103109;51.32;1000;10234695086;B
20240429;103109;51.32;1000;10234695087;B
20240429;103109;51.32;520;10234695088;B
20240429;103109;51.32;1000;10234695089;B
20240429;103109;51.32;200;10234695090;S
20240429;103109;51.32;700;10234695091;S
20240429;103109;51.32;10;10234695110;S
20240429;103109;51.33;20;10234695114;B
20240429;103109;51.32;10;10234695121;S
20240429;103109;51.32;10;10234695129;S
20240429;103109;51.33;180;10234695154;B
20240429;103110;51.33;10;10234695180;S
20240429;103112;51.34;10;10234695352;B
20240429;103113;51.34;10;10234695425;B
20240429;103116;51.34;10;10234695724;B
20240429;103117;51.34;70;10234695777;B
20240429;103117;51.34;10;10234695778;B
20240429;103117;51.34;10;10234695779;B
20240429;103117;51.34;200;10234695780;B
20240429;103117;51.34;10;10234695781;B
20240429;103117;51.34;1000;10234695782;B
20240429;103117;51.35;10;10234695783;B
20240429;103117;51.35;2690;10234695784;B
20240429;103118;51.35;810;10234695881;B
20240429;103118;51.35;600;10234695882;B
20240429;103118;51.36;590;10234695883;B
20240429;103119;51.36;10;10234696012;S
20240429;103127;51.37;250;10234696639;B
20240429;103127;51.37;720;10234696640;B
20240429;103127;51.37;1000;10234696641;B
20240429;103127;51.38;30;10234696642;B
20240429;103127;51.38;760;10234696643;B
20240429;103127;51.39;80;10234696644;B
20240429;103127;51.39;100;10234696645;B
20240429;103127;51.39;30;10234696646;B
20240429;103127;51.39;200;10234696647;B
20240429;103127;51.4;10;10234696648;B
20240429;103127;51.4;500;10234696649;B
20240429;103127;51.4;2000;10234696650;B
20240429;103127;51.4;10;10234696651;B
20240429;103127;51.4;7000;10234696652;B
20240429;103127;51.4;720;10234696653;S
20240429;103127;51.41;960;10234696654;B
20240429;103127;51.42;40;10234696655;B
20240429;103130;51.4;10;10234696824;S
20240429;103133;51.41;10;10234697115;B
20240429;103137;51.4;10;10234697410;S
20240429;103139;51.41;100;10234697553;B
20240429;103139;51.41;1000;10234697554;B
20240429;103139;51.42;1940;10234697555;B
20240429;103139;51.42;3960;10234697556;B
20240429;103139;51.43;100;10234697557;B
20240429;103139;51.42;1000;10234697559;S
20240429;103139;51.42;300;10234697560;S
20240429;103139;51.42;200;10234697561;S
20240429;103139;51.42;440;10234697574;S
20240429;103139;51.43;60;10234697576;B
20240429;103139;51.43;3820;10234697657;B
20240429;103141;51.43;10;10234697828;B
20240429;103145;51.43;10;10234698036;B
20240429;103149;51.42;60;10234698303;S
20240429;103149;51.42;10;10234698304;S
20240429;103149;51.42;300;10234698315;S
20240429;103149;51.42;40;10234698317;S
20240429;103149;51.43;980;10234698327;B
20240429;103149;51.43;10;10234698328;B
20240429;103149;51.43;1370;10234698329;B
20240429;103153;51.44;10;10234698587;B
20240429;103157;51.43;340;10234698950;S
20240429;103157;51.44;1000;10234698967;B
20240429;103159;51.43;10;10234699094;S
20240429;103200;51.44;980;10234699253;B
20240429;103200;51.44;700;10234699254;B
20240429;103200;51.44;1000;10234699255;B
20240429;103200;51.45;10;10234699256;B
20240429;103200;51.45;2000;10234699257;B
20240429;103200;51.45;750;10234699258;B
20240429;103200;51.46;10;10234699259;B
20240429;103200;51.46;1990;10234699260;B
20240429;103200;51.46;1370;10234699261;B
20240429;103200;51.47;1190;10234699262;B
20240429;103201;51.46;30;10234699275;B
20240429;103201;51.47;150;10234699288;B
20240429;103204;51.45;1600;10234699563;S
20240429;103204;51.45;80;10234699564;S
20240429;103205;51.44;240;10234699649;S
20240429;103207;51.45;10;10234699720;B
20240429;103210;51.45;910;10234699987;B
20240429;103210;51.45;90;10234699988;B
20240429;103212;51.45;10;10234700213;B
20240429;103213;51.45;240;10234700309;S
20240429;103215;51.45;300;10234700476;S
20240429;103216;51.46;30;10234700531;B
20240429;103219;51.45;10;10234700972;S
20240429;103220;51.46;10;10234701122;B
20240429;103221;51.46;290;10234701275;B
20240429;103221;51.46;40;10234701276;B
20240429;103221;51.46;1330;10234701318;B
20240429;103221;51.46;2000;10234701319;B
20240429;103221;51.46;730;10234701320;B
20240429;103221;51.47;10;10234701321;B
20240429;103221;51.47;5930;10234701322;B
20240429;103223;51.45;1190;10234701575;S
20240429;103223;51.45;10;10234701576;S
20240429;103225;51.45;10;10234701774;B
20240429;103229;51.44;10;10234702122;S
20240429;103231;51.45;700;10234702309;B
20240429;103233;51.45;1290;10234702536;B
20240429;103237;51.44;20;10234702953;S
20240429;103245;51.44;40;10234703549;S
20240429;103246;51.44;60;10234703640;S
20240429;103251;51.44;500;10234704986;S
20240429;103255;51.45;10;10234706250;B
20240429;103258;51.45;10;10234707188;B
20240429;103302;51.45;10;10234708082;B
20240429;103309;51.44;10;10234710057;S
20240429;103309;51.44;10;10234710070;S
20240429;103309;51.44;10;10234710105;S
20240429;103309;51.44;10;10234710132;S
20240429;103309;51.44;10;10234710150;S
20240429;103313;51.45;10;10234711109;B
20240429;103316;51.45;6000;10234711629;B
20240429;103321;51.44;360;10234712357;S
20240429;103323;51.45;50;10234712518;B
20240429;103325;51.45;10;10234712723;B
20240429;103327;51.45;400;10234712869;B
20240429;103327;51.44;970;10234712890;S
20240429;103327;51.44;10;10234712891;S
20240429;103327;51.44;200;10234712892;S
20240429;103327;51.44;730;10234712893;S
20240429;103327;51.43;1000;10234712894;S
20240429;103327;51.43;570;10234712895;S
20240429;103327;51.43;1720;10234712896;S
20240429;103328;51.44;10;10234712925;B
20240429;103328;51.44;10;10234712931;B
20240429;103328;51.44;10;10234712939;B
20240429;103328;51.44;10;10234712957;B
20240429;103329;51.44;40;10234713053;B
20240429;103329;51.44;1290;10234713102;B
20240429;103329;51.44;1000;10234713103;B
20240429;103329;51.45;90;10234713104;B
20240429;103329;51.45;30;10234713105;B
20240429;103329;51.45;3400;10234713106;B
20240429;103329;51.46;550;10234713107;B
20240429;103329;51.47;10;10234713108;B
20240429;103329;51.47;2530;10234713109;B
20240429;103329;51.47;10;10234713110;B
20240429;103329;51.47;1090;10234713111;B
20240429;103353;51.44;10;10234715000;S
20240429;103358;51.45;30;10234715443;B
20240429;103358;51.45;20;10234715467;B
20240429;103403;51.46;10;10234715816;B
20240429;103410;51.46;20;10234716653;B
20240429;103410;51.46;700;10234716654;B
20240429;103419;51.46;10;10234718114;B
20240429;103424;51.46;10;10234718800;B
20240429;103424;51.45;10;10234718823;S
20240429;103429;51.45;10;10234719490;B
20240429;103429;51.45;990;10234719505;B
20240429;103429;51.45;710;10234719506;B
20240429;103429;51.46;100;10234719507;B
20240429;103429;51.46;620;10234719508;B
20240429;103433;51.47;10;10234719823;B
20240429;103436;51.47;30;10234720395;B
20240429;103437;51.47;2490;10234720553;B
20240429;103437;51.47;200;10234720554;B
20240429;103437;51.47;100;10234720555;B
20240429;103437;51.47;1370;10234720556;B
20240429;103437;51.47;5840;10234720557;B
20240429;103437;51.47;30;10234720562;B
20240429;103437;51.46;10;10234720633;S
20240429;103444;51.47;970;10234721480;B
20240429;103444;51.47;720;10234721481;B
20240429;103444;51.47;320;10234721482;B
20240429;103444;51.47;2530;10234721483;B
20240429;103444;51.47;1370;10234721484;B
20240429;103444;51.47;200;10234721485;B
20240429;103444;51.47;700;10234721486;S
20240429;103444;51.47;600;10234721487;S
20240429;103444;51.47;900;10234721488;S
20240429;103444;51.47;300;10234721489;S
20240429;103444;51.48;20;10234721526;B
20240429;103444;51.47;240;10234721528;S
20240429;103453;51.48;20;10234722338;B
20240429;103454;51.48;10;10234722425;B
20240429;103454;51.48;4100;10234722503;B
20240429;103459;51.48;3680;10234722918;B
20240429;103459;51.48;720;10234722919;B
20240429;103459;51.48;200;10234722920;B
20240429;103459;51.48;750;10234722921;B
20240429;103459;51.49;80;10234722922;B
20240429;103459;51.49;450;10234722923;B
20240429;103459;51.49;200;10234722924;B
20240429;103459;51.49;300;10234722925;B
20240429;103459;51.49;1370;10234722926;B
20240429;103502;51.5;10;10234723164;B
20240429;103503;51.5;50;10234723192;B
20240429;103503;51.5;50;10234723193;B
20240429;103503;51.5;40;10234723212;B
20240429;103503;51.5;10;10234723213;B
20240429;103503;51.5;1950;10234723214;B
20240429;103503;51.5;10;10234723227;B
20240429;103503;51.5;460;10234723228;B
20240429;103503;51.5;10;10234723229;B
20240429;103503;51.5;200;10234723230;B
20240429;103503;51.5;50;10234723231;B
20240429;103503;51.5;750;10234723232;B
20240429;103503;51.51;20;10234723233;B
20240429;103503;51.51;200;10234723234;B
20240429;103503;51.51;220;10234723235;B
20240429;103503;51.5;500;10234723236;S
20240429;103503;51.5;100;10234723237;S
20240429;103503;51.51;250;10234723244;B
20240429;103506;51.51;690;10234723430;B
20240429;103506;51.51;740;10234723431;B
20240429;103506;51.52;700;10234723432;B
20240429;103506;51.52;50;10234723433;B
20240429;103506;51.52;1000;10234723434;B
20240429;103506;51.52;500;10234723435;B
20240429;103506;51.52;1950;10234723436;B
20240429;103506;51.52;200;10234723437;B
20240429;103506;51.52;200;10234723438;B
20240429;103506;51.52;1000;10234723439;B
20240429;103506;51.53;10;10234723440;B
20240429;103506;51.53;2000;10234723441;B
20240429;103506;51.53;960;10234723442;B
20240429;103506;51.52;900;10234723481;S
20240429;103506;51.52;900;10234723482;S
20240429;103507;51.52;200;10234723617;S
20240429;103510;51.51;10;10234723825;S
20240429;103510;51.5;270;10234723826;S
20240429;103512;51.52;240;10234723975;B
20240429;103512;51.52;750;10234723976;B
20240429;103512;51.52;200;10234723977;B
20240429;103512;51.53;1040;10234723978;B
20240429;103512;51.53;13540;10234723979;B
20240429;103512;51.53;1000;10234723980;B
20240429;103512;51.53;10;10234723981;B
20240429;103512;51.53;10;10234723982;B
20240429;103512;51.53;300;10234723983;B
20240429;103512;51.53;120;10234723984;B
20240429;103512;51.53;3940;10234723985;B
20240429;103516;51.53;30;10234724430;B
20240429;103517;51.52;200;10234724453;S
20240429;103517;51.53;170;10234724474;B
20240429;103517;51.53;750;10234724475;B
20240429;103517;51.53;10;10234724476;B
20240429;103517;51.54;24430;10234724477;B
20240429;103518;51.54;5000;10234724569;B
20240429;103519;51.54;200;10234724674;B
20240429;103521;51.53;500;10234724889;S
20240429;103521;51.53;50;10234724890;S
20240429;103521;51.53;20;10234724905;B
20240429;103523;51.53;50;10234725132;B
20240429;103524;51.53;380;10234725178;B
20240429;103524;51.53;400;10234725179;B
20240429;103524;51.53;1000;10234725180;B
20240429;103524;51.54;2460;10234725181;B
20240429;103524;51.54;40;10234725182;B
20240429;103524;51.54;1950;10234725183;B
20240429;103524;51.54;2300;10234725184;B
20240429;103524;51.54;200;10234725185;B
20240429;103524;51.54;1940;10234725186;B
20240429;103524;51.54;400;10234725187;B
20240429;103524;51.54;10;10234725188;B
20240429;103524;51.54;760;10234725189;B
20240429;103524;51.55;10;10234725190;B
20240429;103524;51.55;500;10234725191;B
20240429;103524;51.55;20;10234725192;B
20240429;103524;51.55;1760;10234725193;B
20240429;103524;51.55;1370;10234725194;B
20240429;103524;51.56;1920;10234725195;B
20240429;103524;51.56;1000;10234725196;B
20240429;103524;51.56;600;10234725197;B
20240429;103524;51.56;6980;10234725198;B
20240429;103524;51.57;1000;10234725199;B
20240429;103524;51.57;700;10234725200;B
20240429;103524;51.57;2530;10234725201;B
20240429;103524;51.58;7500;10234725202;B
20240429;103524;51.58;1990;10234725203;B
20240429;103524;51.58;1000;10234725204;B
20240429;103524;51.58;800;10234725205;B
20240429;103524;51.58;8720;10234725206;B
20240429;103524;51.58;2000;10234725207;B
20240429;103524;51.58;500;10234725208;B
20240429;103524;51.59;50;10234725209;B
20240429;103524;51.59;1000;10234725210;B
20240429;103524;51.59;900;10234725211;B
20240429;103524;51.59;10000;10234725212;B
20240429;103524;51.59;2500;10234725213;B
20240429;103524;51.6;10;10234725214;B
20240429;103524;51.6;1000;10234725215;B
20240429;103524;51.6;430;10234725216;B
20240429;103524;51.6;420;10234725217;B
20240429;103524;51.6;500;10234725218;B
20240429;103524;51.6;5500;10234725219;B
20240429;103524;51.6;2000;10234725220;B
20240429;103524;51.6;1990;10234725221;B
20240429;103524;51.6;10;10234725222;B
20240429;103524;51.6;1000;10234725223;B
20240429;103524;51.6;1000;10234725224;B
20240429;103524;51.6;10000;10234725225;B
20240429;103524;51.6;1350;10234725226;B
20240429;103524;51.6;800;10234725227;S
20240429;103524;51.6;500;10234725228;S
20240429;103524;51.6;3200;10234725229;S
20240429;103524;51.6;400;10234725230;S
20240429;103524;51.6;900;10234725231;S
20240429;103524;51.6;1200;10234725232;S
20240429;103524;51.6;600;10234725233;S
20240429;103524;51.6;600;10234725234;S
20240429;103524;51.61;100;10234725235;B
20240429;103524;51.6;100;10234725236;S
20240429;103524;51.6;900;10234725237;S
20240429;103524;51.6;1000;10234725238;S
20240429;103524;51.6;1000;10234725239;S
20240429;103524;51.6;1120;10234725241;S
20240429;103525;51.6;10;10234725307;S
20240429;103525;51.6;10;10234725321;S
20240429;103525;51.6;10;10234725322;S
20240429;103525;51.61;1000;10234725347;B
20240429;103525;51.61;1000;10234725348;B
20240429;103526;51.61;40;10234725409;B
20240429;103526;51.61;1480;10234725423;B
20240429;103527;51.61;10;10234725535;S
20240429;103528;51.62;1950;10234725658;B
20240429;103528;51.62;1200;10234725659;B
20240429;103528;51.63;1300;10234725660;B
20240429;103528;51.63;1010;10234725661;B
20240429;103528;51.63;1120;10234725662;B
20240429;103528;51.64;1950;10234725663;B
20240429;103528;51.64;1400;10234725664;B
20240429;103528;51.65;10;10234725665;B
20240429;103528;51.65;60;10234725666;B
