<DATE>;<TIME>;<LAST>;<VOL>;<ID>;<OPER>
20240402;095933;48.65;80;10010509800;S
20240402;095933;48.65;40;10010509801;S
20240402;095933;48.65;10;10010509802;S
20240402;095933;48.65;20;10010509803;B
20240402;095933;48.65;10;10010509804;B
20240402;095933;48.65;10;10010509805;B
20240402;095933;48.65;70;10010509806;B
20240402;095933;48.65;70;10010509807;B
20240402;095933;48.65;40;10010509808;B
20240402;095933;48.65;70;10010509809;B
20240402;095933;48.65;10;10010509810;B
20240402;095933;48.65;2500;10010509811;B
20240402;095933;48.65;40;10010509812;B
20240402;095933;48.65;250;10010509813;B
20240402;095933;48.65;300;10010509814;B
20240402;095933;48.65;10;10010509815;B
20240402;095933;48.65;300;10010509816;B
20240402;095933;48.65;10;10010509817;B
20240402;095933;48.65;10;10010509818;B
20240402;095933;48.65;10;10010509819;B
20240402;095933;48.65;40;10010509820;B
20240402;095933;48.65;2190;10010509821;B
20240402;095933;48.65;80;10010509822;B
20240402;095933;48.65;20;10010509823;B
20240402;095933;48.65;10;10010509824;B
20240402;095933;48.65;10;10010509825;B
20240402;095933;48.65;790;10010509826;B
20240402;095933;48.65;70;10010509827;B
20240402;095933;48.65;70;10010509828;B
20240402;095933;48.65;110;10010509829;B
20240402;095933;48.65;250;10010509830;B
20240402;095933;48.65;430;10010509831;B
20240402;095933;48.65;200;10010509832;B
20240402;095933;48.65;1080;10010509833;B
20240402;095933;48.65;100;10010509834;B
20240402;095933;48.65;10;10010509835;B
20240402;095933;48.65;10;10010509836;B
20240402;095933;48.65;10;10010509837;S
20240402;095933;48.65;490;10010509838;S
20240402;095933;48.65;20;10010509839;S
20240402;095933;48.65;1000;10010509840;S
20240402;095933;48.65;490;10010509841;S
20240402;095933;48.65;100;10010509842;S
20240402;095933;48.65;410;10010509843;S
20240402;095933;48.65;220;10010509844;S
20240402;095933;48.65;40;10010509845;S
20240402;095933;48.65;1830;10010509846;S
20240402;095933;48.65;10;10010509847;S
20240402;095933;48.65;20;10010509848;S
20240402;095933;48.65;190;10010509849;B
20240402;095933;48.65;10;10010509850;B
20240402;095933;48.65;420;10010509851;S
20240402;095933;48.65;110;10010509852;B
20240402;095933;48.65;270;10010509853;B
20240402;095933;48.65;50;10010509854;S
20240402;095933;48.65;30;10010509855;S
20240402;095933;48.65;100;10010509856;S
20240402;095933;48.65;700;10010509857;S
20240402;095933;48.65;350;10010509858;B
20240402;095933;48.65;10;10010509859;S
20240402;095933;48.65;490;10010509860;S
20240402;095933;48.65;90;10010509861;B
20240402;095933;48.65;340;10010509862;B
20240402;095933;48.65;570;10010509863;B
20240402;095933;48.65;10;10010509864;B
20240402;095933;48.65;10;10010509865;B
20240402;095933;48.65;10;10010509866;B
20240402;095933;48.65;10;10010509867;B
20240402;095933;48.65;4390;10010509868;S
20240402;095933;48.65;70;10010509869;B
20240402;095933;48.65;100;10010509870;S
20240402;095933;48.65;20;10010509871;S
20240402;095933;48.65;1000;10010509872;S
20240402;095933;48.65;1210;10010509873;B
20240402;095933;48.65;70;10010509874;B
20240402;095933;48.65;30;10010509875;B
20240402;095933;48.65;20;10010509876;B
20240402;095933;48.65;2000;10010509877;B
20240402;095933;48.65;10;10010509878;B
20240402;095933;48.65;10;10010509879;B
20240402;095933;48.65;800;10010509880;B
20240402;095933;48.65;1000;10010509881;B
20240402;095933;48.65;600;10010509882;B
20240402;095933;48.65;100;10010509883;B
20240402;095933;48.65;10;10010509884;B
20240402;095933;48.65;400;10010509885;S
20240402;095933;48.65;10;10010509886;S
20240402;095933;48.65;580;10010509887;S
20240402;095933;48.65;100;10010509888;S
20240402;095933;48.65;50;10010509889;S
20240402;095933;48.65;90;10010509890;S
20240402;095933;48.65;110;10010509891;S
20240402;095933;48.65;10;10010509892;B
20240402;095933;48.65;10;10010509893;B
20240402;095933;48.65;60;10010509894;B
20240402;095933;48.65;10;10010509895;B
20240402;095933;48.65;10;10010509896;B
20240402;095933;48.65;20;10010509897;B
20240402;095933;48.65;10;10010509898;B
20240402;095933;48.65;50;10010509899;B
20240402;095933;48.65;20;10010509900;B
20240402;095933;48.65;100;10010509901;B
20240402;095933;48.65;5000;10010509902;B
20240402;095933;48.65;10;10010509903;B
20240402;095933;48.65;10;10010509904;B
20240402;095933;48.65;20;10010509905;B
20240402;095933;48.65;300;10010509906;B
20240402;095933;48.65;100;10010509907;S
20240402;095933;48.65;500;10010509908;S
20240402;095933;48.65;10;10010509909;S
20240402;095933;48.65;5000;10010509910;S
20240402;095933;48.65;10;10010509911;S
20240402;095933;48.65;10;10010509912;S
20240402;095933;48.65;130;10010509913;S
20240402;095933;48.65;20;10010509914;S
20240402;095933;48.65;30;10010509915;S
20240402;095933;48.65;40;10010509916;S
20240402;095933;48.65;20;10010509917;S
20240402;095933;48.65;1000;10010509918;S
20240402;095933;48.65;30;10010509919;S
20240402;095933;48.65;2640;10010509920;S
20240402;095933;48.65;5250;10010509921;S
20240402;095933;48.65;50;10010509922;S
20240402;095933;48.65;20;10010509923;S
20240402;095933;48.65;10;10010509924;S
20240402;095933;48.65;10;10010509925;S
20240402;095933;48.65;160;10010509926;S
20240402;095933;48.65;160;10010509927;S
20240402;095933;48.65;50;10010509928;S
20240402;095933;48.65;50;10010509929;S
20240402;095933;48.65;100;10010509930;S
20240402;095933;48.65;420;10010509931;S
20240402;100000;48.66;10;10010517355;B
20240402;100000;48.66;100;10010517356;B
20240402;100000;48.66;10;10010517357;B
20240402;100000;48.66;20;10010517358;B
20240402;100000;48.67;100;10010517429;B
20240402;100000;48.67;1000;10010517430;B
20240402;100000;48.68;10;10010517492;B
20240402;100000;48.68;20;10010517493;B
20240402;100000;48.67;50;10010517708;S
20240402;100000;48.69;100;10010517937;B
20240402;100001;48.69;400;10010518583;B
20240402;100001;48.69;30;10010518614;B
20240402;100001;48.69;90;10010518652;B
20240402;100001;48.67;700;10010518803;S
20240402;100001;48.66;7390;10010518804;S
20240402;100001;48.66;800;10010518805;S
20240402;100001;48.66;490;10010518806;S
20240402;100001;48.65;620;10010518807;S
20240402;100003;48.69;20;10010520672;B
20240402;100004;48.66;500;10010521283;S
20240402;100004;48.68;20;10010521747;B
20240402;100004;48.68;10;10010521751;B
20240402;100004;48.68;150;10010521756;B
20240402;100004;48.68;10;10010521766;B
20240402;100004;48.68;200;10010522004;B
20240402;100005;48.68;10;10010522190;B
20240402;100005;48.66;280;10010522218;S
20240402;100005;48.68;10;10010522404;B
20240402;100005;48.68;20;10010522405;B
20240402;100005;48.68;10;10010522407;B
20240402;100005;48.66;50;10010523142;S
20240402;100005;48.68;1620;10010523144;B
20240402;100005;48.69;360;10010523145;B
20240402;100005;48.69;5500;10010523146;B
20240402;100005;48.69;580;10010523147;B
20240402;100005;48.7;100;10010523148;B
20240402;100005;48.7;10;10010523149;B
20240402;100005;48.7;10;10010523150;B
20240402;100005;48.7;500;10010523151;B
20240402;100005;48.7;250;10010523152;B
20240402;100005;48.7;20;10010523153;B
20240402;100005;48.7;10;10010523154;B
20240402;100005;48.7;3040;10010523155;B
20240402;100005;48.7;130;10010523156;B
20240402;100005;48.7;10;10010523228;B
20240402;100005;48.7;10;10010523229;B
20240402;100005;48.7;10;10010523230;B
20240402;100005;48.7;50;10010523231;B
20240402;100005;48.7;10;10010523233;B
20240402;100005;48.7;10;10010523460;B
20240402;100005;48.67;40;10010523462;S
20240402;100005;48.7;10;10010523465;B
20240402;100005;48.66;6560;10010523467;S
20240402;100005;48.65;40;10010523468;S
20240402;100005;48.65;20;10010523469;S
20240402;100005;48.65;4440;10010523470;S
20240402;100005;48.65;1000;10010523471;S
20240402;100005;48.65;20;10010523472;S
20240402;100005;48.65;20;10010523473;S
20240402;100005;48.65;470;10010523474;S
20240402;100005;48.65;570;10010523475;S
20240402;100005;48.64;30;10010523476;S
20240402;100005;48.64;10000;10010523477;S
20240402;100005;48.64;450;10010523478;S
20240402;100005;48.64;630;10010523479;S
20240402;100005;48.63;10;10010523480;S
20240402;100005;48.63;10;10010523481;S
20240402;100005;48.63;10;10010523482;S
20240402;100005;48.63;10;10010523483;S
20240402;100005;48.63;10;10010523484;S
20240402;100005;48.63;40;10010523485;S
20240402;100005;48.63;100;10010523486;S
20240402;100005;48.63;40;10010523487;S
20240402;100005;48.63;30;10010523488;S
20240402;100005;48.63;30;10010523489;S
20240402;100005;48.63;10;10010523490;S
20240402;100005;48.63;300;10010523491;S
20240402;100005;48.63;20;10010523492;S
20240402;100005;48.63;10;10010523493;S
20240402;100005;48.63;10;10010523494;S
20240402;100005;48.63;30;10010523495;S
20240402;100005;48.63;10;10010523496;S
20240402;100005;48.63;10;10010523497;S
20240402;100005;48.63;30;10010523498;S
20240402;100005;48.63;10;10010523499;S
20240402;100005;48.63;90;10010523500;S
20240402;100005;48.63;600;10010523501;S
20240402;100005;48.63;20;10010523502;S
20240402;100005;48.63;10;10010523503;S
20240402;100005;48.63;10;10010523504;S
20240402;100005;48.63;10;10010523505;S
20240402;100005;48.63;600;10010523506;S
20240402;100005;48.63;10;10010523507;S
20240402;100005;48.63;10;10010523508;S
20240402;100005;48.63;10;10010523509;S
20240402;100005;48.63;3650;10010523510;S
20240402;100006;48.69;10;10010523640;B
20240402;100006;48.69;50;10010523641;B
20240402;100006;48.69;10;10010523643;B
20240402;100006;48.64;30;10010523938;S
20240402;100006;48.69;400;10010524060;B
20240402;100006;48.7;720;10010524061;B
20240402;100006;48.7;10;10010524062;B
20240402;100006;48.71;20;10010524063;B
20240402;100006;48.71;100;10010524064;B
20240402;100006;48.71;560;10010524065;B
20240402;100006;48.71;2060;10010524066;B
20240402;100006;48.72;1000;10010524067;B
20240402;100006;48.72;3000;10010524068;B
20240402;100006;48.72;3090;10010524069;B
20240402;100006;48.72;630;10010524070;B
20240402;100006;48.73;100;10010524071;B
20240402;100006;48.73;3310;10010524072;B
20240402;100006;48.73;10;10010524073;B
20240402;100006;48.73;10;10010524074;B
20240402;100006;48.64;20;10010524075;S
20240402;100006;48.72;30;10010524325;B
20240402;100006;48.73;290;10010524326;B
20240402;100006;48.72;10;10010524583;B
20240402;100006;48.66;50;10010524584;S
20240402;100006;48.66;10;10010524765;S
20240402;100006;48.66;10;10010524767;S
20240402;100006;48.72;10;10010524768;B
20240402;100007;48.71;70;10010524971;B
20240402;100007;48.72;230;10010524972;B
20240402;100007;48.72;20;10010524976;B
20240402;100007;48.66;10;10010524978;S
20240402;100007;48.66;10;10010524981;S
20240402;100007;48.71;10;10010524982;B
20240402;100007;48.72;30;10010524983;B
20240402;100007;48.66;30;10010524986;S
20240402;100007;48.71;10;10010524989;B
20240402;100007;48.71;30;10010524992;B
20240402;100007;48.66;20;10010525122;S
20240402;100007;48.72;10;10010525125;B
20240402;100007;48.72;3270;10010525327;B
20240402;100007;48.72;5500;10010525328;B
20240402;100007;48.73;3770;10010525329;B
20240402;100007;48.74;20;10010525330;B
20240402;100007;48.74;20;10010525331;B
20240402;100007;48.75;80;10010525332;B
20240402;100007;48.75;10;10010525333;B
20240402;100007;48.75;350;10010525334;B
20240402;100007;48.75;20;10010525335;B
20240402;100007;48.75;4000;10010525336;B
20240402;100007;48.76;100;10010525337;B
20240402;100007;48.76;110;10010525338;B
20240402;100007;48.76;330;10010525339;B
20240402;100007;48.76;800;10010525340;B
20240402;100007;48.76;350;10010525341;B
20240402;100007;48.77;340;10010525342;B
20240402;100007;48.77;10;10010525343;B
20240402;100007;48.77;800;10010525344;B
20240402;100007;48.78;1000;10010525345;B
20240402;100007;48.78;10;10010525346;B
20240402;100007;48.78;340;10010525347;B
20240402;100007;48.78;3000;10010525348;B
20240402;100007;48.79;100;10010525349;B
20240402;100007;48.79;50;10010525350;B
20240402;100007;48.79;700;10010525351;B
20240402;100007;48.8;500;10010525352;B
20240402;100007;48.8;10;10010525353;B
20240402;100007;48.8;3000;10010525354;B
20240402;100007;48.8;10;10010525355;B
20240402;100007;48.8;500;10010525356;B
20240402;100007;48.8;20;10010525357;B
20240402;100007;48.8;30;10010525358;B
20240402;100007;48.81;2500;10010525359;B
20240402;100007;48.82;20;10010525360;B
20240402;100007;48.82;100;10010525361;B
20240402;100007;48.82;140;10010525362;B
20240402;100007;48.83;50;10010525363;B
20240402;100007;48.83;3040;10010525364;B
20240402;100007;48.81;7390;10010525372;B
20240402;100007;48.83;670;10010525373;B
20240402;100007;48.83;2060;10010525374;B
20240402;100007;48.84;19880;10010525375;B
20240402;100007;48.83;10;10010525942;B
20240402;100007;48.75;10;10010525944;S
20240402;100007;48.83;10;10010525946;B
20240402;100007;48.83;10;10010525960;B
20240402;100007;48.77;10;10010526049;S
20240402;100007;48.77;40;10010526060;S
20240402;100007;48.77;50;10010526061;S
20240402;100007;48.77;20;10010526064;S
20240402;100007;48.83;10;10010526184;B
20240402;100007;48.83;10;10010526188;B
20240402;100007;48.77;10;10010526191;S
20240402;100007;48.83;10;10010526195;B
20240402;100007;48.77;30;10010526197;S
20240402;100007;48.83;3000;10010526199;B
20240402;100008;48.77;20;10010526867;S
20240402;100008;48.77;10;10010526868;S
20240402;100008;48.81;10;10010526870;B
20240402;100008;48.81;10;10010526877;B
20240402;100008;48.77;70;10010526881;S
20240402;100008;48.75;30;10010526882;S
20240402;100008;48.79;250;10010527184;B
20240402;100008;48.79;10;10010527279;B
20240402;100008;48.75;10;10010527281;S
20240402;100008;48.79;30;10010527340;B
20240402;100008;48.75;10;10010527675;S
20240402;100008;48.79;50;10010527677;B
20240402;100008;48.79;10;10010527678;B
20240402;100008;48.79;10;10010527680;B
20240402;100008;48.75;50;10010527681;S
20240402;100008;48.75;10;10010527682;S
20240402;100008;48.75;20;10010527684;S
20240402;100008;48.75;10;10010527686;S
20240402;100008;48.75;120;10010527691;S
20240402;100008;48.79;200;10010527696;B
20240402;100008;48.79;10;10010527827;B
20240402;100008;48.79;10;10010527834;B
20240402;100008;48.75;30;10010527843;S
20240402;100008;48.75;50;10010527848;S
20240402;100008;48.75;100;10010528091;S
20240402;100008;48.79;10;10010528252;B
20240402;100008;48.75;10;10010528254;S
20240402;100009;48.75;20;10010528259;S
20240402;100009;48.79;20;10010528261;B
20240402;100009;48.79;10;10010528266;B
20240402;100009;48.74;20;10010528271;S
20240402;100009;48.79;10;10010528279;B
20240402;100009;48.79;10;10010528285;B
20240402;100009;48.71;30;10010528509;S
20240402;100010;48.79;780;10010528969;B
20240402;100010;48.79;1160;10010528971;B
20240402;100010;48.79;560;10010529132;B
20240402;100011;48.79;10;10010529334;B
20240402;100011;48.79;30;10010529446;B
20240402;100011;48.73;10;10010529503;S
20240402;100011;48.79;1140;10010529582;B
20240402;100011;48.79;10;10010529600;B
20240402;100011;48.79;80;10010529604;B
20240402;100011;48.79;100;10010529605;B
20240402;100011;48.72;20;10010529625;S
20240402;100011;48.72;10;10010529654;S
20240402;100011;48.79;40;10010529664;B
20240402;100011;48.79;560;10010529747;B
20240402;100012;48.79;270;10010529937;B
20240402;100012;48.79;1500;10010529938;B
20240402;100012;48.79;110;10010529943;B
20240402;100012;48.79;120;10010529944;B
20240402;100012;48.79;20;10010529945;B
20240402;100012;48.79;250;10010529946;B
20240402;100012;48.79;30;10010529947;B
20240402;100012;48.79;50;10010529949;B
20240402;100012;48.79;70;10010529950;B
20240402;100013;48.78;20;10010530393;B
20240402;100013;48.79;110;10010530394;B
20240402;100013;48.79;360;10010530395;B
20240402;100013;48.8;100;10010530396;B
20240402;100013;48.8;580;10010530397;B
20240402;100013;48.79;40;10010530400;B
20240402;100013;48.8;990;10010530401;B
20240402;100013;48.8;80;10010530402;B
20240402;100015;48.73;10;10010530778;S
20240402;100015;48.79;30;10010530928;B
20240402;100015;48.79;10;10010530929;B
20240402;100015;48.8;1960;10010530930;B
20240402;100015;48.74;2060;10010530951;S
20240402;100015;48.73;420;10010530952;S
20240402;100015;48.73;1340;10010530953;S
20240402;100016;48.81;870;10010531143;B
20240402;100017;48.81;6510;10010531549;B
20240402;100017;48.81;7000;10010531550;B
20240402;100017;48.82;300;10010531551;B
20240402;100017;48.83;420;10010531552;B
20240402;100017;48.84;3460;10010531553;B
20240402;100017;48.85;10;10010531554;B
20240402;100017;48.85;450;10010531555;B
20240402;100017;48.85;540;10010531556;B
20240402;100017;48.85;5000;10010531557;B
20240402;100017;48.86;50;10010531558;B
20240402;100017;48.86;4500;10010531559;B
20240402;100017;48.87;400;10010531560;B
20240402;100017;48.88;100;10010531561;B
20240402;100017;48.88;12800;10010531562;B
20240402;100017;48.88;50;10010531563;B
20240402;100017;48.88;10;10010531564;B
20240402;100017;48.88;3800;10010531565;B
20240402;100017;48.88;100;10010531566;B
20240402;100017;48.88;100;10010531567;B
20240402;100017;48.88;500;10010531568;B
20240402;100017;48.89;200;10010531569;B
20240402;100017;48.89;200;10010531570;B
20240402;100017;48.89;4750;10010531571;B
20240402;100017;48.89;20;10010531572;B
20240402;100017;48.89;10000;10010531573;B
20240402;100017;48.9;30;10010531574;B
20240402;100017;48.9;1250;10010531575;B
20240402;100017;48.9;20;10010531576;B
20240402;100017;48.9;250;10010531577;B
20240402;100017;48.9;500;10010531578;B
20240402;100017;48.9;10;10010531579;B
20240402;100017;48.9;10;10010531580;B
20240402;100017;48.9;40;10010531581;B
20240402;100017;48.9;1000;10010531582;B
20240402;100017;48.9;10;10010531583;B
20240402;100017;48.9;610;10010531584;S
20240402;100017;48.9;610;10010531585;S
20240402;100017;48.9;610;10010531586;S
20240402;100017;48.9;610;10010531587;S
20240402;100017;48.9;610;10010531588;S
20240402;100017;48.9;610;10010531589;S
20240402;100017;48.9;610;10010531590;S
20240402;100017;48.9;610;10010531591;S
20240402;100017;48.9;610;10010531592;S
20240402;100017;48.9;5000;10010531593;S
20240402;100017;48.9;5000;10010531594;S
20240402;100017;48.9;5000;10010531595;S
20240402;100017;48.9;4390;10010531596;S
20240402;100017;48.9;4390;10010531597;S
20240402;100017;48.9;4390;10010531598;S
20240402;100017;48.9;3780;10010531599;S
20240402;100017;48.9;3780;10010531600;S
20240402;100017;48.9;3780;10010531601;S
20240402;100017;48.9;3170;10010531602;S
20240402;100017;48.9;3170;10010531603;S
20240402;100017;48.9;3170;10010531604;S
20240402;100017;48.9;2560;10010531605;S
20240402;100017;48.9;2560;10010531606;S
20240402;100017;48.9;980;10010531607;S
20240402;100018;48.8;200;10010531770;S
20240402;100018;48.85;200;10010531993;B
20240402;100018;48.86;800;10010531994;B
20240402;100018;48.86;1260;10010532032;B
20240402;100018;48.87;240;10010532033;B
20240402;100019;48.81;450;10010532090;S
20240402;100019;48.81;100;10010532123;S
20240402;100019;48.81;10;10010532139;S
20240402;100019;48.81;120;10010532196;S
20240402;100019;48.82;10;10010532236;B
20240402;100020;48.81;50;10010532541;B
20240402;100021;48.81;50;10010532587;B
20240402;100021;48.81;1960;10010532623;B
20240402;100021;48.82;70;10010532624;B
20240402;100021;48.82;13500;10010532625;B
20240402;100021;48.83;4470;10010532626;B
20240402;100021;48.83;60;10010532864;B
20240402;100021;48.83;10;10010532866;B
20240402;100024;48.81;1000;10010533457;B
20240402;100024;48.81;100;10010533458;B
20240402;100024;48.82;500;10010533459;B
20240402;100024;48.83;1990;10010533460;B
20240402;100024;48.84;19910;10010533461;B
20240402;100024;48.78;120;10010533584;S
20240402;100025;48.78;5000;10010533923;S
20240402;100027;48.83;2060;10010534292;B
20240402;100027;48.84;5090;10010534461;B
20240402;100027;48.84;5210;10010534462;B
20240402;100027;48.83;40;10010534528;S
20240402;100028;48.83;1000;10010534596;S
20240402;100028;48.83;100;10010534710;S
20240402;100029;48.83;100;10010534838;S
20240402;100029;48.84;10;10010534887;B
20240402;100029;48.84;10;10010534888;B
20240402;100029;48.84;10;10010534918;B
20240402;100029;48.84;1000;10010534919;B
20240402;100029;48.84;1610;10010534920;B
20240402;100029;48.85;1000;10010534921;B
20240402;100029;48.85;5000;10010534922;B
20240402;100029;48.87;7370;10010534923;B
20240402;100029;48.88;2200;10010534924;B
20240402;100029;48.89;10;10010534925;B
20240402;100029;48.89;2060;10010534926;B
20240402;100029;48.9;50;10010534927;B
20240402;100029;48.9;10000;10010534928;B
20240402;100029;48.91;500;10010534929;B
20240402;100029;48.92;1000;10010534930;B
20240402;100029;48.92;20000;10010534931;B
20240402;100029;48.93;200;10010534932;B
20240402;100029;48.93;200;10010534933;B
20240402;100029;48.93;2000;10010534934;B
20240402;100029;48.94;1200;10010534935;B
20240402;100029;48.94;5000;10010534936;B
20240402;100029;48.94;39590;10010534937;B
20240402;100029;48.89;390;10010534981;B
20240402;100029;48.85;480;10010535003;S
20240402;100029;48.85;4520;10010535004;S
20240402;100029;48.86;700;10010535067;B
20240402;100030;48.86;1500;10010535307;B
20240402;100031;48.83;300;10010535703;S
20240402;100031;48.82;10;10010535704;S
20240402;100031;48.83;10;10010535706;S
20240402;100031;48.83;10;10010535707;S
20240402;100031;48.83;10;10010535709;S
20240402;100031;48.83;10;10010535711;S
20240402;100032;48.85;2060;10010535897;B
20240402;100033;48.86;200;10010535991;B
20240402;100033;48.85;200;10010536014;S
20240402;100033;48.86;1000;10010536152;B
20240402;100034;48.85;90;10010536377;S
20240402;100034;48.85;3690;10010536536;S
20240402;100034;48.84;1000;10010536537;S
20240402;100034;48.84;310;10010536538;S
20240402;100036;48.85;250;10010536920;B
20240402;100036;48.84;190;10010537039;S
20240402;100036;48.82;1660;10010537040;S
20240402;100036;48.85;10;10010537059;B
20240402;100037;48.84;10;10010537261;B
20240402;100037;48.85;40;10010537262;B
20240402;100037;48.85;2010;10010537495;B
20240402;100037;48.85;540;10010537496;B
20240402;100038;48.82;1000;10010537532;S
20240402;100038;48.85;20;10010537569;B
20240402;100038;48.82;3700;10010537609;S
20240402;100038;48.82;40;10010537652;B
20240402;100038;48.82;10;10010537661;B
20240402;100038;48.81;10;10010537695;S
20240402;100038;48.81;50;10010537696;S
20240402;100038;48.81;100;10010537697;S
20240402;100038;48.8;40;10010537756;S
20240402;100038;48.79;130;10010537757;S
20240402;100038;48.79;160;10010537758;S
20240402;100039;48.79;150;10010538048;S
20240402;100039;48.79;3560;10010538089;S
20240402;100039;48.79;300;10010538107;S
20240402;100040;48.79;600;10010538395;S
20240402;100040;48.79;620;10010538589;S
20240402;100040;48.77;410;10010538590;S
20240402;100041;48.81;100;10010538676;B
20240402;100042;48.78;50;10010539047;B
20240402;100043;48.77;90;10010539485;S
20240402;100043;48.77;1960;10010539486;S
20240402;100043;48.78;450;10010539513;B
20240402;100043;48.78;3600;10010539514;B
20240402;100044;48.78;1000;10010539935;B
20240402;100044;48.78;1000;10010539947;B
20240402;100045;48.78;300;10010540247;B
20240402;100045;48.78;30;10010540275;B
20240402;100045;48.78;40;10010540333;B
20240402;100045;48.77;3220;10010540538;S
20240402;100047;48.78;100;10010540843;B
20240402;100047;48.78;10;10010540862;B
20240402;100047;48.77;2190;10010541182;S
20240402;100047;48.77;10;10010541183;S
20240402;100047;48.77;40;10010541184;S
20240402;100047;48.77;10;10010541185;S
20240402;100047;48.73;1000;10010541186;S
20240402;100047;48.73;6750;10010541187;S
20240402;100048;48.74;900;10010541221;S
20240402;100048;48.73;500;10010541370;S
20240402;100048;48.73;1000;10010541380;S
20240402;100048;48.75;10;10010541524;B
20240402;100049;48.75;420;10010541774;B
20240402;100049;48.75;50;10010541800;B
20240402;100049;48.72;30;10010541815;S
20240402;100049;48.72;7350;10010541921;S
20240402;100049;48.72;10;10010541922;S
20240402;100049;48.71;1000;10010541923;S
20240402;100049;48.71;800;10010541924;S
20240402;100049;48.7;10;10010541925;S
20240402;100049;48.7;40;10010541926;S
20240402;100049;48.7;420;10010541927;S
20240402;100049;48.7;370;10010541928;S
20240402;100050;48.71;10;10010541973;S
20240402;100050;48.7;10;10010542139;S
20240402;100050;48.75;470;10010542241;B
20240402;100050;48.75;230;10010542242;B
20240402;100051;48.71;500;10010542471;S
20240402;100051;48.75;10;10010542502;B
20240402;100051;48.71;3420;10010542523;S
20240402;100051;48.74;2060;10010542670;B
20240402;100051;48.75;10;10010542671;B
20240402;100051;48.75;14000;10010542672;B
20240402;100051;48.75;1000;10010542673;B
20240402;100051;48.76;70;10010542674;B
20240402;100051;48.77;500;10010542675;B
20240402;100051;48.77;3000;10010542676;B
20240402;100051;48.77;370;10010542677;B
20240402;100051;48.78;80;10010542678;B
20240402;100051;48.78;3910;10010542679;B
20240402;100052;48.71;700;10010542703;S
20240402;100052;48.71;30;10010542715;S
20240402;100052;48.71;2000;10010542894;S
20240402;100052;48.71;730;10010543012;S
20240402;100052;48.71;470;10010543013;S
20240402;100052;48.7;80;10010543014;S
20240402;100052;48.7;700;10010543015;S
20240402;100052;48.69;7420;10010543016;S
20240402;100052;48.68;600;10010543017;S
20240402;100053;48.71;30;10010543114;S
20240402;100053;48.69;180;10010543115;S
20240402;100053;48.69;470;10010543181;S
20240402;100053;48.68;6280;10010543182;S
20240402;100053;48.69;10;10010543195;B
20240402;100054;48.73;240;10010543387;B
20240402;100054;48.67;10;10010543511;S
20240402;100054;48.68;10000;10010543776;B
20240402;100055;48.73;510;10010543864;B
20240402;100055;48.73;140;10010543865;B
20240402;100055;48.67;10;10010543871;S
20240402;100055;48.67;10;10010544152;S
20240402;100056;48.67;5000;10010544348;S
20240402;100056;48.67;10;10010544401;S
20240402;100056;48.71;20;10010544553;B
20240402;100056;48.67;1000;10010544554;S
20240402;100057;48.71;300;10010544784;B
20240402;100057;48.67;10;10010544845;S
20240402;100058;48.71;30;10010545170;B
20240402;100058;48.67;1360;10010545204;S
20240402;100058;48.67;10;10010545205;S
20240402;100058;48.67;470;10010545206;S
20240402;100058;48.66;10000;10010545207;S
20240402;100058;48.65;10;10010545208;S
20240402;100058;48.65;630;10010545209;S
20240402;100058;48.65;80;10010545210;S
20240402;100058;48.65;1000;10010545211;S
20240402;100058;48.64;1440;10010545212;S
20240402;100058;48.65;1000;10010545371;S
20240402;100059;48.71;120;10010545428;B
20240402;100059;48.71;10;10010545429;B
20240402;100059;48.71;10;10010545439;B
20240402;100059;48.65;1000;10010545446;S
20240402;100059;48.71;70;10010545486;B
20240402;100059;48.71;30;10010545487;B
20240402;100059;48.64;1500;10010545523;S
20240402;100059;48.69;20;10010545576;B
20240402;100059;48.64;1060;10010545634;S
20240402;100059;48.64;3940;10010545635;S
20240402;100100;48.64;3450;10010545740;S
20240402;100100;48.64;470;10010545741;S
20240402;100100;48.63;740;10010545742;S
20240402;100100;48.63;10;10010545743;S
20240402;100100;48.63;10;10010545744;S
20240402;100100;48.63;10;10010545745;S
20240402;100100;48.63;20;10010545746;S
20240402;100100;48.63;200;10010545747;S
20240402;100100;48.63;190;10010545748;S
20240402;100100;48.63;40;10010545749;S
20240402;100100;48.63;100;10010545750;S
20240402;100100;48.63;500;10010545751;S
20240402;100100;48.63;440;10010545752;S
20240402;100100;48.63;1000;10010545753;S
20240402;100100;48.63;1820;10010545754;S
20240402;100100;48.64;2500;10010545826;S
20240402;100100;48.69;440;10010545853;B
20240402;100100;48.64;4890;10010545859;S
20240402;100100;48.64;670;10010545860;S
20240402;100100;48.63;3320;10010545861;S
20240402;100100;48.63;40;10010545862;S
20240402;100100;48.63;50;10010545863;S
20240402;100100;48.63;1220;10010545864;S
20240402;100100;48.63;20;10010545865;S
20240402;100100;48.63;50;10010545866;S
20240402;100100;48.63;250;10010545867;S
20240402;100100;48.63;1500;10010545868;S
20240402;100100;48.63;250;10010545869;S
20240402;100100;48.63;960;10010545870;S
20240402;100100;48.62;200;10010545871;S
20240402;100100;48.62;90;10010545872;S
20240402;100100;48.62;1490;10010545873;S
20240402;100100;48.63;10;10010546050;S
20240402;100100;48.63;2050;10010546061;S
20240402;100100;48.62;13820;10010546062;S
20240402;100100;48.62;4130;10010546063;S
20240402;100100;48.66;10;10010546087;B
20240402;100100;48.62;5830;10010546104;S
20240402;100101;48.65;250;10010546405;B
20240402;100101;48.62;40;10010546410;S
20240402;100101;48.62;100;10010546411;S
20240402;100101;48.62;20;10010546412;S
20240402;100101;48.62;200;10010546413;S
20240402;100101;48.62;640;10010546414;S
20240402;100101;48.64;1500;10010546530;B
20240402;100101;48.62;60;10010546618;S
20240402;100101;48.62;1000;10010546619;S
20240402;100101;48.62;800;10010546620;S
20240402;100101;48.62;250;10010546621;S
20240402;100101;48.62;300;10010546622;S
20240402;100101;48.62;10;10010546623;S
20240402;100101;48.61;500;10010546624;S
20240402;100101;48.61;580;10010546625;S
20240402;100102;48.61;1000;10010546745;S
20240402;100102;48.61;820;10010546755;S
20240402;100102;48.61;80;10010546756;S
20240402;100102;48.6;30;10010546777;S
20240402;100102;48.6;2300;10010546778;S
20240402;100102;48.6;20;10010546779;S
20240402;100102;48.6;20;10010546780;S
20240402;100102;48.6;10;10010546781;S
20240402;100102;48.6;390;10010546782;S
20240402;100102;48.6;10;10010546783;S
20240402;100102;48.6;580;10010546784;S
20240402;100102;48.6;5380;10010546785;S
20240402;100102;48.64;10;10010546836;B
20240402;100103;48.64;70;10010547000;B
20240402;100103;48.61;1250;10010547023;S
20240402;100103;48.61;60;10010547030;S
20240402;100103;48.6;50;10010547031;S
20240402;100103;48.61;10;10010547070;S
20240402;100103;48.61;10;10010547121;S
20240402;100103;48.64;170;10010547124;B
20240402;100105;48.61;640;10010547530;S
20240402;100105;48.6;1960;10010547531;S
20240402;100105;48.6;10;10010547532;S
20240402;100105;48.6;660;10010547533;S
20240402;100105;48.6;3930;10010547534;B
20240402;100105;48.64;10;10010547655;B
20240402;100105;48.64;100;10010547656;B
20240402;100105;48.64;40;10010547657;B
20240402;100105;48.6;330;10010547699;S
20240402;100105;48.6;10670;10010547700;S
20240402;100105;48.63;10;10010547793;B
20240402;100105;48.6;40;10010547800;S
20240402;100105;48.6;1290;10010547814;S
20240402;100105;48.6;710;10010547815;B
20240402;100106;48.62;350;10010548001;B
20240402;100106;48.63;900;10010548002;B
20240402;100106;48.63;200;10010548090;B
20240402;100107;48.59;10;10010548290;S
20240402;100107;48.59;10;10010548291;S
20240402;100107;48.6;50;10010548379;B
20240402;100107;48.59;1220;10010548555;S
20240402;100107;48.59;1280;10010548556;B
20240402;100107;48.6;10;10010548621;S
20240402;100108;48.6;180;10010548732;S
20240402;100108;48.58;820;10010548733;S
20240402;100108;48.59;2000;10010548737;B
20240402;100108;48.62;450;10010548750;B
20240402;100108;48.62;6780;10010548751;B
20240402;100108;48.62;7230;10010548752;B
20240402;100108;48.62;4490;10010548753;B
20240402;100108;48.63;10;10010548860;B
20240402;100108;48.63;3380;10010548861;B
20240402;100108;48.63;10;10010548862;B
20240402;100109;48.61;50;10010549152;S
20240402;100109;48.59;470;10010549153;S
20240402;100109;48.59;160;10010549154;S
20240402;100109;48.58;450;10010549155;S
20240402;100109;48.58;100;10010549156;S
20240402;100109;48.58;2060;10010549157;S
20240402;100109;48.58;4000;10010549158;S
20240402;100109;48.57;7400;10010549159;S
20240402;100109;48.57;10;10010549160;S
20240402;100109;48.57;80;10010549161;S
20240402;100109;48.56;420;10010549162;S
20240402;100109;48.55;10;10010549163;S
20240402;100109;48.55;100;10010549164;S
20240402;100109;48.55;4000;10010549165;S
20240402;100109;48.55;4130;10010549166;S
20240402;100109;48.57;250;10010549241;S
20240402;100109;48.62;30;10010549292;B
20240402;100110;48.57;270;10010549512;S
20240402;100110;48.56;7400;10010549513;S
20240402;100110;48.54;480;10010549514;S
20240402;100110;48.53;1850;10010549515;S
20240402;100111;48.55;80;10010549660;S
20240402;100111;48.54;7400;10010549661;S
20240402;100111;48.54;880;10010549662;S
20240402;100111;48.53;13990;10010549663;B
20240402;100111;48.56;490;10010549664;B
20240402;100111;48.55;10;10010549742;S
20240402;100111;48.53;300;10010549819;S
20240402;100111;48.53;700;10010549820;S
20240402;100111;48.53;4000;10010549821;S
20240402;100112;48.53;20;10010549939;S
20240402;100112;48.53;3390;10010550050;S
20240402;100112;48.53;1610;10010550051;S
20240402;100113;48.53;730;10010550192;S
20240402;100113;48.53;10;10010550222;S
20240402;100113;48.55;10;10010550370;S
20240402;100114;48.58;230;10010550466;B
20240402;100114;48.55;90;10010550494;S
20240402;100114;48.54;10;10010550495;S
20240402;100114;48.53;400;10010550496;S
20240402;100114;48.53;5000;10010550611;S
20240402;100115;48.56;250;10010550837;S
20240402;100118;48.56;100;10010551443;S
20240402;100118;48.56;50;10010551489;S
20240402;100118;48.56;120;10010551490;S
20240402;100118;48.56;40;10010551566;S
20240402;100118;48.53;40;10010551567;S
20240402;100118;48.53;140;10010551568;S
20240402;100118;48.52;300;10010551569;S
20240402;100118;48.52;500;10010551570;S
20240402;100118;48.52;100;10010551571;S
20240402;100118;48.52;480;10010551572;S
20240402;100118;48.52;900;10010551573;S
20240402;100118;48.52;50;10010551586;S
20240402;100119;48.56;90;10010551716;B
20240402;100119;48.53;2050;10010551826;B
20240402;100120;48.53;50;10010551935;S
20240402;100120;48.52;10;10010551936;S
20240402;100120;48.52;20;10010551937;S
20240402;100120;48.51;70;10010551938;S
20240402;100120;48.52;30;10010552077;S
20240402;100120;48.51;1930;10010552078;S
20240402;100120;48.51;50;10010552079;S
20240402;100120;48.51;100;10010552080;S
20240402;100120;48.5;2880;10010552081;S
20240402;100120;48.5;20;10010552090;S
20240402;100120;48.5;40;10010552133;S
20240402;100121;48.51;1280;10010552289;S
20240402;100121;48.5;60;10010552290;S
20240402;100121;48.5;100;10010552291;S
20240402;100121;48.5;50;10010552292;S
20240402;100121;48.5;200;10010552293;S
20240402;100121;48.5;10;10010552294;S
20240402;100121;48.5;300;10010552295;S
20240402;100121;48.54;480;10010552382;B
20240402;100121;48.55;1020;10010552383;B
20240402;100121;48.5;10;10010552393;S
20240402;100121;48.5;990;10010552394;S
20240402;100121;48.51;7380;10010552466;B
20240402;100121;48.51;22620;10010552467;B
20240402;100121;48.51;1000;10010552572;S
20240402;100121;48.5;10;10010552573;S
20240402;100121;48.5;10;10010552574;S
20240402;100121;48.5;1000;10010552575;S
20240402;100121;48.5;250;10010552576;S
20240402;100121;48.5;100;10010552577;S
20240402;100121;48.5;960;10010552578;S
20240402;100121;48.5;1110;10010552579;B
20240402;100121;48.5;1110;10010552580;B
20240402;100121;48.5;1110;10010552581;B
20240402;100121;48.5;1110;10010552582;B
20240402;100121;48.5;1110;10010552583;B
20240402;100121;48.5;1110;10010552584;B
20240402;100121;48.5;1110;10010552585;B
20240402;100121;48.5;1110;10010552586;B
20240402;100121;48.5;1110;10010552587;B
20240402;100121;48.5;1110;10010552588;B
20240402;100121;48.5;1110;10010552589;B
20240402;100121;48.5;1110;10010552590;B
20240402;100121;48.5;1110;10010552591;B
20240402;100121;48.5;1110;10010552592;B
20240402;100121;48.5;1110;10010552593;B
20240402;100121;48.5;1110;10010552594;B
20240402;100121;48.5;1110;10010552595;B
20240402;100121;48.5;1110;10010552596;B
20240402;100121;48.5;1110;10010552597;B
20240402;100121;48.5;1110;10010552598;B
20240402;100121;48.5;1110;10010552599;B
20240402;100121;48.5;1110;10010552600;B
20240402;100121;48.5;1110;10010552601;B
20240402;100121;48.5;1110;10010552602;B
20240402;100121;48.5;1110;10010552603;B
20240402;100121;48.5;1110;10010552604;B
20240402;100121;48.5;1110;10010552605;B
20240402;100121;48.5;1110;10010552606;B
20240402;100121;48.5;1110;10010552607;B
20240402;100121;48.5;1110;10010552608;B
20240402;100121;48.5;1110;10010552609;B
20240402;100121;48.5;1110;10010552610;B
20240402;100121;48.5;1110;10010552611;B
20240402;100121;48.5;1110;10010552612;B
20240402;100121;48.5;1110;10010552613;B
20240402;100121;48.5;1110;10010552614;B
20240402;100121;48.5;700;10010552615;B
20240402;100121;48.5;1110;10010552616;B
20240402;100121;48.5;1110;10010552617;B
20240402;100121;48.5;1110;10010552618;B
20240402;100121;48.5;1110;10010552619;B
20240402;100121;48.5;1110;10010552620;B
20240402;100121;48.5;1110;10010552621;B
20240402;100121;48.5;1110;10010552622;B
20240402;100121;48.5;1110;10010552623;B
20240402;100121;48.5;1110;10010552624;B
20240402;100121;48.5;1110;10010552625;B
20240402;100121;48.5;1110;10010552626;B
20240402;100121;48.5;1110;10010552627;B
20240402;100121;48.5;1110;10010552628;B
20240402;100121;48.5;1110;10010552629;B
20240402;100121;48.5;1110;10010552630;B
20240402;100121;48.5;1110;10010552631;B
20240402;100121;48.5;1110;10010552632;B
20240402;100121;48.5;1110;10010552633;B
20240402;100121;48.5;1110;10010552634;B
20240402;100121;48.5;1110;10010552635;B
20240402;100121;48.5;1110;10010552636;B
20240402;100121;48.5;1110;10010552637;B
20240402;100121;48.5;1110;10010552638;B
20240402;100121;48.5;1110;10010552639;B
20240402;100121;48.5;1110;10010552640;B
20240402;100121;48.5;1110;10010552641;B
20240402;100121;48.5;1110;10010552642;B
20240402;100121;48.5;1110;10010552643;B
20240402;100121;48.5;1110;10010552644;B
20240402;100121;48.5;1110;10010552645;B
20240402;100121;48.5;1110;10010552646;B
20240402;100121;48.5;1110;10010552647;B
20240402;100121;48.5;1110;10010552648;B
20240402;100121;48.5;1110;10010552649;B
20240402;100121;48.5;1110;10010552650;B
20240402;100121;48.5;1110;10010552651;B
20240402;100121;48.5;1050;10010552652;B
20240402;100121;48.49;200;10010552736;S
20240402;100121;48.49;4800;10010552737;S
20240402;100122;48.49;30;10010552802;S
20240402;100122;48.49;1060;10010552803;S
20240402;100122;48.49;70;10010552817;S
20240402;100122;48.49;2060;10010552818;S
20240402;100122;48.48;2000;10010552819;S
20240402;100122;48.48;1760;10010552820;S
20240402;100122;48.47;500;10010552821;S
20240402;100122;48.47;200;10010552822;S
20240402;100122;48.47;5000;10010552823;S
20240402;100122;48.46;480;10010552824;S
20240402;100122;48.45;10;10010552825;S
20240402;100122;48.45;50;10010552826;S
20240402;100122;48.45;30;10010552827;S
20240402;100122;48.45;540;10010552828;S
20240402;100122;48.44;10;10010552829;S
20240402;100122;48.44;100;10010552830;S
20240402;100122;48.43;10;10010552831;S
20240402;100122;48.43;20;10010552832;S
20240402;100122;48.43;1000;10010552833;S
20240402;100122;48.42;7000;10010552834;S
20240402;100122;48.42;70;10010552835;S
20240402;100122;48.42;9090;10010552836;S
20240402;100122;48.47;20;10010552891;S
20240402;100122;48.47;10;10010552908;S
20240402;100122;48.44;20;10010552909;S
20240402;100122;48.43;90;10010552910;S
20240402;100122;48.43;20;10010553074;S
20240402;100122;48.42;480;10010553075;S
20240402;100122;48.43;10;10010553082;S
20240402;100122;48.42;870;10010553083;S
20240402;100122;48.42;200;10010553085;S
20240402;100122;48.46;400;10010553123;B
20240402;100123;48.45;10;10010553146;B
20240402;100123;48.44;10;10010553147;S
20240402;100123;48.43;10;10010553158;S
20240402;100123;48.42;1420;10010553254;S
20240402;100123;48.42;10;10010553279;S
20240402;100123;48.42;1260;10010553280;S
20240402;100123;48.41;700;10010553281;S
20240402;100123;48.41;100;10010553282;S
20240402;100123;48.41;440;10010553283;S
20240402;100123;48.45;1000;10010553303;B
20240402;100123;48.45;1000;10010553305;B
20240402;100123;48.43;60;10010553309;S
20240402;100123;48.45;90;10010553355;B
20240402;100124;48.43;1250;10010553374;S
20240402;100124;48.45;10;10010553376;B
20240402;100124;48.43;10;10010553496;S
20240402;100124;48.43;1180;10010553556;S
20240402;100124;48.43;10;10010553557;S
20240402;100124;48.43;810;10010553558;S
20240402;100125;48.45;40;10010553632;B
20240402;100125;48.44;1000;10010553653;B
20240402;100125;48.42;2060;10010553659;S
20240402;100125;48.42;1600;10010553660;S
20240402;100125;48.41;670;10010553661;S
20240402;100125;48.41;2060;10010553662;S
20240402;100125;48.41;100;10010553663;S
20240402;100125;48.41;1360;10010553664;S
20240402;100125;48.41;2150;10010553665;S
20240402;100125;48.44;1000;10010553666;B
20240402;100125;48.42;20;10010553680;S
20240402;100125;48.41;260;10010553681;S
20240402;100125;48.44;10;10010553772;B
20240402;100125;48.44;10;10010553809;B
20240402;100125;48.44;10;10010553810;B
20240402;100125;48.4;720;10010553829;S
20240402;100125;48.4;30;10010553830;S
20240402;100125;48.4;10;10010553831;S
20240402;100125;48.4;500;10010553832;S
20240402;100125;48.4;3740;10010553833;S
20240402;100125;48.44;10;10010553839;B
20240402;100125;48.4;200;10010553842;S
20240402;100126;48.44;10;10010553898;B
20240402;100126;48.4;200;10010553929;S
20240402;100126;48.4;30;10010553937;S
20240402;100126;48.4;1000;10010553938;S
20240402;100126;48.44;10;10010554053;B
20240402;100126;48.4;6190;10010554057;S
20240402;100126;48.4;2490;10010554067;S
20240402;100127;48.4;1070;10010554113;S
20240402;100127;48.4;1000;10010554178;S
20240402;100127;48.4;2050;10010554260;S
20240402;100128;48.4;150;10010554418;S
20240402;100128;48.4;50;10010554432;S
20240402;100128;48.44;20;10010554458;B
20240402;100128;48.44;10;10010554498;B
20240402;100129;48.44;430;10010554560;B
20240402;100129;48.44;2070;10010554561;B
20240402;100129;48.41;70;10010554619;S
20240402;100129;48.41;2060;10010554620;S
20240402;100129;48.4;4870;10010554621;S
20240402;100130;48.4;2000;10010554737;S
20240402;100130;48.44;10;10010554823;B
20240402;100130;48.44;10;10010554824;B
20240402;100130;48.4;5000;10010554922;S
20240402;100130;48.4;50;10010554933;S
20240402;100130;48.4;43350;10010554979;S
20240402;100130;48.4;1000;10010554980;S
20240402;100131;48.4;300;10010555063;S
20240402;100131;48.4;1210;10010555227;S
20240402;100132;48.4;2000;10010555255;S
20240402;100132;48.43;600;10010555256;B
20240402;100132;48.4;10000;10010555276;S
20240402;100132;48.4;12050;10010555285;S
20240402;100132;48.4;200;10010555286;S
20240402;100132;48.4;2000;10010555287;S
20240402;100132;48.4;200;10010555288;S
20240402;100132;48.4;30;10010555289;S
20240402;100132;48.4;10;10010555290;S
20240402;100132;48.4;40;10010555291;S
20240402;100132;48.4;480;10010555292;S
20240402;100132;48.4;420;10010555293;S
20240402;100132;48.4;10;10010555294;S
20240402;100132;48.4;10;10010555295;S
20240402;100132;48.4;10;10010555296;S
20240402;100132;48.39;240;10010555297;S
20240402;100132;48.39;20;10010555298;S
20240402;100132;48.39;10;10010555299;S
20240402;100132;48.39;2060;10010555300;S
20240402;100132;48.38;500;10010555301;S
20240402;100132;48.38;200;10010555302;S
20240402;100132;48.38;3520;10010555303;S
20240402;100132;48.38;10;10010555313;S
20240402;100132;48.39;20;10010555360;S
20240402;100132;48.38;11360;10010555361;S
20240402;100132;48.4;300;10010555389;B
20240402;100133;48.39;20;10010555796;S
20240402;100133;48.38;5110;10010555797;S
20240402;100133;48.37;2000;10010555798;S
20240402;100133;48.37;480;10010555799;S
20240402;100133;48.36;12390;10010555800;S
20240402;100133;48.4;10;10010555879;B
20240402;100133;48.4;400;10010555914;B
20240402;100133;48.38;10;10010556038;S
20240402;100133;48.39;100;10010556074;B
20240402;100133;48.39;480;10010556075;B
20240402;100134;48.38;200;10010556245;S
20240402;100134;48.38;90;10010556342;S
20240402;100134;48.38;10;10010556343;S
20240402;100134;48.38;20;10010556344;S
20240402;100134;48.36;380;10010556345;S
20240402;100135;48.39;110;10010556805;B
20240402;100135;48.39;10;10010557237;B
20240402;100136;48.37;10;10010557281;S
20240402;100136;48.37;2050;10010557325;S
20240402;100136;48.36;4610;10010557326;S
20240402;100136;48.39;20;10010557377;B
20240402;100136;48.36;170;10010557445;S
20240402;100136;48.39;480;10010557554;B
20240402;100136;48.39;520;10010557555;B
20240402;100136;48.38;20;10010557569;S
20240402;100136;48.37;10;10010557570;S
20240402;100136;48.36;420;10010557571;S
20240402;100137;48.37;10;10010557614;S
20240402;100137;48.37;1370;10010557615;S
20240402;100137;48.39;100;10010557616;B
20240402;100137;48.39;1000;10010557625;B
20240402;100137;48.37;500;10010557749;S
20240402;100137;48.37;400;10010557885;S
20240402;100138;48.38;1000;10010558013;B
20240402;100138;48.38;1500;10010558014;B
20240402;100138;48.38;4000;10010558108;B
20240402;100139;48.37;2000;10010558210;S
20240402;100139;48.38;200;10010558253;B
20240402;100139;48.38;740;10010558273;B
20240402;100139;48.38;110;10010558346;B
20240402;100139;48.37;2060;10010558407;S
20240402;100139;48.36;640;10010558408;S
20240402;100140;48.38;10;10010558447;B
20240402;100140;48.38;9990;10010558530;B
20240402;100140;48.38;10;10010558531;B
20240402;100141;48.37;750;10010558621;B
20240402;100141;48.37;600;10010558713;S
20240402;100141;48.37;400;10010558714;S
20240402;100142;48.38;40;10010558788;B
20240402;100142;48.36;50;10010558789;S
20240402;100142;48.36;10;10010558942;S
20240402;100142;48.36;10;10010558967;S
20240402;100142;48.37;300;10010558968;B
20240402;100142;48.37;6780;10010558969;B
20240402;100142;48.37;7080;10010558970;B
20240402;100142;48.37;7080;10010558971;B
20240402;100142;48.37;6560;10010558972;B
20240402;100142;48.37;10;10010558981;B
20240402;100142;48.37;2060;10010558994;S
20240402;100142;48.36;7940;10010558995;S
20240402;100143;48.36;1100;10010559021;S
20240402;100143;48.36;20;10010559026;S
20240402;100143;48.39;10;10010559084;B
20240402;100143;48.36;200;10010559114;S
20240402;100143;48.36;10;10010559119;S
20240402;100143;48.38;110;10010559200;S
20240402;100143;48.36;390;10010559201;S
20240402;100144;48.36;2050;10010559283;S
20240402;100144;48.36;250;10010559298;S
20240402;100144;48.39;420;10010559414;B
20240402;100145;48.36;3000;10010559521;S
20240402;100145;48.36;30;10010559590;S
20240402;100145;48.38;20;10010559873;B
20240402;100145;48.38;10;10010559889;B
20240402;100146;48.36;500;10010559983;S
20240402;100146;48.36;10;10010560030;S
20240402;100146;48.37;10;10010560041;B
20240402;100146;48.37;10;10010560142;B
20240402;100146;48.36;3500;10010560183;S
20240402;100147;48.37;50;10010560323;B
20240402;100147;48.36;60;10010560391;S
20240402;100147;48.38;110;10010560424;B
20240402;100147;48.38;10;10010560426;B
20240402;100147;48.36;2260;10010560466;S
20240402;100147;48.36;2740;10010560467;S
20240402;100148;48.37;10;10010560510;S
20240402;100148;48.36;2010;10010560511;S
20240402;100148;48.36;10;10010560512;S
20240402;100148;48.36;10;10010560513;S
20240402;100148;48.36;10;10010560514;S
20240402;100148;48.36;20;10010560515;S
20240402;100148;48.36;90;10010560517;S
20240402;100148;48.35;10;10010560570;S
20240402;100148;48.35;2100;10010560571;S
20240402;100148;48.35;10;10010560572;S
20240402;100148;48.35;10;10010560573;S
20240402;100148;48.34;30;10010560574;S
20240402;100148;48.34;840;10010560575;S
20240402;100148;48.35;10;10010560580;S
20240402;100148;48.35;400;10010560759;S
20240402;100148;48.34;600;10010560760;S
20240402;100149;48.34;240;10010560867;S
20240402;100149;48.34;160;10010560868;S
20240402;100149;48.34;10;10010560869;S
20240402;100149;48.33;20;10010560870;S
20240402;100149;48.33;400;10010560871;S
20240402;100149;48.33;1000;10010560872;S
20240402;100149;48.33;200;10010560873;S
20240402;100149;48.32;400;10010560874;S
20240402;100149;48.32;5000;10010560875;S
20240402;100149;48.32;700;10010560876;S
20240402;100149;48.32;100;10010560877;S
20240402;100149;48.32;2000;10010560878;S
20240402;100149;48.32;6170;10010560879;S
20240402;100149;48.33;10;10010560881;S
20240402;100149;48.32;3830;10010560882;S
20240402;100149;48.31;500;10010560883;S
20240402;100149;48.31;100;10010560884;S
20240402;100149;48.31;5560;10010560885;S
20240402;100149;48.32;20;10010560886;S
20240402;100149;48.31;180;10010560887;S
20240402;100149;48.31;20;10010560911;S
20240402;100149;48.32;300;10010561028;S
20240402;100149;48.32;560;10010561029;S
20240402;100149;48.31;140;10010561030;S
20240402;100149;48.34;250;10010561035;B
20240402;100149;48.31;100;10010561071;S
20240402;100149;48.31;1360;10010561072;S
20240402;100149;48.31;10;10010561073;S
20240402;100149;48.3;3530;10010561074;S
20240402;100149;48.34;1100;10010561075;B
20240402;100149;48.35;1200;10010561076;B
20240402;100149;48.35;2700;10010561077;B
20240402;100149;48.3;350;10010561090;S
20240402;100149;48.3;20;10010561091;S
20240402;100149;48.35;10;10010561102;B
20240402;100149;48.3;100;10010561127;S
20240402;100149;48.3;200;10010561128;S
20240402;100149;48.3;10;10010561129;S
20240402;100149;48.3;10;10010561130;S
20240402;100149;48.3;680;10010561131;S
20240402;100150;48.3;2320;10010561133;S
20240402;100150;48.3;30;10010561134;S
20240402;100150;48.3;10;10010561135;S
20240402;100150;48.3;10;10010561136;S
20240402;100150;48.3;10;10010561137;S
20240402;100150;48.3;200;10010561138;S
20240402;100150;48.3;40;10010561139;S
20240402;100150;48.29;200;10010561140;S
20240402;100150;48.29;480;10010561141;S
20240402;100150;48.27;80;10010561142;S
20240402;100150;48.27;670;10010561143;S
20240402;100150;48.26;4000;10010561144;S
20240402;100150;48.26;20;10010561145;S
20240402;100150;48.25;100;10010561146;S
20240402;100150;48.25;10;10010561147;S
20240402;100150;48.25;2000;10010561148;S
20240402;100150;48.25;500;10010561149;S
20240402;100150;48.25;50;10010561150;S
20240402;100150;48.25;1000;10010561151;S
20240402;100150;48.25;10;10010561152;S
20240402;100150;48.25;27170;10010561153;B
20240402;100150;48.3;10;10010561157;S
20240402;100150;48.3;50;10010561158;S
20240402;100150;48.33;490;10010561206;B
20240402;100150;48.33;1010;10010561207;B
20240402;100150;48.35;700;10010561208;B
20240402;100150;48.35;500;10010561209;B
20240402;100150;48.35;100;10010561210;B
20240402;100150;48.35;100;10010561211;B
20240402;100150;48.35;300;10010561212;B
20240402;100150;48.31;20;10010561228;S
20240402;100150;48.3;1790;10010561230;S
20240402;100150;48.29;780;10010561231;S
20240402;100150;48.3;60;10010561234;B
20240402;100150;48.29;330;10010561236;S
20240402;100150;48.29;330;10010561241;S
20240402;100150;48.26;500;10010561242;S
20240402;100150;48.25;480;10010561243;S
20240402;100150;48.25;1040;10010561244;S
20240402;100150;48.26;100;10010561247;S
20240402;100150;48.26;20;10010561248;S
20240402;100150;48.26;450;10010561249;S
20240402;100150;48.26;450;10010561250;S
20240402;100150;48.25;450;10010561254;S
20240402;100150;48.25;450;10010561258;S
20240402;100150;48.25;500;10010561284;S
20240402;100150;48.26;40;10010561300;S
20240402;100150;48.25;160;10010561301;S
20240402;100150;48.25;750;10010561302;S
20240402;100150;48.24;480;10010561303;S
20240402;100150;48.23;40;10010561304;S
20240402;100150;48.23;20;10010561305;S
20240402;100150;48.23;20;10010561306;S
20240402;100150;48.23;840;10010561307;S
20240402;100150;48.22;10;10010561308;S
20240402;100150;48.22;10;10010561309;S
20240402;100150;48.22;4000;10010561310;S
20240402;100150;48.22;3670;10010561311;S
20240402;100150;48.32;80;10010561313;B
20240402;100150;48.32;920;10010561314;S
20240402;100150;48.22;1300;10010561315;S
20240402;100150;48.24;200;10010561316;B
20240402;100150;48.24;100;10010561317;B
20240402;100150;48.24;200;10010561318;B
20240402;100150;48.22;30;10010561319;S
20240402;100150;48.22;500;10010561320;S
20240402;100150;48.22;70;10010561321;S
20240402;100150;48.22;40;10010561322;S
20240402;100150;48.22;100;10010561323;S
20240402;100150;48.22;10000;10010561324;S
20240402;100150;48.22;150;10010561325;S
20240402;100150;48.22;500;10010561326;B
20240402;100150;48.22;210;10010561327;B
20240402;100150;48.21;10;10010561328;S
20240402;100150;48.2;10;10010561329;S
20240402;100150;48.2;10;10010561330;S
20240402;100150;48.2;220;10010561331;S
20240402;100150;48.22;550;10010561332;S
20240402;100150;48.2;280;10010561333;S
20240402;100150;48.2;2000;10010561334;S
20240402;100150;48.2;50;10010561335;S
20240402;100150;48.2;100;10010561336;S
20240402;100150;48.2;2930;10010561337;S
20240402;100150;48.2;1000;10010561340;S
20240402;100150;48.2;3400;10010561341;S
20240402;100150;48.2;2670;10010561342;S
20240402;100150;48.2;3590;10010561343;S
20240402;100150;48.19;1990;10010561344;S
20240402;100150;48.23;400;10010561345;B
20240402;100150;48.19;30;10010561346;S
20240402;100150;48.19;1000;10010561347;S
20240402;100150;48.19;10;10010561348;S
20240402;100150;48.23;80;10010561351;B
20240402;100150;48.21;450;10010561352;S
20240402;100150;48.21;200;10010561353;S
20240402;100150;48.21;240;10010561355;S
20240402;100150;48.21;2050;10010561358;S
20240402;100150;48.23;10;10010561366;B
20240402;100150;48.21;80;10010561415;S
20240402;100150;48.2;370;10010561416;S
20240402;100150;48.22;100;10010561421;B
20240402;100150;48.22;900;10010561423;B
20240402;100150;48.22;1000;10010561430;B
20240402;100150;48.24;10;10010561435;B
20240402;100150;48.2;50;10010561438;S
20240402;100150;48.2;610;10010561439;S
20240402;100150;48.19;2330;10010561440;S
20240402;100150;48.2;210;10010561449;S
20240402;100150;48.19;4920;10010561450;S
20240402;100150;48.19;620;10010561451;S
20240402;100150;48.19;5000;10010561452;S
20240402;100150;48.19;960;10010561453;S
20240402;100150;48.18;10;10010561454;S
20240402;100150;48.18;50;10010561455;S
20240402;100150;48.18;4000;10010561456;S
20240402;100150;48.18;210;10010561457;S
20240402;100150;48.17;1500;10010561458;S
20240402;100150;48.16;800;10010561459;S
20240402;100150;48.16;20;10010561460;S
20240402;100150;48.16;480;10010561461;S
20240402;100150;48.15;100;10010561462;S
20240402;100150;48.15;2070;10010561463;S
20240402;100150;48.15;10;10010561464;S
20240402;100150;48.15;1500;10010561465;S
20240402;100150;48.15;4100;10010561466;S
20240402;100150;48.14;3410;10010561467;S
20240402;100150;48.17;20;10010561468;S
20240402;100150;48.17;50;10010561469;S
20240402;100150;48.17;20;10010561470;S
20240402;100150;48.17;500;10010561471;S
20240402;100150;48.17;930;10010561472;S
20240402;100150;48.14;590;10010561473;S
20240402;100150;48.14;250;10010561474;S
20240402;100150;48.15;10;10010561475;B
20240402;100150;48.15;10;10010561476;B
20240402;100150;48.15;10;10010561477;B
20240402;100150;48.15;10;10010561478;B
20240402;100150;48.15;10;10010561479;B
20240402;100150;48.15;10;10010561480;B
20240402;100150;48.15;3120;10010561481;B
20240402;100150;48.22;90;10010561487;B
20240402;100150;48.21;80;10010561492;B
20240402;100150;48.2;200;10010561493;S
20240402;100150;48.15;1000;10010561494;S
20240402;100150;48.15;1440;10010561495;S
20240402;100150;48.15;110;10010561496;S
20240402;100150;48.14;1750;10010561497;S
20240402;100150;48.14;100;10010561498;S
20240402;100150;48.13;20;10010561499;S
20240402;100150;48.13;500;10010561500;S
20240402;100150;48.13;20;10010561501;S
20240402;100150;48.13;9860;10010561502;S
20240402;100150;48.13;20;10010561503;S
20240402;100150;48.13;2500;10010561505;S
20240402;100150;48.13;2500;10010561512;S
20240402;100150;48.13;100;10010561513;S
20240402;100150;48.13;8070;10010561519;S
20240402;100150;48.13;190;10010561520;S
20240402;100150;48.13;190;10010561521;S
20240402;100150;48.13;480;10010561522;S
20240402;100150;48.13;560;10010561523;S
20240402;100150;48.12;16390;10010561524;S
20240402;100150;48.13;80;10010561527;S
20240402;100150;48.12;920;10010561528;S
20240402;100150;48.12;830;10010561536;S
20240402;100150;48.12;100;10010561543;S
20240402;100151;48.14;40;10010561548;S
20240402;100151;48.19;200;10010561556;B
20240402;100151;48.19;30;10010561562;B
20240402;100151;48.19;100;10010561611;B
20240402;100151;48.13;80;10010561634;S
20240402;100151;48.13;30;10010561636;S
20240402;100151;48.19;10;10010561637;B
20240402;100151;48.13;680;10010561640;S
20240402;100151;48.13;50;10010561641;S
20240402;100151;48.13;270;10010561642;S
20240402;100151;48.13;20;10010561643;S
20240402;100151;48.13;990;10010561646;S
20240402;100151;48.13;30;10010561647;S
20240402;100151;48.12;2120;10010561648;S
20240402;100151;48.12;400;10010561649;S
20240402;100151;48.12;210;10010561650;S
20240402;100151;48.12;780;10010561651;S
20240402;100151;48.19;20;10010561654;B
20240402;100151;48.12;260;10010561655;S
20240402;100151;48.12;500;10010561656;S
20240402;100151;48.12;7490;10010561657;S
20240402;100151;48.12;7000;10010561658;S
20240402;100151;48.11;100;10010561659;S
20240402;100151;48.11;720;10010561660;S
20240402;100151;48.1;10;10010561661;S
20240402;100151;48.1;100;10010561662;S
20240402;100151;48.1;100;10010561663;S
20240402;100151;48.1;3130;10010561664;S
20240402;100151;48.1;600;10010561666;S
20240402;100151;48.1;270;10010561667;S
20240402;100151;48.1;20;10010561668;S
20240402;100151;48.1;10;10010561669;S
20240402;100151;48.1;120;10010561670;S
20240402;100151;48.1;10;10010561671;S
20240402;100151;48.1;3000;10010561672;S
20240402;100151;48.1;500;10010561673;S
20240402;100151;48.1;200;10010561674;S
20240402;100151;48.1;600;10010561675;S
20240402;100151;48.1;46070;10010561676;S
20240402;100151;48.18;100;10010561677;B
20240402;100151;48.11;20;10010561678;S
20240402;100151;48.1;9980;10010561679;S
20240402;100151;48.15;200;10010561681;B
20240402;100151;48.15;800;10010561682;B
20240402;100151;48.1;10;10010561683;S
20240402;100151;48.14;100;10010561684;B
20240402;100151;48.14;300;10010561685;B
20240402;100151;48.14;90;10010561686;B
20240402;100151;48.15;110;10010561687;B
20240402;100151;48.15;200;10010561688;B
20240402;100151;48.14;100;10010561689;B
20240402;100151;48.14;100;10010561690;B
20240402;100151;48.1;2120;10010561691;S
20240402;100151;48.1;500;10010561692;S
20240402;100151;48.13;10;10010561693;B
20240402;100151;48.14;200;10010561694;B
20240402;100151;48.1;250;10010561695;S
20240402;100151;48.1;1030;10010561716;S
20240402;100151;48.1;10;10010561721;S
20240402;100151;48.1;20;10010561722;S
20240402;100151;48.1;10;10010561723;S
20240402;100151;48.1;500;10010561724;S
20240402;100151;48.1;4530;10010561725;S
20240402;100151;48.1;10;10010561726;S
20240402;100151;48.14;90;10010561733;B
20240402;100151;48.15;250;10010561734;B
20240402;100151;48.14;480;10010561757;B
20240402;100151;48.15;3520;10010561758;B
20240402;100151;48.11;10;10010561770;S
20240402;100151;48.11;20;10010561773;S
20240402;100151;48.11;30;10010561774;S
20240402;100151;48.11;350;10010561775;S
20240402;100151;48.11;900;10010561779;S
20240402;100151;48.11;1500;10010561786;S
20240402;100151;48.15;200;10010561792;B
20240402;100151;48.11;2500;10010561813;S
20240402;100151;48.11;2450;10010561862;S
20240402;100151;48.14;10;10010561886;S
20240402;100151;48.14;2000;10010561887;S
20240402;100152;48.14;300;10010561890;S
20240402;100152;48.14;1690;10010561891;S
20240402;100152;48.12;1890;10010561892;S
20240402;100152;48.11;2300;10010561893;S
20240402;100152;48.11;480;10010561894;S
20240402;100152;48.11;1020;10010561895;S
20240402;100152;48.15;110;10010561914;B
20240402;100152;48.15;4000;10010561915;B
20240402;100152;48.12;400;10010561924;S
20240402;100152;48.15;10;10010561932;B
20240402;100152;48.12;300;10010561933;S
20240402;100152;48.12;270;10010561941;S
20240402;100152;48.13;890;10010561942;S
20240402;100152;48.14;10;10010561943;B
20240402;100152;48.15;600;10010561944;B
20240402;100152;48.15;3390;10010561945;B
20240402;100152;48.13;820;10010561950;S
20240402;100152;48.13;10;10010561952;S
20240402;100152;48.13;800;10010561953;S
20240402;100152;48.13;100;10010561972;S
20240402;100152;48.13;7380;10010561973;S
20240402;100152;48.13;50;10010561974;S
20240402;100152;48.12;10;10010561975;S
20240402;100152;48.12;50;10010561976;S
20240402;100152;48.11;2710;10010561977;S
20240402;100152;48.11;270;10010561978;S
20240402;100152;48.11;250;10010561979;S
20240402;100152;48.1;80;10010561980;S
20240402;100152;48.1;140;10010561981;S
20240402;100152;48.15;40;10010561987;B
20240402;100152;48.1;200;10010561988;S
20240402;100152;48.15;8620;10010561991;B
20240402;100152;48.15;900;10010561992;B
20240402;100152;48.15;480;10010561993;B
20240402;100152;48.1;2050;10010561994;S
20240402;100152;48.1;20;10010562001;S
20240402;100152;48.15;200;10010562012;B
20240402;100152;48.14;60;10010562014;S
20240402;100152;48.14;9940;10010562016;S
20240402;100152;48.11;50;10010562017;S
20240402;100152;48.1;43130;10010562018;S
20240402;100152;48.1;380;10010562019;S
20240402;100152;48.1;100;10010562020;S
20240402;100152;48.1;1000;10010562021;S
20240402;100152;48.1;500;10010562022;S
20240402;100152;48.1;10;10010562023;S
20240402;100152;48.1;250;10010562024;S
20240402;100152;48.09;480;10010562025;S
20240402;100152;48.08;20;10010562026;S
20240402;100152;48.08;90;10010562027;S
20240402;100152;48.08;400;10010562028;S
20240402;100152;48.07;10;10010562029;S
20240402;100152;48.07;600;10010562030;S
20240402;100152;48.07;10;10010562031;S
20240402;100152;48.07;10000;10010562032;S
20240402;100152;48.07;8030;10010562033;S
20240402;100152;48.14;40;10010562036;B
20240402;100152;48.12;20;10010562084;S
20240402;100152;48.14;50;10010562085;B
20240402;100152;48.12;19980;10010562119;S
20240402;100152;48.11;10;10010562120;S
20240402;100152;48.1;10;10010562121;S
20240402;100152;48.1;300;10010562148;S
20240402;100152;48.13;50;10010562170;S
20240402;100152;48.1;90;10010562171;S
20240402;100152;48.14;7000;10010562177;B
20240402;100152;48.14;1000;10010562188;B
20240402;100152;48.11;10;10010562189;S
20240402;100152;48.1;90;10010562190;S
20240402;100153;48.14;10;10010562195;B
20240402;100153;48.12;20;10010562216;S
20240402;100153;48.12;30;10010562226;S
20240402;100153;48.11;270;10010562227;S
20240402;100153;48.14;500;10010562236;B
20240402;100153;48.14;6750;10010562243;B
20240402;100153;48.13;30;10010562248;S
20240402;100153;48.13;20;10010562262;S
20240402;100153;48.12;500;10010562263;S
20240402;100153;48.11;180;10010562264;S
20240402;100153;48.11;200;10010562265;S
20240402;100153;48.11;500;10010562267;S
20240402;100153;48.13;50;10010562272;S
20240402;100153;48.11;10;10010562273;S
20240402;100153;48.1;640;10010562274;S
20240402;100153;48.12;20;10010562292;S
20240402;100153;48.1;10;10010562293;S
20240402;100153;48.1;10;10010562294;S
20240402;100153;48.07;480;10010562295;S
20240402;100153;48.07;20;10010562296;S
20240402;100153;48.07;480;10010562297;S
20240402;100153;48.06;4000;10010562298;S
20240402;100153;48.06;5000;10010562299;S
20240402;100153;48.06;500;10010562300;S
20240402;100153;48.06;40;10010562301;S
20240402;100153;48.06;2000;10010562302;S
20240402;100153;48.06;80;10010562303;S
20240402;100153;48.05;100;10010562304;S
20240402;100153;48.05;10;10010562305;S
20240402;100153;48.05;4500;10010562306;S
20240402;100153;48.05;30;10010562307;S
20240402;100153;48.05;50;10010562308;S
20240402;100153;48.04;200;10010562309;S
20240402;100153;48.04;70;10010562310;S
20240402;100153;48.03;20;10010562311;S
20240402;100153;48.03;20;10010562312;S
20240402;100153;48.03;5000;10010562313;S
20240402;100153;48.03;620;10010562314;S
20240402;100153;48.03;6740;10010562315;B
20240402;100153;48.12;300;10010562316;B
20240402;100153;48.12;190;10010562317;B
20240402;100153;48.12;10;10010562319;S
20240402;100153;48.12;100;10010562320;S
20240402;100153;48.12;200;10010562321;S
20240402;100153;48.12;100;10010562322;S
20240402;100153;48.12;100;10010562323;S
20240402;100153;48.04;190;10010562324;S
20240402;100153;48.03;480;10010562325;S
20240402;100153;48.02;200;10010562326;S
20240402;100153;48.02;500;10010562327;S
20240402;100153;48.02;100;10010562328;S
20240402;100153;48.02;150;10010562329;S
20240402;100153;48.02;4000;10010562330;S
20240402;100153;48.02;50;10010562331;S
20240402;100153;48.02;2000;10010562332;S
20240402;100153;48.02;500;10010562333;S
20240402;100153;48.02;220;10010562334;S
20240402;100153;48.02;50;10010562335;S
20240402;100153;48.02;1750;10010562336;B
20240402;100153;48.12;480;10010562337;B
20240402;100153;48.12;20;10010562350;S
20240402;100153;48.12;300;10010562351;S
20240402;100153;48.12;200;10010562352;S
20240402;100153;48.05;120;10010562353;S
20240402;100153;48.13;1320;10010562388;B
20240402;100153;48.13;8680;10010562389;B
20240402;100153;48.12;40;10010562394;S
20240402;100153;48.11;50;10010562395;S
20240402;100153;48.05;360;10010562396;S
20240402;100153;48.04;480;10010562397;S
20240402;100153;48.04;870;10010562398;S
20240402;100153;48.11;50;10010562423;B
20240402;100153;48.11;10;10010562430;B
20240402;100153;48.11;420;10010562441;B
20240402;100153;48.11;580;10010562442;B
20240402;100153;48.08;1000;10010562464;S
20240402;100153;48.06;250;10010562465;S
20240402;100153;48.05;690;10010562466;S
20240402;100153;48.04;2060;10010562467;S
20240402;100153;48.08;50;10010562468;S
20240402;100153;48.05;50;10010562469;S
20240402;100153;48.05;300;10010562471;S
20240402;100153;48.04;9700;10010562472;S
20240402;100154;48.05;10;10010562496;S
20240402;100154;48.06;20;10010562522;S
20240402;100154;48.05;2050;10010562523;S
20240402;100154;48.05;170;10010562524;S
20240402;100154;48.05;10;10010562525;S
20240402;100154;48.04;12050;10010562526;S
20240402;100154;48.04;2000;10010562527;S
20240402;100154;48.06;1000;10010562545;S
20240402;100154;48.05;600;10010562554;S
20240402;100154;48.08;80;10010562565;B
20240402;100154;48.09;50;10010562566;B
20240402;100154;48.06;10;10010562567;S
20240402;100154;48.05;1460;10010562568;S
20240402;100154;48.05;90;10010562569;S
20240402;100154;48.04;1490;10010562570;S
20240402;100154;48.08;10;10010562594;S
20240402;100154;48.07;490;10010562595;B
20240402;100154;48.09;430;10010562617;B
20240402;100154;48.09;70;10010562618;B
20240402;100154;48.09;610;10010562619;B
20240402;100154;48.09;30;10010562627;B
20240402;100154;48.09;10;10010562630;B
20240402;100154;48.09;510;10010562648;B
20240402;100154;48.12;30;10010562671;B
20240402;100154;48.12;970;10010562672;B
20240402;100154;48.12;10;10010562681;B
20240402;100154;48.08;50;10010562718;S
20240402;100154;48.08;50;10010562719;S
20240402;100154;48.07;900;10010562720;S
20240402;100154;48.07;100;10010562724;S
20240402;100154;48.07;40;10010562725;S
20240402;100154;48.06;460;10010562726;S
20240402;100154;48.07;20;10010562733;S
20240402;100154;48.06;390;10010562734;S
20240402;100155;48.07;100;10010562754;S
20240402;100155;48.09;200;10010562823;S
20240402;100155;48.12;10;10010562837;B
20240402;100155;48.12;10;10010562849;B
20240402;100156;48.12;6190;10010562895;B
20240402;100156;48.11;40;10010562939;S
20240402;100156;48.1;10;10010562940;S
20240402;100156;48.09;30;10010562941;S
20240402;100156;48.08;480;10010562942;S
20240402;100156;48.08;940;10010562943;S
20240402;100156;48.08;20;10010562948;S
20240402;100156;48.12;10;10010562976;B
20240402;100156;48.11;390;10010562978;S
20240402;100156;48.12;1110;10010562981;B
20240402;100156;48.11;610;10010562994;S
20240402;100156;48.1;1100;10010562995;S
20240402;100156;48.12;10;10010563009;B
20240402;100157;48.12;200;10010563038;B
20240402;100157;48.12;150;10010563064;B
20240402;100157;48.12;660;10010563105;B
20240402;100157;48.12;4520;10010563124;B
20240402;100157;48.12;480;10010563125;B
20240402;100158;48.1;230;10010563287;S
20240402;100158;48.1;500;10010563311;S
20240402;100158;48.12;3190;10010563330;B
20240402;100158;48.12;2500;10010563331;B
20240402;100158;48.15;660;10010563402;B
20240402;100158;48.11;50;10010563466;S
20240402;100158;48.16;5000;10010563475;B
20240402;100158;48.11;50;10010563482;S
20240402;100200;48.12;10;10010563740;S
20240402;100200;48.11;1440;10010563741;S
20240402;100200;48.14;50;10010563777;B
20240402;100200;48.12;1500;10010563886;S
20240402;100200;48.12;900;10010563897;S
20240402;100200;48.12;600;10010563898;S
20240402;100200;48.12;1040;10010563899;S
20240402;100201;48.14;950;10010563961;B
20240402;100201;48.14;6500;10010563962;B
20240402;100201;48.15;1000;10010563963;B
20240402;100201;48.15;10;10010563964;B
20240402;100201;48.15;900;10010563965;B
20240402;100201;48.15;8000;10010563987;S
20240402;100201;48.15;7640;10010564039;S
20240402;100201;48.15;1000;10010564040;S
20240402;100201;48.15;10000;10010564041;S
20240402;100201;48.15;2060;10010564042;S
20240402;100201;48.14;900;10010564043;S
20240402;100201;48.12;860;10010564044;S
20240402;100201;48.12;480;10010564045;S
20240402;100201;48.12;150;10010564046;S
20240402;100201;48.11;500;10010564047;S
20240402;100201;48.11;190;10010564048;S
20240402;100201;48.12;30;10010564061;S
20240402;100201;48.12;20;10010564097;S
20240402;100201;48.15;100;10010564101;B
20240402;100201;48.12;50;10010564112;S
20240402;100201;48.11;140;10010564113;S
20240402;100201;48.11;850;10010564114;S
20240402;100201;48.12;100;10010564128;S
20240402;100201;48.15;380;10010564187;B
20240402;100201;48.16;1520;10010564188;B
20240402;100201;48.16;30;10010564189;B
20240402;100201;48.16;4500;10010564190;B
20240402;100201;48.17;50;10010564191;B
20240402;100201;48.17;420;10010564192;B
20240402;100201;48.17;630;10010564193;B
20240402;100201;48.17;80;10010564194;B
20240402;100201;48.17;900;10010564195;B
20240402;100201;48.17;350;10010564196;B
20240402;100201;48.18;1000;10010564197;B
20240402;100201;48.18;140;10010564198;B
20240402;100202;48.18;860;10010564217;B
20240402;100202;48.19;700;10010564218;B
20240402;100202;48.19;620;10010564219;B
20240402;100202;48.2;120;10010564220;B
20240402;100202;48.2;90;10010564221;B
20240402;100202;48.2;140;10010564222;B
20240402;100202;48.2;570;10010564223;B
20240402;100202;48.2;600;10010564224;B
20240402;100202;48.2;1300;10010564225;B
20240402;100202;48.17;2060;10010564245;S
20240402;100202;48.16;660;10010564246;S
20240402;100202;48.16;7290;10010564247;S
20240402;100202;48.2;6200;10010564352;B
20240402;100202;48.2;10;10010564353;B
20240402;100202;48.2;210;10010564354;B
20240402;100202;48.2;1000;10010564355;B
20240402;100202;48.21;50;10010564356;B
20240402;100202;48.21;50;10010564357;B
20240402;100202;48.21;900;10010564358;B
20240402;100202;48.22;50;10010564359;B
20240402;100202;48.22;50;10010564360;B
20240402;100202;48.22;80;10010564361;B
20240402;100202;48.22;320;10010564362;B
20240402;100202;48.22;1080;10010564363;B
20240402;100202;48.19;30;10010564392;B
20240402;100202;48.19;10;10010564420;B
20240402;100202;48.17;10;10010564468;S
20240402;100202;48.17;20;10010564469;S
20240402;100203;48.18;50;10010564522;B
20240402;100203;48.18;110;10010564523;B
20240402;100203;48.17;1000;10010564600;S
20240402;100203;48.17;200;10010564616;S
20240402;100203;48.18;100;10010564628;B
20240402;100203;48.18;790;10010564698;B
20240402;100203;48.18;50;10010564699;B
20240402;100203;48.18;50;10010564700;B
20240402;100203;48.18;50;10010564701;B
20240402;100203;48.19;10;10010564702;B
20240402;100203;48.2;3500;10010564703;B
20240402;100203;48.2;350;10010564704;B
20240402;100203;48.2;5000;10010564705;B
20240402;100203;48.21;50;10010564706;B
20240402;100203;48.21;890;10010564707;B
20240402;100203;48.22;11000;10010564708;B
20240402;100203;48.22;5000;10010564709;B
20240402;100203;48.23;50;10010564710;B
20240402;100203;48.23;8120;10010564711;B
20240402;100203;48.23;50;10010564712;B
20240402;100203;48.24;490;10010564713;B
20240402;100203;48.24;600;10010564714;B
20240402;100203;48.24;50;10010564715;B
20240402;100203;48.24;1350;10010564716;B
20240402;100203;48.24;5000;10010564717;B
20240402;100203;48.25;7550;10010564718;B
20240402;100203;48.25;5750;10010564764;B
20240402;100203;48.25;300;10010564765;B
20240402;100203;48.26;160;10010564766;B
20240402;100203;48.26;3790;10010564767;B
20240402;100204;48.21;600;10010564815;S
20240402;100204;48.26;60;10010564844;B
20240402;100204;48.26;150;10010564872;B
20240402;100204;48.27;280;10010564873;B
20240402;100204;48.25;50;10010564974;B
20240402;100204;48.25;2000;10010564975;B
20240402;100204;48.25;6500;10010564976;B
20240402;100204;48.25;1000;10010564977;B
20240402;100204;48.26;450;10010564978;B
20240402;100204;48.2;480;10010565046;S
20240402;100204;48.2;240;10010565047;S
20240402;100204;48.26;10;10010565053;B
20240402;100205;48.22;220;10010565131;S
20240402;100205;48.26;1000;10010565165;B
20240402;100206;48.24;10;10010565559;B
20240402;100206;48.23;60;10010565564;S
20240402;100207;48.23;90;10010565581;S
20240402;100207;48.23;560;10010565582;S
20240402;100207;48.24;10;10010565603;B
20240402;100207;48.24;30;10010565706;B
20240402;100207;48.24;50;10010565707;B
20240402;100207;48.24;50;10010565708;B
20240402;100207;48.24;910;10010565709;B
20240402;100207;48.24;500;10010565751;B
20240402;100207;48.24;1000;10010565773;B
20240402;100207;48.23;890;10010565809;S
20240402;100207;48.23;2610;10010565810;S
20240402;100208;48.24;1000;10010565821;B
20240402;100208;48.24;590;10010565874;B
20240402;100208;48.24;50;10010565875;B
20240402;100208;48.24;500;10010565876;B
20240402;100208;48.24;50;10010565877;B
20240402;100208;48.25;100;10010565878;B
20240402;100208;48.25;480;10010565879;B
20240402;100208;48.25;500;10010565880;B
20240402;100208;48.25;890;10010565881;B
20240402;100208;48.26;3540;10010565882;B
20240402;100208;48.27;720;10010565883;B
20240402;100208;48.27;680;10010565884;B
20240402;100208;48.28;900;10010565885;B
20240402;100208;48.25;20;10010565967;B
20240402;100208;48.25;200;10010566024;B
20240402;100208;48.21;1500;10010566040;S
20240402;100209;48.25;300;10010566124;B
20240402;100209;48.22;10;10010566136;S
20240402;100209;48.22;280;10010566387;S
20240402;100209;48.23;50;10010566405;B
20240402;100209;48.22;10;10010566431;S
20240402;100210;48.23;50;10010566520;B
20240402;100210;48.25;9480;10010566521;B
20240402;100210;48.26;890;10010566522;B
20240402;100210;48.26;2000;10010566523;B
20240402;100210;48.28;3580;10010566524;B
20240402;100210;48.24;100;10010566564;S
20240402;100210;48.24;1960;10010566835;S
20240402;100210;48.23;500;10010566836;S
20240402;100210;48.23;40;10010566837;S
20240402;100211;48.24;10;10010566958;S
20240402;100211;48.26;80;10010567041;B
20240402;100211;48.27;500;10010567042;B
20240402;100211;48.27;2000;10010567043;B
20240402;100211;48.28;15520;10010567044;B
20240402;100211;48.28;30;10010567045;B
20240402;100211;48.28;900;10010567046;B
20240402;100211;48.3;870;10010567047;B
20240402;100211;48.3;950;10010567048;B
20240402;100211;48.3;4000;10010567049;B
20240402;100211;48.3;1000;10010567050;B
20240402;100211;48.3;10000;10010567051;B
20240402;100211;48.33;40;10010567052;B
20240402;100211;48.33;2000;10010567053;B
20240402;100211;48.34;1000;10010567054;B
20240402;100211;48.35;260;10010567055;B
20240402;100211;48.35;330;10010567056;B
20240402;100211;48.35;10000;10010567057;B
20240402;100211;48.35;520;10010567058;B
20240402;100211;48.25;20;10010567098;S
20240402;100211;48.26;500;10010567128;S
20240402;100212;48.28;200;10010567200;S
20240402;100212;48.28;290;10010567202;S
20240402;100212;48.27;700;10010567274;S
20240402;100213;48.28;1010;10010567345;S
20240402;100213;48.27;1360;10010567346;S
20240402;100213;48.27;5630;10010567347;S
20240402;100213;48.28;100;10010567443;S
20240402;100213;48.31;240;10010567466;B
20240402;100213;48.32;20;10010567467;B
20240402;100213;48.32;180;10010567468;B
20240402;100213;48.29;300;10010567493;S
20240402;100213;48.29;200;10010567494;S
20240402;100213;48.28;1960;10010567592;S
20240402;100213;48.27;1040;10010567593;S
20240402;100214;48.32;10;10010567609;B
20240402;100214;48.32;70;10010567778;B
20240402;100215;48.32;200;10010567852;B
20240402;100215;48.32;200;10010567856;B
20240402;100215;48.32;10;10010567899;B
20240402;100215;48.32;10;10010567900;B
20240402;100215;48.33;40;10010567902;B
20240402;100217;48.32;300;10010568441;B
20240402;100217;48.32;10;10010568479;B
20240402;100217;48.28;40;10010568526;S
20240402;100218;48.28;20;10010568603;S
20240402;100218;48.31;1500;10010568605;B
20240402;100218;48.32;660;10010568621;B
20240402;100218;48.28;460;10010568648;S
20240402;100218;48.28;40;10010568649;S
20240402;100218;48.28;260;10010568650;S
20240402;100218;48.27;80;10010568651;S
20240402;100218;48.28;10;10010568729;S
20240402;100218;48.32;10;10010568742;B
20240402;100219;48.28;150;10010568794;S
20240402;100219;48.29;100;10010568979;S
20240402;100219;48.29;20;10010568993;S
20240402;100219;48.29;980;10010568994;S
20240402;100219;48.29;1000;10010568995;S
20240402;100219;48.28;50;10010569086;S
20240402;100219;48.28;1000;10010569087;S
20240402;100219;48.28;1950;10010569088;S
20240402;100220;48.31;850;10010569247;B
20240402;100220;48.31;450;10010569248;B
20240402;100220;48.32;1500;10010569337;B
20240402;100221;48.3;10;10010569448;S
20240402;100221;48.28;220;10010569476;S
20240402;100221;48.28;230;10010569548;S
20240402;100221;48.28;470;10010569549;S
20240402;100222;48.3;10000;10010569557;S
20240402;100222;48.29;40;10010569558;S
20240402;100222;48.29;890;10010569559;S
20240402;100222;48.28;730;10010569560;S
20240402;100222;48.27;120;10010569561;S
20240402;100222;48.27;330;10010569562;S
20240402;100222;48.26;200;10010569563;S
20240402;100222;48.26;500;10010569564;S
20240402;100222;48.26;700;10010569565;S
20240402;100222;48.25;660;10010569568;S
20240402;100222;48.25;40;10010569569;S
20240402;100222;48.26;200;10010569610;B
20240402;100222;48.26;10;10010569621;B
20240402;100222;48.26;50;10010569668;B
20240402;100222;48.25;60;10010569692;S
20240402;100222;48.25;40;10010569693;S
20240402;100222;48.25;40;10010569743;S
20240402;100222;48.24;30;10010569744;S
20240402;100222;48.24;270;10010569745;S
20240402;100222;48.24;20;10010569747;S
20240402;100223;48.24;1000;10010569768;S
20240402;100223;48.24;1000;10010569829;S
20240402;100223;48.24;60;10010569830;S
20240402;100223;48.23;10;10010569831;S
20240402;100223;48.23;1410;10010569832;S
20240402;100223;48.25;350;10010569834;B
20240402;100223;48.26;350;10010569835;B
20240402;100223;48.24;700;10010569836;S
20240402;100223;48.23;700;10010569838;S
20240402;100223;48.26;400;10010569885;B
20240402;100223;48.24;10;10010569955;B
20240402;100223;48.24;2050;10010569958;B
20240402;100223;48.24;230;10010569959;B
20240402;100224;48.24;200;10010570015;B
20240402;100224;48.22;200;10010570123;S
20240402;100224;48.22;50;10010570124;S
20240402;100225;48.24;90;10010570446;B
20240402;100226;48.22;30;10010570504;S
20240402;100226;48.22;1900;10010570544;S
20240402;100226;48.25;850;10010570569;B
20240402;100226;48.25;10500;10010570570;B
20240402;100226;48.26;1870;10010570571;B
20240402;100226;48.24;600;10010570609;S
20240402;100226;48.25;10;10010570650;B
20240402;100226;48.25;100;10010570657;B
20240402;100227;48.24;60;10010570706;S
20240402;100227;48.24;40;10010570707;S
20240402;100227;48.25;320;10010570715;B
20240402;100227;48.25;180;10010570716;B
20240402;100227;48.24;10;10010570720;S
20240402;100227;48.22;160;10010570721;S
20240402;100227;48.25;1880;10010570849;B
20240402;100227;48.25;210;10010570850;B
20240402;100227;48.25;100;10010570851;B
20240402;100227;48.26;5810;10010570852;B
20240402;100228;48.26;100;10010570911;B
20240402;100228;48.26;20;10010570972;B
20240402;100228;48.26;1000;10010570981;B
20240402;100228;48.25;100;10010571002;B
20240402;100228;48.26;9900;10010571003;B
20240402;100228;48.23;550;10010571086;S
20240402;100228;48.23;1510;10010571152;S
20240402;100228;48.23;50;10010571153;S
20240402;100228;48.23;6140;10010571154;S
20240402;100229;48.25;10;10010571156;B
20240402;100229;48.25;180;10010571180;B
20240402;100229;48.25;700;10010571181;B
20240402;100229;48.26;4120;10010571182;B
20240402;100229;48.23;150;10010571244;S
20240402;100229;48.26;5000;10010571318;B
20240402;100229;48.23;480;10010571321;S
20240402;100229;48.23;4520;10010571322;S
20240402;100230;48.25;100;10010571512;S
20240402;100230;48.25;900;10010571513;S
20240402;100231;48.25;100;10010571607;S
20240402;100231;48.25;300;10010571657;S
20240402;100231;48.26;10;10010571673;B
20240402;100231;48.26;1110;10010571727;B
20240402;100233;48.25;200;10010572089;S
20240402;100233;48.25;10;10010572143;S
20240402;100233;48.26;50;10010572175;B
20240402;100234;48.25;390;10010572281;S
20240402;100234;48.24;200;10010572282;S
20240402;100234;48.24;910;10010572283;S
20240402;100234;48.26;300;10010572382;B
20240402;100234;48.24;20;10010572412;S
20240402;100236;48.25;10;10010572642;B
20240402;100236;48.25;4490;10010572643;B
20240402;100236;48.25;6000;10010572644;B
20240402;100236;48.25;30;10010572645;B
20240402;100236;48.26;10260;10010572646;B
20240402;100236;48.24;60;10010572670;S
20240402;100237;48.24;50;10010572739;S
20240402;100237;48.24;220;10010572756;S
20240402;100237;48.23;780;10010572757;S
20240402;100237;48.24;40;10010572776;S
20240402;100237;48.25;200;10010572831;B
20240402;100237;48.25;100;10010572834;B
20240402;100238;48.25;720;10010572940;B
20240402;100238;48.26;280;10010572941;B
20240402;100238;48.26;40;10010572994;B
20240402;100238;48.26;15000;10010573000;B
20240402;100238;48.26;100;10010573040;B
20240402;100238;48.26;10;10010573045;B
20240402;100238;48.25;10;10010573091;B
20240402;100238;48.24;590;10010573096;S
20240402;100238;48.23;100;10010573097;S
20240402;100238;48.24;20;10010573099;S
20240402;100238;48.25;990;10010573110;B
20240402;100238;48.26;4010;10010573111;B
20240402;100239;48.26;100;10010573148;B
20240402;100239;48.26;24050;10010573172;B
20240402;100239;48.26;1000;10010573173;B
20240402;100239;48.26;100;10010573175;B
20240402;100239;48.26;1000;10010573243;B
20240402;100239;48.24;290;10010573244;S
20240402;100239;48.24;10;10010573245;S
20240402;100239;48.24;500;10010573246;S
20240402;100239;48.23;1100;10010573247;S
20240402;100239;48.26;1000;10010573263;B
20240402;100239;48.26;10;10010573280;B
20240402;100239;48.26;1560;10010573317;B
20240402;100240;48.26;100;10010573332;B
20240402;100240;48.26;29230;10010573351;B
20240402;100240;48.26;6300;10010573352;B
20240402;100240;48.26;2770;10010573353;B
20240402;100240;48.26;7500;10010573354;B
20240402;100240;48.26;40;10010573360;S
20240402;100240;48.26;40;10010573432;S
20240402;100240;48.28;490;10010573443;B
20240402;100240;48.29;490;10010573444;B
20240402;100240;48.3;20;10010573445;B
20240402;100241;48.26;150;10010573551;S
20240402;100241;48.28;50;10010573600;B
20240402;100241;48.29;1300;10010573648;B
20240402;100242;48.27;200;10010573758;S
20240402;100243;48.27;10;10010573961;S
20240402;100243;48.27;290;10010573998;S
20240402;100243;48.27;150;10010573999;S
20240402;100243;48.28;70;10010574014;B
20240402;100243;48.27;680;10010574021;S
20240402;100243;48.28;30;10010574071;B
20240402;100243;48.27;350;10010574082;S
20240402;100243;48.27;200;10010574102;S
20240402;100244;48.27;300;10010574197;S
20240402;100244;48.28;10;10010574213;B
20240402;100244;48.27;8320;10010574238;S
20240402;100244;48.26;3970;10010574239;S
20240402;100244;48.26;6110;10010574240;S
20240402;100244;48.26;500;10010574241;S
20240402;100244;48.26;50;10010574242;S
20240402;100244;48.26;200;10010574243;S
20240402;100244;48.25;2500;10010574244;S
20240402;100244;48.24;50;10010574245;S
20240402;100244;48.24;330;10010574246;S
20240402;100244;48.24;700;10010574247;S
20240402;100244;48.24;7270;10010574248;B
20240402;100244;48.28;100;10010574393;B
20240402;100245;48.28;2230;10010574648;B
20240402;100245;48.28;3770;10010574649;B
20240402;100246;48.29;90;10010574748;B
20240402;100246;48.28;300;10010574810;S
20240402;100246;48.28;200;10010574848;S
20240402;100247;48.27;160;10010575006;S
20240402;100247;48.27;4840;10010575007;S
20240402;100247;48.27;520;10010575022;S
20240402;100247;48.26;100;10010575069;S
20240402;100247;48.26;10000;10010575070;S
20240402;100247;48.25;80;10010575071;S
20240402;100247;48.24;1910;10010575072;S
20240402;100247;48.24;420;10010575073;S
20240402;100247;48.24;630;10010575074;S
20240402;100247;48.24;280;10010575075;S
20240402;100247;48.23;200;10010575076;S
20240402;100247;48.23;1000;10010575077;S
20240402;100247;48.23;12000;10010575078;S
20240402;100247;48.22;50;10010575079;S
20240402;100247;48.22;2400;10010575080;S
20240402;100247;48.22;50;10010575081;S
20240402;100247;48.22;50;10010575082;S
20240402;100247;48.22;200;10010575083;S
20240402;100247;48.22;4000;10010575084;S
20240402;100247;48.22;480;10010575085;S
20240402;100247;48.21;50;10010575086;S
20240402;100247;48.21;200;10010575087;S
20240402;100247;48.21;50;10010575088;S
20240402;100247;48.21;40;10010575089;S
20240402;100247;48.21;5000;10010575090;S
20240402;100247;48.21;10000;10010575091;S
20240402;100247;48.2;200;10010575092;S
20240402;100247;48.2;1270;10010575093;S
20240402;100247;48.2;80;10010575094;S
20240402;100247;48.2;29260;10010575095;S
20240402;100247;48.25;510;10010575165;B
20240402;100247;48.26;7420;10010575166;B
20240402;100247;48.26;630;10010575167;B
20240402;100247;48.27;1440;10010575168;B
20240402;100250;48.24;1310;10010575856;B
20240402;100250;48.25;14000;10010575857;B
20240402;100250;48.26;500;10010575858;B
20240402;100250;48.26;80;10010575859;B
20240402;100250;48.26;700;10010575860;B
20240402;100250;48.27;10000;10010575861;B
20240402;100250;48.28;2280;10010575862;B
20240402;100250;48.28;420;10010575863;B
20240402;100250;48.29;3910;10010575864;B
20240402;100250;48.3;80;10010575865;B
20240402;100250;48.3;6100;10010575866;B
20240402;100250;48.3;200;10010575867;B
20240402;100250;48.3;500;10010575868;B
20240402;100250;48.3;2000;10010575869;B
20240402;100250;48.31;10000;10010575870;B
20240402;100250;48.32;1830;10010575871;B
20240402;100250;48.33;1000;10010575872;B
20240402;100250;48.33;12940;10010575873;B
20240402;100250;48.34;1000;10010575874;B
20240402;100250;48.34;7150;10010575875;B
20240402;100250;48.32;20;10010575923;B
20240402;100251;48.28;1000;10010576099;B
20240402;100251;48.32;60;10010576100;B
20240402;100251;48.34;1140;10010576101;B
20240402;100252;48.28;6780;10010576133;B
20240402;100252;48.28;220;10010576134;B
20240402;100252;48.34;160;10010576140;B
20240402;100252;48.35;200;10010576141;B
20240402;100252;48.35;500;10010576142;B
20240402;100252;48.35;340;10010576143;B
20240402;100252;48.29;100;10010576253;S
20240402;100253;48.3;50;10010576394;S
20240402;100254;48.33;50;10010576660;S
20240402;100254;48.35;50;10010576675;B
20240402;100254;48.35;100;10010576676;B
20240402;100254;48.36;570;10010576677;B
20240402;100256;48.35;1000;10010577158;B
20240402;100256;48.36;1430;10010577159;B
20240402;100256;48.36;70;10010577160;B
20240402;100256;48.36;500;10010577218;B
20240402;100257;48.35;200;10010577371;B
20240402;100258;48.32;20;10010577675;S
20240402;100258;48.31;350;10010577676;S
20240402;100259;48.3;470;10010577842;S
20240402;100259;48.3;100;10010577843;S
20240402;100259;48.3;700;10010577844;S
20240402;100259;48.3;520;10010577845;S
20240402;100259;48.3;3210;10010577846;B
20240402;100259;48.35;500;10010577910;B
20240402;100301;48.32;10;10010578223;B
20240402;100301;48.31;820;10010578437;B
20240402;100302;48.3;100;10010578473;S
20240402;100302;48.31;70;10010578490;B
20240402;100302;48.3;10;10010578685;S
20240402;100302;48.29;190;10010578686;S
20240402;100302;48.31;1220;10010578689;B
20240402;100306;48.29;150;10010579699;S
20240402;100308;48.3;100;10010579983;B
20240402;100308;48.31;100;10010579984;B
20240402;100308;48.3;40;10010580072;B
20240402;100308;48.3;10;10010580117;S
20240402;100309;48.31;80;10010580291;B
20240402;100309;48.31;50;10010580320;B
20240402;100309;48.3;1320;10010580336;S
20240402;100310;48.29;60;10010580634;S
20240402;100311;48.29;20;10010580664;S
20240402;100311;48.29;920;10010580709;S
20240402;100311;48.29;50;10010580710;S
20240402;100311;48.29;30;10010580711;S
20240402;100311;48.3;200;10010580718;B
20240402;100311;48.31;10;10010580735;B
20240402;100311;48.29;20;10010580922;S
20240402;100311;48.3;590;10010580950;B
20240402;100311;48.3;2060;10010580951;B
20240402;100311;48.3;470;10010580952;B
20240402;100311;48.3;6880;10010580953;S
20240402;100312;48.29;50;10010581014;S
20240402;100312;48.28;20;10010581106;S
20240402;100313;48.28;980;10010581247;S
20240402;100313;48.26;200;10010581288;S
20240402;100314;48.26;210;10010581407;S
20240402;100314;48.26;520;10010581408;S
20240402;100314;48.26;4270;10010581409;S
20240402;100314;48.26;50;10010581410;S
20240402;100314;48.26;10;10010581411;S
20240402;100314;48.27;10;10010581513;B
20240402;100314;48.26;100;10010581554;S
20240402;100315;48.26;100;10010581628;S
20240402;100315;48.26;4900;10010581629;S
20240402;100315;48.27;530;10010581769;B
20240402;100317;48.27;790;10010582269;B
20240402;100317;48.26;50;10010582273;S
20240402;100317;48.26;10;10010582274;S
20240402;100317;48.27;230;10010582304;B
20240402;100317;48.25;30;10010582378;S
20240402;100317;48.25;50;10010582379;S
20240402;100317;48.25;920;10010582380;S
20240402;100317;48.26;50;10010582425;B
20240402;100317;48.25;500;10010582426;S
20240402;100317;48.25;10;10010582490;S
20240402;100317;48.26;100;10010582503;B
20240402;100318;48.25;20;10010582542;S
20240402;100318;48.25;440;10010582545;S
20240402;100318;48.25;1500;10010582613;S
20240402;100318;48.26;100;10010582650;B
20240402;100318;48.24;120;10010582715;S
20240402;100319;48.24;250;10010582977;S
20240402;100319;48.24;10;10010582978;S
20240402;100319;48.24;240;10010582979;S
20240402;100320;48.25;10;10010583179;B
20240402;100320;48.24;350;10010583466;S
20240402;100321;48.24;1000;10010583550;S
20240402;100321;48.25;80;10010583644;B
20240402;100321;48.24;1410;10010583728;S
20240402;100321;48.24;50;10010583729;S
20240402;100321;48.23;200;10010583730;S
20240402;100321;48.23;220;10010583731;S
20240402;100321;48.23;200;10010583732;S
20240402;100321;48.23;1000;10010583733;S
20240402;100321;48.23;50;10010583734;S
20240402;100321;48.23;7170;10010583735;S
20240402;100321;48.23;300;10010583771;S
20240402;100321;48.24;1060;10010583859;B
20240402;100321;48.24;2060;10010583860;B
20240402;100321;48.24;800;10010583861;B
20240402;100321;48.24;4080;10010583862;B
20240402;100322;48.22;200;10010584015;S
20240402;100322;48.22;1300;10010584016;S
20240402;100322;48.24;10;10010584033;B
20240402;100322;48.24;1000;10010584121;B
20240402;100323;48.22;100;10010584354;S
20240402;100324;48.22;310;10010584464;S
20240402;100324;48.22;2540;10010584528;S
20240402;100324;48.23;50;10010584531;B
20240402;100326;48.23;200;10010584879;B
20240402;100327;48.22;10;10010585057;S
20240402;100328;48.22;40;10010585273;S
20240402;100328;48.22;1360;10010585274;S
20240402;100328;48.23;130;10010585396;B
20240402;100328;48.22;700;10010585436;S
20240402;100329;48.23;30;10010585457;B
20240402;100329;48.23;200;10010585485;B
20240402;100331;48.23;150;10010586119;B
20240402;100332;48.21;10;10010586277;S
20240402;100332;48.21;40;10010586278;S
20240402;100332;48.21;10;10010586411;S
20240402;100332;48.21;10;10010586412;S
20240402;100332;48.21;110;10010586413;S
20240402;100333;48.22;500;10010586638;S
20240402;100334;48.22;1600;10010586731;S
20240402;100334;48.22;50;10010586732;S
20240402;100334;48.22;34290;10010586794;S
20240402;100334;48.21;90;10010586795;S
20240402;100334;48.21;1300;10010586796;S
20240402;100334;48.21;3000;10010586797;S
20240402;100334;48.21;2690;10010586798;S
20240402;100334;48.2;1740;10010586799;S
20240402;100334;48.2;1000;10010586800;S
20240402;100334;48.2;80;10010586801;S
20240402;100334;48.2;610;10010586802;S
20240402;100334;48.2;20;10010586803;S
20240402;100334;48.2;200;10010586804;S
20240402;100334;48.2;200;10010586805;S
20240402;100334;48.2;470;10010586806;S
20240402;100334;48.2;8140;10010586807;S
20240402;100334;48.2;50;10010586808;S
20240402;100334;48.2;100;10010586809;S
20240402;100334;48.2;50;10010586810;S
20240402;100334;48.2;2000;10010586811;S
20240402;100334;48.2;40;10010586812;S
20240402;100334;48.2;310;10010586813;S
20240402;100334;48.19;500;10010586814;S
20240402;100334;48.19;200;10010586815;S
20240402;100334;48.19;490;10010586816;S
20240402;100334;48.19;50;10010586817;S
20240402;100334;48.19;80;10010586818;S
20240402;100334;48.18;250;10010586819;S
20240402;100334;48.18;20;10010586820;S
20240402;100334;48.18;200;10010586821;S
20240402;100334;48.18;100;10010586822;S
20240402;100334;48.18;140;10010586823;S
20240402;100334;48.18;10;10010586824;S
20240402;100334;48.18;50;10010586825;S
20240402;100334;48.18;80;10010586826;S
20240402;100334;48.17;320;10010586827;S
20240402;100334;48.17;100;10010586828;S
20240402;100334;48.17;50;10010586829;S
20240402;100334;48.17;200;10010586830;S
20240402;100334;48.17;1780;10010586831;S
20240402;100334;48.17;50;10010586832;S
20240402;100334;48.16;80;10010586833;S
20240402;100334;48.16;50;10010586834;S
20240402;100334;48.16;420;10010586835;S
20240402;100334;48.16;2060;10010586836;S
20240402;100334;48.15;4000;10010586837;S
20240402;100334;48.15;660;10010586838;S
20240402;100334;48.15;1150;10010586839;S
20240402;100334;48.15;50;10010586840;S
20240402;100334;48.15;50;10010586841;S
20240402;100334;48.15;1500;10010586842;S
20240402;100334;48.15;630;10010586843;S
20240402;100334;48.14;50;10010586844;S
20240402;100334;48.14;50;10010586845;S
20240402;100334;48.14;3000;10010586846;S
20240402;100334;48.14;50;10010586847;S
20240402;100334;48.14;950;10010586848;S
20240402;100334;48.13;100;10010586849;S
20240402;100334;48.13;50;10010586850;S
20240402;100334;48.13;7420;10010586851;S
20240402;100334;48.12;210;10010586852;S
20240402;100334;48.12;2960;10010586853;S
20240402;100334;48.12;30;10010586854;S
20240402;100334;48.12;200;10010586855;S
20240402;100334;48.12;500;10010586856;S
20240402;100334;48.12;2050;10010586857;S
20240402;100334;48.12;3770;10010586858;S
20240402;100334;48.12;200;10010586859;S
20240402;100334;48.12;520;10010586860;S
20240402;100334;48.11;200;10010586861;S
20240402;100334;48.11;750;10010586862;S
20240402;100334;48.11;17000;10010586863;S
20240402;100334;48.1;2170;10010586864;S
20240402;100334;48.1;100;10010586865;S
20240402;100334;48.1;10;10010586866;S
20240402;100334;48.1;250;10010586867;S
20240402;100334;48.1;500;10010586868;S
20240402;100334;48.1;2080;10010586869;S
20240402;100334;48.1;600;10010586870;S
20240402;100334;48.1;1110;10010586871;S
20240402;100334;48.1;1110;10010586872;S
20240402;100334;48.1;100;10010586873;S
20240402;100334;48.1;100;10010586874;S
20240402;100334;48.1;100;10010586875;S
20240402;100334;48.1;200;10010586876;S
20240402;100334;48.1;3000;10010586877;S
20240402;100334;48.09;100;10010586878;S
20240402;100334;48.09;1000;10010586879;S
20240402;100334;48.08;10;10010586880;S
20240402;100334;48.08;25000;10010586881;S
20240402;100334;48.08;700;10010586882;S
20240402;100334;48.07;1000;10010586883;S
20240402;100334;48.07;5000;10010586884;S
20240402;100334;48.06;200;10010586885;S
20240402;100334;48.05;10;10010586886;S
20240402;100334;48.05;10;10010586887;S
20240402;100334;48.05;2000;10010586888;S
20240402;100334;48.05;3260;10010586889;S
20240402;100334;48.05;1000;10010586890;S
20240402;100334;48.05;50;10010586891;S
20240402;100334;48.05;2080;10010586892;S
20240402;100334;48.06;950;10010586893;S
20240402;100334;48.06;50;10010586894;S
20240402;100334;48.17;80;10010586896;S
20240402;100334;48.2;130;10010586903;B
20240402;100334;48.07;480;10010586911;S
20240402;100334;48.06;2060;10010586912;S
20240402;100334;48.05;2420;10010586913;S
20240402;100334;48.05;550;10010586914;S
20240402;100334;48.05;420;10010586915;S
20240402;100334;48.05;620;10010586916;S
20240402;100334;48.04;450;10010586917;S
20240402;100334;48.06;150;10010586953;S
20240402;100334;48.05;550;10010586954;S
20240402;100334;48.05;1500;10010586955;S
20240402;100335;48.11;20;10010586985;B
20240402;100335;48.12;10;10010586990;B
20240402;100335;48.16;100;10010586991;B
20240402;100335;48.11;10;10010587026;B
20240402;100337;48.11;70;10010587352;B
20240402;100337;48.11;30;10010587353;B
20240402;100337;48.1;50;10010587361;S
20240402;100337;48.1;50;10010587362;S
20240402;100337;48.1;100;10010587363;S
20240402;100337;48.1;2800;10010587364;S
20240402;100337;48.1;3000;10010587420;S
20240402;100337;48.1;50;10010587421;S
20240402;100337;48.1;100;10010587422;S
20240402;100337;48.1;50;10010587423;S
20240402;100337;48.09;20;10010587424;S
20240402;100337;48.07;1000;10010587425;S
20240402;100337;48.05;560;10010587426;S
20240402;100337;48.05;990;10010587427;S
20240402;100337;48.04;660;10010587428;S
20240402;100337;48.04;1110;10010587429;S
20240402;100337;48.04;700;10010587430;S
20240402;100337;48.04;10000;10010587431;S
20240402;100337;48.04;270;10010587432;S
20240402;100337;48.04;80;10010587433;S
20240402;100337;48.03;710;10010587434;S
20240402;100337;48.03;100;10010587435;S
20240402;100337;48.03;30;10010587436;S
20240402;100337;48.03;200;10010587437;S
20240402;100337;48.03;10;10010587438;S
20240402;100337;48.03;50;10010587439;S
20240402;100337;48.03;240;10010587440;S
20240402;100337;48.02;70;10010587441;S
20240402;100337;48.09;20;10010587442;B
20240402;100337;48.09;100;10010587443;B
20240402;100337;48.09;10;10010587467;B
20240402;100337;48.08;200;10010587499;B
20240402;100337;48.03;10;10010587518;S
20240402;100338;48.08;370;10010587611;B
20240402;100338;48.09;1130;10010587612;B
20240402;100338;48.05;90;10010587625;S
20240402;100339;48.09;70;10010587838;B
20240402;100339;48.1;560;10010587839;B
20240402;100339;48.11;630;10010587840;B
20240402;100339;48.11;420;10010587841;B
20240402;100339;48.12;820;10010587842;B
20240402;100339;48.11;10;10010587901;S
20240402;100339;48.06;50;10010587904;S
20240402;100339;48.06;50;10010587905;S
20240402;100339;48.06;250;10010587906;S
20240402;100339;48.05;10;10010587907;S
20240402;100339;48.05;40;10010587908;S
20240402;100340;48.07;20;10010588047;S
20240402;100340;48.06;480;10010588048;S
20240402;100340;48.12;550;10010588111;B
20240402;100340;48.12;1450;10010588112;B
20240402;100340;48.06;100;10010588159;S
20240402;100341;48.06;300;10010588282;S
20240402;100341;48.07;100;10010588336;S
20240402;100341;48.06;120;10010588337;S
20240402;100341;48.06;100;10010588338;S
20240402;100341;48.05;10;10010588339;S
20240402;100341;48.04;250;10010588340;S
20240402;100341;48.04;250;10010588341;S
20240402;100341;48.04;250;10010588342;S
20240402;100341;48.04;10;10010588343;S
20240402;100341;48.04;80;10010588344;S
20240402;100341;48.03;510;10010588345;S
20240402;100341;48.03;550;10010588346;S
20240402;100341;48.02;330;10010588347;S
20240402;100341;48.11;500;10010588387;B
20240402;100341;48.11;300;10010588388;B
20240402;100342;48.04;150;10010588482;S
20240402;100343;48.04;50;10010588566;S
20240402;100343;48.1;10;10010588647;B
20240402;100344;48.09;250;10010588932;B
20240402;100344;48.1;530;10010588933;B
20240402;100344;48.1;10;10010588934;B
20240402;100345;48.1;10;10010589028;B
20240402;100346;48.07;100;10010589333;S
20240402;100346;48.06;3000;10010589334;S
20240402;100346;48.06;200;10010589335;S
20240402;100346;48.06;500;10010589336;B
20240402;100346;48.06;500;10010589337;B
20240402;100346;48.06;1420;10010589338;B
20240402;100348;48.06;500;10010589601;S
20240402;100348;48.09;10;10010589673;B
20240402;100349;48.09;1000;10010589809;B
20240402;100349;48.07;100;10010589863;S
20240402;100349;48.06;700;10010589864;S
20240402;100349;48.09;990;10010589909;B
20240402;100349;48.09;110;10010589910;B
20240402;100349;48.06;260;10010589912;S
20240402;100350;48.09;10;10010589985;B
20240402;100350;48.06;540;10010590111;S
20240402;100350;48.06;100;10010590112;S
20240402;100350;48.06;2000;10010590113;S
20240402;100350;48.05;200;10010590114;S
20240402;100350;48.05;10;10010590115;S
20240402;100350;48.05;800;10010590116;S
20240402;100350;48.05;10;10010590117;S
20240402;100350;48.05;550;10010590118;S
20240402;100350;48.05;10;10010590119;S
20240402;100350;48.04;120;10010590120;S
20240402;100350;48.04;100;10010590121;S
20240402;100350;48.04;560;10010590122;S
20240402;100350;48.08;1000;10010590124;B
20240402;100351;48.06;50;10010590159;S
20240402;100351;48.06;50;10010590199;S
20240402;100351;48.04;100;10010590200;S
20240402;100351;48.04;3850;10010590201;S
20240402;100352;48.04;250;10010590352;S
20240402;100352;48.07;10;10010590353;B
20240402;100352;48.07;200;10010590392;B
20240402;100352;48.07;5000;10010590485;B
