<DATE>;<TIME>;<LAST>;<VOL>;<ID>;<OPER>
20240409;095936;50.19;10;10077832369;S
20240409;095936;50.19;50;10077832370;S
20240409;095936;50.19;60;10077832371;B
20240409;095936;50.19;100;10077832372;S
20240409;095936;50.19;700;10077832373;S
20240409;095936;50.19;30;10077832374;S
20240409;095936;50.19;10;10077832375;S
20240409;095936;50.19;30;10077832376;S
20240409;095936;50.19;20;10077832377;S
20240409;095936;50.19;10;10077832378;S
20240409;095936;50.19;1180;10077832379;S
20240409;095936;50.19;10;10077832380;B
20240409;095936;50.19;100;10077832381;S
20240409;095936;50.19;100;10077832382;B
20240409;095936;50.19;960;10077832383;B
20240409;095936;50.19;1500;10077832384;S
20240409;095936;50.19;190;10077832385;B
20240409;095936;50.19;10;10077832386;B
20240409;095936;50.19;20;10077832387;B
20240409;095936;50.19;10;10077832388;B
20240409;095936;50.19;50;10077832389;B
20240409;095936;50.19;160;10077832390;B
20240409;095936;50.19;1840;10077832391;B
20240409;095936;50.19;10;10077832392;B
20240409;095936;50.19;20;10077832393;B
20240409;095936;50.19;250;10077832394;B
20240409;095936;50.19;600;10077832395;B
20240409;095936;50.19;10;10077832396;B
20240409;095936;50.19;280;10077832397;B
20240409;095936;50.19;530;10077832398;B
20240409;095936;50.19;10;10077832399;B
20240409;095936;50.19;60;10077832400;B
20240409;095936;50.19;100;10077832401;B
20240409;095936;50.19;20;10077832402;B
20240409;095936;50.19;10;10077832403;B
20240409;095936;50.19;10;10077832404;B
20240409;095936;50.19;30;10077832405;B
20240409;095936;50.19;10;10077832406;B
20240409;095936;50.19;500;10077832407;B
20240409;095936;50.19;6320;10077832408;B
20240409;095936;50.19;430;10077832409;B
20240409;095936;50.19;10;10077832410;B
20240409;095936;50.19;3600;10077832411;B
20240409;095936;50.19;10;10077832412;S
20240409;095936;50.19;30;10077832413;S
20240409;095936;50.19;50;10077832414;S
20240409;095936;50.19;250;10077832415;S
20240409;095936;50.19;10;10077832416;S
20240409;095936;50.19;5020;10077832417;S
20240409;095936;50.19;10;10077832418;S
20240409;095936;50.19;30;10077832419;S
20240409;095936;50.19;30;10077832420;S
20240409;095936;50.19;30;10077832421;S
20240409;095936;50.19;30;10077832422;S
20240409;095936;50.19;30;10077832423;S
20240409;095936;50.19;30;10077832424;S
20240409;095936;50.19;30;10077832425;S
20240409;095936;50.19;30;10077832426;S
20240409;095936;50.19;10;10077832427;B
20240409;095936;50.19;20;10077832428;S
20240409;095936;50.19;30;10077832429;S
20240409;095936;50.19;7000;10077832430;S
20240409;095936;50.19;10;10077832431;S
20240409;095936;50.19;200;10077832432;B
20240409;095936;50.19;1520;10077832433;S
20240409;095936;50.19;40;10077832434;S
20240409;095936;50.19;5190;10077832435;S
20240409;095936;50.19;50;10077832436;S
20240409;095936;50.19;20;10077832437;B
20240409;095936;50.19;20;10077832438;B
20240409;095936;50.19;3400;10077832439;S
20240409;095936;50.19;6600;10077832440;S
20240409;095936;50.19;2000;10077832441;S
20240409;095936;50.19;320;10077832442;B
20240409;095936;50.19;10;10077832443;B
20240409;100000;50.19;100;10077839890;S
20240409;100000;50.19;400;10077839892;S
20240409;100000;50.19;400;10077839919;S
20240409;100000;50.19;700;10077839988;S
20240409;100000;50.19;2300;10077840097;S
20240409;100001;50.19;100;10077840680;S
20240409;100001;50.19;250;10077840719;S
20240409;100001;50.2;10;10077841152;B
20240409;100001;50.2;4500;10077841153;B
20240409;100001;50.2;10;10077841154;B
20240409;100001;50.2;1500;10077841155;B
20240409;100001;50.21;100;10077841157;S
20240409;100001;50.21;440;10077841263;S
20240409;100002;50.23;20;10077841807;B
20240409;100002;50.23;40;10077841808;B
20240409;100002;50.23;700;10077841809;B
20240409;100002;50.24;680;10077841810;B
20240409;100002;50.25;300;10077841811;B
20240409;100002;50.26;150;10077841812;B
20240409;100002;50.26;1370;10077841813;B
20240409;100002;50.22;100;10077841816;S
20240409;100002;50.27;100;10077841936;B
20240409;100002;50.28;40;10077841937;B
20240409;100002;50.28;2600;10077841938;B
20240409;100002;50.28;1400;10077841939;B
20240409;100002;50.28;3000;10077841940;B
20240409;100002;50.29;40;10077841941;B
20240409;100002;50.29;1770;10077841942;B
20240409;100002;50.24;240;10077841978;S
20240409;100002;50.24;100;10077842534;S
20240409;100002;50.24;40;10077842592;S
20240409;100002;50.23;150;10077842608;S
20240409;100003;50.28;10;10077842820;B
20240409;100003;50.21;10;10077843229;S
20240409;100003;50.21;10;10077843239;S
20240409;100003;50.23;100;10077843241;B
20240409;100004;50.21;2400;10077843806;S
20240409;100004;50.21;20;10077844178;S
20240409;100005;50.21;160;10077844490;S
20240409;100005;50.21;20;10077844491;S
20240409;100005;50.23;10;10077844493;B
20240409;100005;50.21;50;10077844495;S
20240409;100005;50.23;100;10077844513;B
20240409;100005;50.21;150;10077845482;S
20240409;100005;50.23;200;10077845605;B
20240409;100006;50.23;10;10077845680;B
20240409;100006;50.23;10;10077846077;B
20240409;100006;50.23;10;10077846082;B
20240409;100006;50.23;10;10077846089;B
20240409;100006;50.23;20;10077846094;B
20240409;100006;50.21;20;10077846105;S
20240409;100006;50.23;20;10077846136;B
20240409;100006;50.23;10;10077846142;B
20240409;100006;50.23;10;10077846146;B
20240409;100006;50.21;10;10077846243;S
20240409;100006;50.21;20;10077846245;S
20240409;100006;50.23;10;10077846248;B
20240409;100006;50.21;10;10077846251;S
20240409;100006;50.23;10;10077846254;B
20240409;100006;50.21;70;10077846642;S
20240409;100006;50.23;10;10077847024;B
20240409;100006;50.21;10;10077847031;S
20240409;100006;50.23;60;10077847037;B
20240409;100006;50.23;10;10077847045;B
20240409;100006;50.21;10;10077847048;S
20240409;100006;50.21;10;10077847051;S
20240409;100006;50.21;10;10077847058;S
20240409;100006;50.23;20;10077847062;B
20240409;100006;50.23;10;10077847212;B
20240409;100006;50.23;20;10077847215;B
20240409;100006;50.23;10;10077847220;B
20240409;100006;50.23;30;10077847243;B
20240409;100006;50.21;340;10077847246;S
20240409;100006;50.23;20;10077847251;B
20240409;100006;50.23;780;10077847378;B
20240409;100006;50.25;250;10077847379;B
20240409;100006;50.25;20;10077847380;B
20240409;100006;50.25;380;10077847381;B
20240409;100006;50.28;1390;10077847382;B
20240409;100006;50.28;2600;10077847383;B
20240409;100006;50.28;100;10077847384;B
20240409;100006;50.29;2000;10077847385;B
20240409;100006;50.29;3600;10077847386;B
20240409;100006;50.3;20;10077847387;B
20240409;100006;50.3;50;10077847388;B
20240409;100006;50.3;510;10077847389;B
20240409;100006;50.24;460;10077847396;S
20240409;100007;50.24;230;10077847690;B
20240409;100007;50.21;10;10077847830;S
20240409;100007;50.21;10;10077848161;S
20240409;100007;50.21;10;10077848162;S
20240409;100007;50.24;10;10077848163;B
20240409;100007;50.21;10;10077848261;S
20240409;100007;50.24;10;10077848294;B
20240409;100007;50.24;10;10077848304;B
20240409;100007;50.24;10;10077848319;B
20240409;100007;50.24;10;10077848330;B
20240409;100007;50.24;90;10077848339;B
20240409;100007;50.24;10;10077848348;B
20240409;100007;50.21;20;10077848356;S
20240409;100007;50.21;700;10077848377;S
20240409;100007;50.24;90;10077848496;B
20240409;100007;50.24;30;10077848504;B
20240409;100007;50.21;100;10077848596;S
20240409;100007;50.21;230;10077848666;S
20240409;100007;50.21;10;10077848667;S
20240409;100007;50.21;20;10077848668;S
20240409;100007;50.24;100;10077848670;B
20240409;100007;50.24;10;10077848671;B
20240409;100007;50.24;20;10077848672;B
20240409;100007;50.24;10;10077848673;B
20240409;100007;50.24;10;10077849182;B
20240409;100007;50.24;10;10077849194;B
20240409;100007;50.24;10;10077849201;B
20240409;100007;50.24;10;10077849206;B
20240409;100007;50.24;10;10077849212;B
20240409;100007;50.24;10;10077849216;B
20240409;100007;50.24;10;10077849221;B
20240409;100007;50.21;40;10077849225;S
20240409;100007;50.21;40;10077849315;S
20240409;100007;50.24;20;10077849318;B
20240409;100007;50.21;10;10077849323;S
20240409;100007;50.21;10;10077849331;S
20240409;100007;50.24;20;10077849339;B
20240409;100008;50.24;10;10077849692;B
20240409;100008;50.24;10;10077849697;B
20240409;100008;50.24;10;10077849942;B
20240409;100008;50.21;120;10077849948;S
20240409;100008;50.21;10;10077850151;S
20240409;100008;50.21;10;10077850153;S
20240409;100008;50.21;10;10077850154;S
20240409;100008;50.21;150;10077850166;S
20240409;100008;50.21;140;10077850184;S
20240409;100008;50.24;10;10077850528;B
20240409;100008;50.24;10;10077850530;B
20240409;100008;50.21;50;10077850534;S
20240409;100008;50.21;100;10077850538;S
20240409;100008;50.21;10;10077850540;S
20240409;100008;50.24;10;10077850545;B
20240409;100009;50.24;30;10077851045;B
20240409;100009;50.25;460;10077851046;B
20240409;100009;50.28;1000;10077851047;B
20240409;100009;50.3;140;10077851048;B
20240409;100009;50.3;20;10077851049;B
20240409;100009;50.3;2600;10077851050;B
20240409;100009;50.3;1400;10077851051;B
20240409;100009;50.3;800;10077851052;B
20240409;100009;50.3;7160;10077851053;B
20240409;100009;50.31;200;10077851054;B
20240409;100009;50.31;30;10077851055;B
20240409;100009;50.31;30;10077851056;B
20240409;100009;50.31;1530;10077851057;B
20240409;100009;50.31;650;10077851058;B
20240409;100009;50.31;90;10077851059;B
20240409;100009;50.31;10;10077851060;B
20240409;100009;50.32;1730;10077851061;B
20240409;100009;50.32;350;10077851062;B
20240409;100009;50.32;1760;10077851063;B
20240409;100009;50.24;460;10077851313;S
20240409;100009;50.24;2040;10077851314;S
20240409;100009;50.23;10;10077851338;S
20240409;100010;50.23;10;10077851452;S
20240409;100010;50.23;10;10077851657;S
20240409;100010;50.29;210;10077851683;B
20240409;100010;50.29;250;10077851724;B
20240409;100010;50.29;10;10077851725;B
20240409;100010;50.31;480;10077851726;B
20240409;100010;50.31;10;10077851745;B
20240409;100010;50.31;50;10077851982;B
20240409;100011;50.31;810;10077852087;B
20240409;100011;50.24;5000;10077852315;S
20240409;100011;50.24;900;10077852404;S
20240409;100011;50.24;40;10077852512;S
20240409;100012;50.31;10;10077852675;B
20240409;100012;50.31;10;10077852692;B
20240409;100012;50.31;90;10077852693;B
20240409;100012;50.31;530;10077852694;B
20240409;100013;50.24;10;10077852977;S
20240409;100014;50.23;400;10077853164;S
20240409;100014;50.28;400;10077853240;B
20240409;100014;50.29;1400;10077853241;B
20240409;100014;50.29;1000;10077853279;B
20240409;100016;50.23;10;10077853859;S
20240409;100016;50.24;30;10077854062;S
20240409;100016;50.24;290;10077854082;S
20240409;100019;50.25;100;10077854950;S
20240409;100019;50.25;30;10077854951;S
20240409;100019;50.25;10;10077854971;S
20240409;100019;50.28;10;10077855098;B
20240409;100024;50.29;1400;10077856413;B
20240409;100024;50.29;50;10077856414;B
20240409;100024;50.3;2550;10077856415;B
20240409;100026;50.29;400;10077857174;B
20240409;100027;50.29;600;10077857296;B
20240409;100027;50.26;10;10077857390;S
20240409;100028;50.28;100;10077857495;S
20240409;100029;50.28;250;10077857996;S
20240409;100030;50.27;20;10077858335;S
20240409;100031;50.28;10;10077858504;B
20240409;100032;50.27;1980;10077858988;S
20240409;100032;50.27;2000;10077858989;S
20240409;100032;50.27;2000;10077858990;S
20240409;100032;50.27;2000;10077858991;S
20240409;100032;50.27;1720;10077858992;S
20240409;100033;50.28;40;10077859379;B
20240409;100034;50.28;200;10077859498;B
20240409;100034;50.28;20;10077859619;B
20240409;100035;50.27;280;10077859931;S
20240409;100035;50.27;2000;10077859932;S
20240409;100035;50.27;540;10077859933;S
20240409;100035;50.27;1460;10077859953;S
20240409;100035;50.27;540;10077859954;S
20240409;100038;50.28;20;10077860624;B
20240409;100039;50.28;100;10077860777;B
20240409;100039;50.27;250;10077860783;S
20240409;100040;50.27;210;10077861158;S
20240409;100040;50.26;50;10077861159;S
20240409;100040;50.26;2500;10077861160;S
20240409;100040;50.25;460;10077861161;S
20240409;100040;50.24;500;10077861162;S
20240409;100040;50.24;1280;10077861163;S
20240409;100040;50.28;1000;10077861164;B
20240409;100040;50.28;460;10077861165;B
20240409;100040;50.28;540;10077861166;B
20240409;100040;50.28;800;10077861168;B
20240409;100040;50.28;1000;10077861169;B
20240409;100040;50.27;1000;10077861170;B
20240409;100040;50.26;1000;10077861172;B
20240409;100040;50.28;900;10077861175;B
20240409;100040;50.25;90;10077861176;B
20240409;100040;50.26;910;10077861177;B
20240409;100040;50.26;1000;10077861178;B
20240409;100040;50.26;1000;10077861179;B
20240409;100040;50.26;1000;10077861180;B
20240409;100041;50.25;1000;10077861317;B
20240409;100041;50.25;460;10077861318;S
20240409;100041;50.24;250;10077861346;S
20240409;100041;50.24;130;10077861569;S
20240409;100043;50.25;1000;10077861965;B
20240409;100043;50.25;100;10077861966;B
20240409;100043;50.25;7900;10077861984;B
20240409;100044;50.24;340;10077862321;S
20240409;100044;50.24;40;10077862322;S
20240409;100045;50.24;1620;10077862638;B
20240409;100045;50.26;380;10077862639;B
20240409;100046;50.26;80;10077862786;B
20240409;100046;50.27;920;10077862787;B
20240409;100046;50.27;20;10077862877;B
20240409;100046;50.27;10;10077863003;B
20240409;100047;50.24;4000;10077863340;S
20240409;100047;50.23;460;10077863438;S
20240409;100047;50.22;2130;10077863439;S
20240409;100048;50.26;460;10077863689;B
20240409;100048;50.27;1650;10077863690;B
20240409;100048;50.27;890;10077863691;B
20240409;100048;50.21;240;10077863700;S
20240409;100048;50.21;5740;10077863750;S
20240409;100048;50.25;100;10077863957;B
20240409;100049;50.25;10;10077864342;B
20240409;100053;50.25;10;10077865423;B
20240409;100053;50.21;460;10077865516;S
20240409;100053;50.2;540;10077865517;S
20240409;100054;50.24;40;10077865837;B
20240409;100055;50.24;10;10077866201;B
20240409;100055;50.24;410;10077866343;B
20240409;100055;50.25;1790;10077866344;B
20240409;100055;50.24;500;10077866381;B
20240409;100056;50.21;460;10077866753;S
20240409;100056;50.2;10;10077866762;S
20240409;100057;50.21;1540;10077866973;B
20240409;100057;50.22;460;10077866974;B
20240409;100057;50.22;90;10077867100;B
20240409;100057;50.2;450;10077867156;S
20240409;100058;50.2;9720;10077867255;S
20240409;100059;50.2;3260;10077867581;S
20240409;100059;50.2;10;10077867582;S
20240409;100100;50.17;10;10077868065;S
20240409;100100;50.16;40;10077868066;S
20240409;100100;50.15;50;10077868067;S
20240409;100100;50.15;200;10077868099;S
20240409;100100;50.15;10;10077868142;S
20240409;100100;50.15;150;10077868160;S
20240409;100103;50.15;10;10077869230;S
20240409;100103;50.18;10;10077869308;B
20240409;100104;50.18;30;10077869545;B
20240409;100104;50.18;100;10077869553;B
20240409;100104;50.14;30;10077869660;S
20240409;100106;50.16;10;10077870291;B
20240409;100108;50.16;450;10077870775;B
20240409;100108;50.17;350;10077870776;B
20240409;100108;50.12;40;10077870967;S
20240409;100109;50.16;10;10077871169;B
20240409;100109;50.12;500;10077871194;S
20240409;100109;50.12;460;10077871195;S
20240409;100109;50.11;3210;10077871196;S
20240409;100110;50.11;1770;10077871408;S
20240409;100110;50.11;1000;10077871409;S
20240409;100110;50.1;1500;10077871410;S
20240409;100110;50.1;10;10077871411;S
20240409;100110;50.1;720;10077871412;S
20240409;100111;50.1;700;10077871780;S
20240409;100112;50.14;460;10077872027;B
20240409;100115;50.14;100;10077873045;S
20240409;100115;50.14;90;10077873102;S
20240409;100115;50.14;100;10077873144;S
20240409;100118;50.16;40;10077873825;B
20240409;100118;50.16;100;10077873995;B
20240409;100120;50.16;20;10077874727;B
20240409;100121;50.16;840;10077875203;B
20240409;100121;50.16;500;10077875204;B
20240409;100121;50.16;920;10077875205;B
20240409;100121;50.14;20;10077875235;S
20240409;100123;50.14;1800;10077876009;S
20240409;100124;50.15;10;10077876150;B
20240409;100125;50.14;430;10077876431;S
20240409;100128;50.14;10;10077877265;B
20240409;100128;50.14;20;10077877415;B
20240409;100130;50.14;30;10077877794;B
20240409;100132;50.13;30;10077878563;B
20240409;100133;50.13;20;10077878736;B
20240409;100133;50.14;10;10077878737;B
20240409;100133;50.14;10;10077878831;B
20240409;100133;50.14;200;10077878835;B
20240409;100133;50.14;100;10077878883;B
20240409;100133;50.14;30;10077879033;B
20240409;100135;50.11;10;10077879505;S
20240409;100136;50.14;230;10077879802;B
20240409;100137;50.14;30;10077880021;B
20240409;100139;50.12;50;10077880576;B
20240409;100139;50.11;400;10077880602;S
20240409;100139;50.1;10;10077880603;S
20240409;100139;50.1;590;10077880604;S
20240409;100140;50.13;30;10077880773;B
20240409;100143;50.11;210;10077881357;S
20240409;100143;50.1;410;10077881358;S
20240409;100143;50.1;10;10077881359;S
20240409;100143;50.1;500;10077881360;S
20240409;100143;50.1;1000;10077881361;S
20240409;100143;50.09;460;10077881362;S
20240409;100143;50.09;1000;10077881363;S
20240409;100143;50.08;1000;10077881364;S
20240409;100143;50.08;800;10077881365;S
20240409;100143;50.07;1000;10077881366;S
20240409;100143;50.07;2530;10077881367;S
20240409;100145;50.12;30;10077881763;B
20240409;100146;50.11;10;10077882186;B
20240409;100147;50.08;100;10077882312;S
20240409;100147;50.08;4900;10077882313;S
20240409;100147;50.11;990;10077882385;B
20240409;100147;50.11;2600;10077882386;B
20240409;100147;50.11;500;10077882387;B
20240409;100147;50.11;4510;10077882388;B
20240409;100147;50.1;2600;10077882456;B
20240409;100147;50.1;980;10077882457;B
20240409;100149;50.08;30;10077882836;S
20240409;100150;50.09;20;10077883193;B
20240409;100151;50.08;10;10077883323;S
20240409;100152;50.08;60;10077883669;S
20240409;100152;50.07;360;10077883670;S
20240409;100152;50.07;50;10077883671;S
20240409;100152;50.07;30;10077883672;S
20240409;100201;50.08;200;10077885637;B
20240409;100201;50.07;30;10077885812;S
20240409;100201;50.06;210;10077885813;S
20240409;100202;50.08;100;10077886062;B
20240409;100203;50.07;10;10077886093;S
20240409;100203;50.07;100;10077886094;B
20240409;100203;50.07;100;10077886100;B
20240409;100203;50.07;100;10077886134;B
20240409;100203;50.07;100;10077886173;B
20240409;100203;50.07;100;10077886194;B
20240409;100203;50.07;100;10077886235;B
20240409;100203;50.07;100;10077886250;B
20240409;100203;50.07;100;10077886270;B
20240409;100203;50.07;100;10077886291;B
20240409;100203;50.07;100;10077886313;B
20240409;100203;50.07;100;10077886331;B
20240409;100204;50.07;100;10077886352;B
20240409;100204;50.07;100;10077886369;B
20240409;100204;50.07;100;10077886386;B
20240409;100204;50.07;100;10077886399;B
20240409;100204;50.07;100;10077886441;B
20240409;100204;50.06;10;10077886466;S
20240409;100204;50.07;100;10077886472;B
20240409;100204;50.07;100;10077886497;B
20240409;100204;50.07;100;10077886507;B
20240409;100204;50.07;10;10077886509;B
20240409;100204;50.07;100;10077886541;B
20240409;100204;50.07;100;10077886645;B
20240409;100205;50.07;100;10077886675;B
20240409;100205;50.07;100;10077886694;B
20240409;100205;50.07;100;10077886711;B
20240409;100205;50.07;100;10077886725;B
20240409;100205;50.07;100;10077886750;B
20240409;100205;50.07;100;10077886770;B
20240409;100205;50.07;100;10077886791;B
20240409;100205;50.07;100;10077886813;B
20240409;100205;50.07;100;10077886836;B
20240409;100205;50.07;100;10077886855;B
20240409;100206;50.07;80;10077886873;B
20240409;100207;50.06;10;10077887198;S
20240409;100208;50.07;1000;10077887262;B
20240409;100208;50.07;250;10077887275;B
20240409;100212;50.07;20;10077888315;B
20240409;100214;50.07;300;10077888714;B
20240409;100214;50.06;10;10077888828;S
20240409;100215;50.07;20;10077889131;B
20240409;100217;50.06;1630;10077889486;S
20240409;100217;50.06;1000;10077889688;S
20240409;100219;50.07;1000;10077890002;B
20240409;100220;50.07;200;10077890334;B
20240409;100221;50.07;250;10077890396;B
20240409;100221;50.06;30;10077890646;S
20240409;100222;50.07;500;10077890680;B
20240409;100225;50.07;200;10077891445;B
20240409;100226;50.07;30;10077891639;B
20240409;100226;50.06;100;10077891673;S
20240409;100226;50.05;300;10077891674;S
20240409;100226;50.05;500;10077891675;S
20240409;100226;50.05;10;10077891676;S
20240409;100226;50.05;20;10077891677;S
20240409;100226;50.05;510;10077891678;S
20240409;100229;50.05;2000;10077892471;B
20240409;100230;50.05;100;10077892689;B
20240409;100231;50.05;5000;10077892800;B
20240409;100232;50.04;10;10077893015;S
20240409;100233;50.04;60;10077893336;S
20240409;100234;50.05;10;10077893503;B
20240409;100236;50.05;10;10077893773;B
20240409;100236;50.04;30;10077893774;S
20240409;100236;50.04;70;10077893775;S
20240409;100236;50.04;10;10077893820;S
20240409;100236;50.04;170;10077893826;S
20240409;100236;50.04;50;10077893827;S
20240409;100236;50.04;680;10077893828;S
20240409;100236;50.04;1400;10077893829;S
20240409;100236;50.04;700;10077893830;S
20240409;100236;50.04;40;10077893855;S
20240409;100237;50.04;40;10077893993;S
20240409;100237;50.04;220;10077894014;S
20240409;100237;50.03;20;10077894015;S
20240409;100237;50.03;990;10077894016;S
20240409;100237;50.03;10;10077894017;S
20240409;100237;50.03;20;10077894018;S
20240409;100237;50.03;2000;10077894019;S
20240409;100237;50.03;10;10077894020;S
20240409;100237;50.03;10;10077894021;S
20240409;100237;50.03;10;10077894022;S
20240409;100237;50.03;1710;10077894023;S
20240409;100239;50.04;10;10077894392;B
20240409;100239;50.03;1000;10077894402;S
20240409;100243;50.03;2000;10077895197;S
20240409;100243;50.04;10;10077895220;B
20240409;100244;50.03;30;10077895407;S
20240409;100244;50.04;80;10077895508;B
20240409;100245;50.03;260;10077895669;S
20240409;100245;50.03;10;10077895670;S
20240409;100245;50.03;10;10077895671;S
20240409;100245;50.03;10;10077895672;S
20240409;100245;50.03;10;10077895673;S
20240409;100245;50.03;10;10077895674;S
20240409;100245;50.03;110;10077895675;S
20240409;100245;50.03;150;10077895676;S
20240409;100245;50.03;30;10077895677;S
20240409;100247;50.03;10;10077895994;S
20240409;100247;50.03;10;10077895995;S
20240409;100247;50.03;60;10077895996;S
20240409;100247;50.03;320;10077895997;S
20240409;100247;50.04;80;10077896108;B
20240409;100247;50.03;270;10077896121;S
20240409;100248;50.04;3180;10077896333;B
20240409;100248;50.04;1000;10077896334;B
20240409;100248;50.04;1400;10077896335;B
20240409;100248;50.04;2600;10077896336;B
20240409;100248;50.04;1820;10077896337;B
20240409;100249;50.03;30;10077896487;S
20240409;100250;50.04;10;10077896603;B
20240409;100250;50.04;1170;10077896635;B
20240409;100250;50.04;1830;10077896636;B
20240409;100250;50.05;190;10077896719;B
20240409;100251;50.05;40;10077896941;B
20240409;100251;50.04;500;10077896990;S
20240409;100251;50.04;2000;10077896991;S
20240409;100251;50.04;590;10077896992;S
20240409;100251;50.04;1400;10077896993;S
20240409;100251;50.04;2600;10077896994;S
20240409;100251;50.03;30;10077896995;S
20240409;100251;50.03;10;10077896996;S
20240409;100251;50.03;20;10077896997;S
20240409;100251;50.03;10;10077896998;S
20240409;100251;50.03;10;10077896999;S
20240409;100251;50.03;20;10077897000;S
20240409;100251;50.03;200;10077897001;S
20240409;100251;50.03;2610;10077897002;S
20240409;100252;50.03;7390;10077897398;S
20240409;100252;50.03;40;10077897399;S
20240409;100252;50.03;10;10077897400;S
20240409;100252;50.03;200;10077897401;B
20240409;100252;50.02;70;10077897623;S
20240409;100255;50.03;250;10077898049;B
20240409;100256;50.02;80;10077898363;S
20240409;100257;50.02;160;10077898479;S
20240409;100257;50.03;2000;10077898498;B
20240409;100257;50.03;10;10077898662;B
20240409;100259;50.03;10;10077898891;B
20240409;100303;50.03;280;10077899581;B
20240409;100303;50.03;80;10077899722;B
20240409;100304;50.03;10;10077899777;B
20240409;100304;50.02;60;10077899867;S
20240409;100305;50.02;540;10077900172;S
20240409;100305;50.02;1400;10077900173;S
20240409;100305;50.01;210;10077900174;S
20240409;100305;50.01;30;10077900175;S
20240409;100305;50.01;30;10077900176;S
20240409;100305;50.01;2000;10077900177;S
20240409;100305;50.01;50;10077900178;S
20240409;100305;50.01;240;10077900179;S
20240409;100305;50.01;20;10077900180;S
20240409;100305;50.01;1500;10077900181;S
20240409;100305;50.01;920;10077900182;S
20240409;100305;50.01;60;10077900183;S
20240409;100305;50.02;280;10077900254;B
20240409;100306;50.02;10;10077900476;B
20240409;100307;50;1250;10077900637;S
20240409;100307;50;800;10077900638;S
20240409;100307;50;20;10077900639;S
20240409;100307;50;20;10077900640;S
20240409;100307;50;10;10077900641;S
20240409;100307;50;20;10077900642;S
20240409;100307;50;1380;10077900643;S
20240409;100307;50;40;10077900718;S
20240409;100311;50.01;20;10077901574;B
20240409;100312;50;300;10077901754;S
20240409;100316;50.01;10;10077903248;B
20240409;100317;50;2000;10077903639;S
20240409;100317;50.01;500;10077903668;B
20240409;100318;50;1810;10077904074;S
20240409;100319;50.01;10;10077904404;B
20240409;100319;50;400;10077904508;S
20240409;100321;50;160;10077905067;S
20240409;100322;50;20;10077905192;S
20240409;100322;50;500;10077905211;S
20240409;100323;50;8810;10077905365;S
20240409;100323;50.01;20;10077905516;B
20240409;100325;50;10;10077905962;S
20240409;100326;50.01;50;10077906136;B
20240409;100330;50.01;10;10077906750;B
20240409;100330;50.01;10;10077906762;B
20240409;100332;50;150;10077906999;S
20240409;100332;50;4420;10077907141;S
20240409;100332;50;200;10077907142;S
20240409;100332;50;10;10077907143;S
20240409;100332;50;10;10077907144;S
20240409;100332;50;9710;10077907145;S
20240409;100334;50;5000;10077907417;S
20240409;100335;50.01;120;10077907597;B
20240409;100336;50;5290;10077908047;S
20240409;100336;50;20;10077908048;S
20240409;100336;50;2000;10077908049;S
20240409;100336;50;1500;10077908050;S
20240409;100336;50;10;10077908051;S
20240409;100336;50;10;10077908052;S
20240409;100336;50;1170;10077908053;S
20240409;100337;50;1000;10077908339;S
20240409;100338;50;340;10077908458;S
20240409;100338;50;490;10077908490;S
20240409;100338;50;10;10077908491;S
20240409;100338;50;30;10077908492;S
20240409;100338;50;10;10077908493;S
20240409;100338;50;200;10077908494;S
20240409;100338;50;2000;10077908495;S
20240409;100338;50;100;10077908496;S
20240409;100338;50;10;10077908497;S
20240409;100338;50;10;10077908498;S
20240409;100338;50;500;10077908499;S
20240409;100338;50;10;10077908500;S
20240409;100338;50;50;10077908501;S
20240409;100338;50;100;10077908502;S
20240409;100338;50;320;10077908503;S
20240409;100338;49.99;10;10077908504;S
20240409;100338;49.99;3000;10077908505;S
20240409;100338;49.99;100;10077908506;S
20240409;100338;49.99;30;10077908507;S
20240409;100338;49.99;50;10077908508;S
20240409;100338;49.99;300;10077908509;S
20240409;100338;49.98;640;10077908510;B
20240409;100338;49.97;60;10077908522;S
20240409;100339;49.97;90;10077908604;S
20240409;100339;49.97;350;10077908644;S
20240409;100340;49.98;100;10077908869;B
20240409;100340;49.97;9420;10077908969;S
20240409;100340;49.95;10;10077908996;B
20240409;100340;49.93;40;10077909034;S
20240409;100340;49.93;310;10077909035;S
20240409;100341;49.93;2430;10077909149;S
20240409;100342;49.93;180;10077909629;S
20240409;100342;49.92;1200;10077909630;S
20240409;100342;49.92;620;10077909631;S
20240409;100344;49.92;910;10077909926;S
20240409;100348;49.95;10;10077910910;B
20240409;100349;49.93;10;10077911072;S
20240409;100349;49.93;700;10077911073;S
20240409;100349;49.93;1400;10077911074;S
20240409;100349;49.93;30;10077911075;S
20240409;100349;49.92;5670;10077911076;S
20240409;100349;49.92;560;10077911077;S
20240409;100349;49.92;4000;10077911078;S
20240409;100350;49.91;70;10077911451;S
20240409;100351;49.91;1640;10077911698;S
20240409;100352;49.91;8300;10077911821;S
20240409;100352;49.91;10000;10077911822;S
20240409;100352;49.91;1040;10077911823;S
20240409;100352;49.91;650;10077911824;S
20240409;100352;49.91;240;10077911902;B
20240409;100354;49.9;10;10077912288;S
20240409;100354;49.9;30;10077912302;S
20240409;100355;49.9;10;10077912365;S
20240409;100355;49.9;170;10077912366;S
20240409;100355;49.9;320;10077912367;S
20240409;100355;49.9;500;10077912377;S
20240409;100355;49.9;1000;10077912495;S
20240409;100355;49.91;80;10077912497;B
20240409;100355;49.9;1180;10077912516;S
20240409;100355;49.9;10;10077912517;S
20240409;100355;49.9;710;10077912518;S
20240409;100355;49.9;1000;10077912519;S
20240409;100356;49.89;1000;10077912867;S
20240409;100358;49.9;5000;10077913148;B
20240409;100358;49.9;500;10077913467;B
20240409;100359;49.89;6900;10077913583;S
20240409;100359;49.89;340;10077913584;S
20240409;100359;49.89;400;10077913585;S
20240409;100359;49.89;1400;10077913586;S
20240409;100359;49.89;740;10077913587;S
20240409;100359;49.89;220;10077913747;B
20240409;100359;49.89;280;10077913748;B
20240409;100400;49.88;20;10077914191;S
20240409;100400;49.88;70;10077914192;S
20240409;100401;49.88;30;10077914384;S
20240409;100403;49.88;20;10077914726;S
20240409;100404;49.89;50;10077914934;B
20240409;100405;49.88;30;10077915290;S
20240409;100407;49.89;70;10077915643;B
20240409;100409;49.89;200;10077915988;B
20240409;100409;49.88;790;10077916007;S
20240409;100410;49.88;200;10077916105;S
20240409;100410;49.88;860;10077916350;S
20240409;100410;49.88;250;10077916351;S
20240409;100410;49.88;10;10077916352;S
20240409;100410;49.88;750;10077916353;S
20240409;100410;49.88;300;10077916354;S
20240409;100410;49.88;640;10077916355;S
20240409;100410;49.88;100;10077916356;S
20240409;100410;49.87;500;10077916357;S
20240409;100410;49.87;100;10077916358;S
20240409;100410;49.87;520;10077916359;S
20240409;100410;49.86;1650;10077916360;S
20240409;100410;49.86;7210;10077916361;S
20240409;100410;49.85;30;10077916362;S
20240409;100410;49.85;10;10077916363;S
20240409;100410;49.85;1000;10077916364;S
20240409;100410;49.84;1000;10077916365;S
20240409;100410;49.84;8510;10077916366;S
20240409;100410;49.87;80;10077916367;B
20240409;100410;49.86;570;10077916437;B
20240409;100411;49.87;10;10077916513;B
20240409;100411;49.86;430;10077916542;S
20240409;100411;49.86;1040;10077916543;S
20240409;100411;49.85;740;10077916544;S
20240409;100411;49.84;1790;10077916545;S
20240409;100411;49.87;910;10077916568;B
20240409;100411;49.87;90;10077916569;B
20240409;100411;49.85;380;10077916732;S
20240409;100412;49.84;970;10077916811;S
20240409;100412;49.84;400;10077916993;S
20240409;100414;49.84;20;10077917362;S
20240409;100415;49.84;600;10077917653;S
20240409;100417;49.85;620;10077917981;B
20240409;100417;49.87;10;10077918037;B
20240409;100419;49.88;10;10077918349;B
20240409;100419;49.87;130;10077918528;S
20240409;100419;49.88;10;10077918713;B
20240409;100420;49.88;50;10077918822;B
20240409;100421;49.87;1270;10077919209;S
20240409;100421;49.87;730;10077919210;S
20240409;100421;49.87;3000;10077919211;S
20240409;100421;49.88;50;10077919368;B
20240409;100422;49.87;2000;10077919685;S
20240409;100424;49.87;130;10077919968;S
20240409;100424;49.88;100;10077919982;B
20240409;100425;49.87;180;10077920181;S
20240409;100426;49.87;20;10077920401;S
20240409;100428;49.87;1880;10077920820;S
20240409;100428;49.87;730;10077920821;S
20240409;100428;49.86;500;10077920822;S
20240409;100428;49.86;1400;10077920823;S
20240409;100429;49.86;10;10077921087;B
20240409;100429;49.86;50;10077921247;B
20240409;100430;49.86;60;10077921455;B
20240409;100430;49.86;10;10077921540;B
20240409;100431;49.85;2500;10077921593;S
20240409;100431;49.85;500;10077921594;S
20240409;100431;49.85;20;10077921595;S
20240409;100431;49.85;480;10077921596;S
20240409;100431;49.85;80;10077921597;S
20240409;100431;49.85;730;10077921598;S
20240409;100431;49.84;1000;10077921599;S
20240409;100431;49.84;7220;10077921600;S
20240409;100431;49.84;50;10077921601;S
20240409;100431;49.83;50;10077921602;S
20240409;100431;49.83;110;10077921603;S
20240409;100431;49.83;30;10077921604;S
20240409;100431;49.83;2000;10077921605;S
20240409;100431;49.83;1000;10077921606;S
20240409;100431;49.83;2000;10077921607;S
20240409;100431;49.82;50;10077921608;S
20240409;100431;49.82;600;10077921609;S
20240409;100431;49.82;1000;10077921610;S
20240409;100431;49.81;20;10077921611;S
20240409;100431;49.81;500;10077921612;S
20240409;100431;49.81;1000;10077921613;S
20240409;100431;49.81;460;10077921614;S
20240409;100431;49.81;700;10077921615;S
20240409;100431;49.81;2600;10077921616;S
20240409;100431;49.81;1400;10077921617;S
20240409;100431;49.8;1500;10077921618;S
20240409;100431;49.8;2000;10077921619;S
20240409;100431;49.8;10;10077921620;S
20240409;100431;49.8;50;10077921621;S
20240409;100431;49.8;1000;10077921622;S
20240409;100431;49.8;200;10077921623;S
20240409;100431;49.8;3000;10077921624;S
20240409;100431;49.8;1000;10077921625;S
20240409;100431;49.8;10;10077921626;S
20240409;100431;49.8;2800;10077921627;S
20240409;100431;49.8;10000;10077921628;S
20240409;100431;49.8;2340;10077921629;B
20240409;100431;49.84;1000;10077921631;B
20240409;100431;49.84;200;10077921632;B
20240409;100431;49.84;260;10077921633;B
20240409;100431;49.84;540;10077921634;S
20240409;100431;49.83;10;10077921659;S
20240409;100431;49.83;810;10077921660;S
20240409;100431;49.82;190;10077921661;S
20240409;100431;49.82;1000;10077921668;S
20240409;100431;49.83;200;10077921779;S
20240409;100431;49.83;220;10077921839;S
20240409;100431;49.83;1400;10077921840;S
20240409;100431;49.82;380;10077921841;S
20240409;100431;49.85;1000;10077921850;B
20240409;100431;49.85;1000;10077921851;B
20240409;100432;49.84;40;10077921880;B
20240409;100432;49.83;100;10077921939;S
20240409;100432;49.83;1300;10077921963;S
20240409;100432;49.83;820;10077921964;S
20240409;100433;49.84;50;10077922104;B
20240409;100433;49.84;1000;10077922245;B
20240409;100434;49.84;10;10077922350;B
20240409;100434;49.83;10;10077922375;S
20240409;100434;49.84;1000;10077922599;B
20240409;100435;49.84;200;10077922907;B
20240409;100436;49.84;250;10077922974;B
20240409;100436;49.84;510;10077923028;B
20240409;100436;49.83;1390;10077923039;S
20240409;100436;49.83;2400;10077923040;S
20240409;100436;49.83;1000;10077923160;S
20240409;100437;49.84;20;10077923374;B
20240409;100438;49.84;50;10077923709;B
20240409;100438;49.84;2300;10077923820;B
20240409;100438;49.84;200;10077923822;B
20240409;100440;49.83;500;10077924460;S
20240409;100440;49.84;10;10077924556;B
20240409;100440;49.83;100;10077924657;S
20240409;100440;49.84;10;10077924691;B
20240409;100441;49.84;100;10077924795;B
20240409;100441;49.84;2200;10077924803;B
20240409;100441;49.83;800;10077924810;S
20240409;100441;49.83;1200;10077924811;S
20240409;100441;49.84;10;10077924931;B
20240409;100443;49.84;500;10077925343;B
20240409;100443;49.84;540;10077925347;B
20240409;100443;49.85;460;10077925348;B
20240409;100443;49.85;1000;10077925349;B
20240409;100443;49.85;5000;10077925350;B
20240409;100443;49.85;300;10077925351;B
20240409;100443;49.85;720;10077925352;B
20240409;100444;49.86;2360;10077925590;B
20240409;100444;49.86;17640;10077925591;B
20240409;100445;49.86;1000;10077925911;B
20240409;100445;49.86;200;10077925936;B
20240409;100447;49.86;200;10077926233;B
20240409;100447;49.85;10;10077926236;S
20240409;100448;49.85;10000;10077926563;S
20240409;100448;49.86;1000;10077926568;B
20240409;100448;49.85;150;10077926608;S
20240409;100449;49.86;10;10077926853;B
20240409;100449;49.86;10;10077926910;B
20240409;100450;49.86;20;10077927014;B
20240409;100451;49.86;10;10077927308;B
20240409;100452;49.85;10;10077927461;S
20240409;100455;49.85;70;10077928292;S
20240409;100455;49.86;260;10077928379;B
20240409;100455;49.86;2740;10077928380;B
20240409;100455;49.86;290;10077928381;B
20240409;100455;49.86;50;10077928412;S
20240409;100455;49.87;10;10077928488;B
20240409;100455;49.87;40;10077928489;B
20240409;100456;49.87;120;10077928546;B
20240409;100456;49.87;50;10077928553;S
20240409;100456;49.88;30;10077928697;B
20240409;100456;49.88;30;10077928698;B
20240409;100457;49.88;440;10077928867;S
20240409;100457;49.89;680;10077929013;B
20240409;100457;49.89;40;10077929014;B
20240409;100457;49.89;730;10077929015;B
20240409;100458;49.9;500;10077929128;B
20240409;100458;49.9;100;10077929129;B
20240409;100458;49.9;500;10077929130;B
20240409;100458;49.9;1200;10077929131;B
20240409;100458;49.9;180;10077929223;B
20240409;100459;49.89;20;10077929264;S
20240409;100459;49.89;250;10077929432;S
20240409;100500;49.89;730;10077929648;S
20240409;100500;49.88;730;10077929649;S
20240409;100500;49.87;500;10077929650;S
20240409;100500;49.87;10;10077929651;S
20240409;100500;49.86;1350;10077929652;S
20240409;100500;49.86;2600;10077929653;S
20240409;100500;49.86;580;10077929654;S
20240409;100503;49.9;1000;10077930295;B
20240409;100504;49.9;10;10077930811;B
20240409;100504;49.9;20;10077930912;B
20240409;100504;49.9;2000;10077930914;B
20240409;100505;49.86;200;10077930966;S
20240409;100505;49.9;670;10077931092;B
20240409;100507;49.88;880;10077931508;S
20240409;100507;49.88;600;10077931610;B
20240409;100512;49.86;1200;10077932972;S
20240409;100512;49.86;130;10077932973;S
20240409;100514;49.88;10;10077933369;B
20240409;100517;49.88;10;10077934133;B
20240409;100517;49.88;10;10077934358;B
20240409;100519;49.88;490;10077934877;B
20240409;100519;49.89;750;10077934878;B
20240409;100519;49.89;18760;10077934879;B
20240409;100525;49.89;10000;10077936334;B
20240409;100526;49.89;10;10077936492;B
20240409;100527;49.86;40;10077936623;S
20240409;100527;49.89;660;10077936752;B
20240409;100529;49.89;300;10077936983;B
20240409;100531;49.89;250;10077937505;B
20240409;100532;49.88;30;10077937638;S
20240409;100532;49.87;750;10077937639;S
20240409;100532;49.86;2220;10077937640;S
20240409;100533;49.86;30;10077937752;S
20240409;100533;49.86;990;10077937753;S
20240409;100533;49.86;500;10077937754;S
20240409;100533;49.86;500;10077937755;S
20240409;100533;49.86;300;10077937756;S
20240409;100533;49.86;2600;10077937757;S
20240409;100533;49.85;10;10077937758;S
20240409;100533;49.85;460;10077937759;S
20240409;100533;49.85;20;10077937760;S
20240409;100533;49.85;2000;10077937761;S
20240409;100533;49.85;2590;10077937762;S
20240409;100533;49.89;20;10077937763;B
20240409;100533;49.9;1000;10077937764;B
20240409;100533;49.9;1200;10077937765;B
20240409;100533;49.9;750;10077937766;B
20240409;100533;49.91;1000;10077937767;B
20240409;100533;49.91;2550;10077937768;B
20240409;100533;49.92;1000;10077937769;B
20240409;100533;49.92;1000;10077937770;B
20240409;100533;49.92;11480;10077937771;B
20240409;100535;49.92;460;10077938198;B
20240409;100535;49.93;540;10077938199;B
20240409;100535;49.95;1000;10077938385;B
20240409;100535;49.95;1500;10077938386;B
20240409;100535;49.96;10;10077938387;B
20240409;100535;49.96;1000;10077938388;B
20240409;100535;49.96;7210;10077938389;B
20240409;100535;49.96;740;10077938390;B
20240409;100535;49.96;2500;10077938391;B
20240409;100536;49.96;230;10077938475;S
20240409;100538;49.97;500;10077938815;B
20240409;100538;49.97;500;10077939150;B
20240409;100538;49.97;7210;10077939151;B
20240409;100538;49.97;740;10077939152;B
20240409;100538;49.97;2520;10077939153;B
20240409;100538;49.98;2100;10077939154;B
20240409;100538;49.98;500;10077939155;B
20240409;100538;49.98;200;10077939156;B
20240409;100538;49.99;1000;10077939157;B
20240409;100538;49.99;1000;10077939158;B
20240409;100538;50;500;10077939159;B
20240409;100538;50;10;10077939160;B
20240409;100538;50;1000;10077939161;B
20240409;100538;50;1000;10077939162;B
20240409;100538;50;20;10077939163;B
20240409;100538;50.01;900;10077939327;B
20240409;100540;50.01;160;10077939789;B
20240409;100540;50.01;240;10077939790;B
20240409;100541;50;900;10077940256;S
20240409;100542;50.01;40;10077940485;B
20240409;100543;50.01;20;10077940697;B
20240409;100544;50.01;10;10077940958;B
20240409;100548;50.01;6890;10077941757;B
20240409;100548;50.01;760;10077941758;B
20240409;100548;50.02;2350;10077941759;B
20240409;100548;50.01;120;10077941899;S
20240409;100550;50.02;10;10077942477;B
20240409;100550;50.03;10;10077942478;B
20240409;100553;50.01;100;10077943113;S
20240409;100553;50.01;20;10077943127;S
20240409;100554;50.02;20;10077943408;S
20240409;100554;50.02;80;10077943409;S
20240409;100555;50.01;60;10077943590;S
20240409;100556;50.01;120;10077943885;S
20240409;100557;50.02;10;10077944078;B
20240409;100559;50.02;20;10077944648;B
20240409;100600;50.02;50;10077944716;B
20240409;100602;50.01;2180;10077945429;S
20240409;100602;50.01;820;10077945430;S
20240409;100603;50;20;10077945593;S
20240409;100604;50;20780;10077945853;S
20240409;100604;50;1000;10077945854;S
20240409;100604;50;100;10077945855;S
20240409;100607;49.96;90;10077946513;S
20240409;100610;49.96;5720;10077947132;S
20240409;100614;49.97;10;10077948213;B
20240409;100614;49.94;1000;10077948490;S
20240409;100614;49.94;1000;10077948491;S
20240409;100616;49.97;30;10077948885;B
20240409;100619;49.97;1360;10077949489;B
20240409;100619;49.97;1200;10077949490;B
20240409;100619;49.94;20;10077949579;S
20240409;100619;49.95;20;10077949593;S
20240409;100623;49.96;50;10077950510;B
20240409;100624;49.94;40;10077950700;S
20240409;100624;49.93;10;10077950709;S
20240409;100624;49.95;400;10077950739;S
20240409;100629;49.96;1350;10077952153;B
20240409;100629;49.96;920;10077952154;B
20240409;100629;49.96;1320;10077952155;B
20240409;100629;49.96;1410;10077952156;S
20240409;100630;49.96;10;10077952491;B
20240409;100630;49.92;40;10077952599;S
20240409;100632;49.92;960;10077952952;S
20240409;100632;49.92;10;10077952953;S
20240409;100632;49.92;740;10077952954;S
20240409;100632;49.91;1000;10077952955;S
20240409;100632;49.91;460;10077952956;S
20240409;100632;49.91;660;10077952957;S
20240409;100632;49.9;1000;10077952958;S
20240409;100632;49.9;7200;10077952959;S
20240409;100632;49.9;10;10077952960;S
20240409;100632;49.9;1000;10077952961;S
20240409;100632;49.89;300;10077952962;S
20240409;100632;49.89;1000;10077952963;S
20240409;100632;49.89;7200;10077952964;S
20240409;100632;49.89;40;10077952965;S
20240409;100632;49.88;10;10077952966;S
20240409;100632;49.88;1000;10077952967;S
20240409;100632;49.88;9000;10077952968;S
20240409;100632;49.88;810;10077952969;S
20240409;100633;49.92;10;10077953273;B
20240409;100634;49.92;20;10077953340;B
20240409;100640;49.92;100;10077954990;B
20240409;100642;49.88;10;10077955208;S
20240409;100642;49.87;10;10077955209;S
20240409;100642;49.87;280;10077955210;S
20240409;100647;49.87;330;10077956492;S
20240409;100647;49.87;740;10077956493;S
20240409;100647;49.86;10;10077956494;S
20240409;100647;49.86;1000;10077956495;S
20240409;100647;49.86;40;10077956496;S
20240409;100647;49.86;460;10077956497;S
20240409;100647;49.86;7200;10077956498;S
20240409;100647;49.85;2410;10077956499;S
20240409;100647;49.85;50;10077956500;S
20240409;100647;49.85;1000;10077956501;S
20240409;100647;49.85;1760;10077956502;S
20240409;100648;49.88;1000;10077956647;B
20240409;100650;49.89;20;10077957143;B
20240409;100651;49.89;10;10077957250;B
20240409;100653;49.87;50;10077957857;S
20240409;100653;49.87;740;10077957858;S
20240409;100653;49.86;210;10077957859;S
20240409;100654;49.88;10;10077958185;B
20240409;100656;49.85;1000;10077958540;S
20240409;100657;49.88;20;10077959023;B
20240409;100658;49.85;240;10077959241;S
20240409;100658;49.85;10;10077959242;S
20240409;100658;49.85;730;10077959243;S
20240409;100658;49.84;20;10077959244;S
20240409;100700;49.85;500;10077959733;S
20240409;100700;49.84;100;10077959734;S
20240409;100700;49.84;160;10077959735;S
20240409;100700;49.84;10;10077959736;S
20240409;100700;49.83;2240;10077959737;S
20240409;100702;49.84;80;10077960079;S
20240409;100702;49.84;730;10077960080;S
20240409;100702;49.83;7760;10077960081;S
20240409;100702;49.83;500;10077960082;S
20240409;100702;49.83;7210;10077960083;S
20240409;100702;49.83;40;10077960084;S
20240409;100702;49.82;1000;10077960085;S
20240409;100702;49.82;300;10077960086;S
20240409;100702;49.82;1000;10077960087;S
20240409;100702;49.82;50;10077960088;S
20240409;100702;49.82;1000;10077960089;S
20240409;100702;49.82;1000;10077960090;S
20240409;100702;49.81;1000;10077960091;S
20240409;100702;49.8;700;10077960092;S
20240409;100702;49.8;1010;10077960093;S
20240409;100702;49.8;140;10077960094;S
20240409;100702;49.8;3000;10077960095;S
20240409;100702;49.8;10;10077960096;S
20240409;100702;49.8;100;10077960097;S
20240409;100702;49.8;50;10077960098;S
20240409;100702;49.8;2370;10077960099;S
20240409;100702;49.8;2500;10077960100;S
20240409;100702;49.8;20;10077960101;S
20240409;100702;49.8;1000;10077960102;S
20240409;100702;49.8;1000;10077960103;S
20240409;100702;49.8;10970;10077960104;S
20240409;100702;49.8;10;10077960105;S
20240409;100702;49.8;1690;10077960106;S
20240409;100702;49.79;10;10077960107;S
20240409;100702;49.79;50;10077960108;S
20240409;100702;49.79;100;10077960109;S
20240409;100702;49.79;50;10077960110;S
20240409;100702;49.79;1000;10077960111;S
20240409;100702;49.79;540;10077960112;S
20240409;100702;49.78;280;10077960113;S
20240409;100702;49.78;210;10077960114;S
20240409;100702;49.78;30;10077960115;S
20240409;100702;49.78;1000;10077960116;S
20240409;100702;49.78;500;10077960117;S
20240409;100702;49.78;5000;10077960118;S
20240409;100702;49.78;1000;10077960119;S
20240409;100702;49.78;10000;10077960120;S
20240409;100702;49.78;10000;10077960121;S
20240409;100702;49.77;1200;10077960122;S
20240409;100702;49.77;2000;10077960123;S
20240409;100702;49.77;1000;10077960124;S
20240409;100702;49.77;10;10077960125;S
20240409;100702;49.76;3560;10077960126;S
20240409;100702;49.76;50;10077960127;S
20240409;100702;49.76;100;10077960128;S
20240409;100702;49.76;1000;10077960129;S
20240409;100702;49.76;200;10077960130;S
20240409;100702;49.75;200;10077960131;S
20240409;100702;49.75;100;10077960132;S
20240409;100702;49.75;1000;10077960133;S
20240409;100702;49.75;130;10077960134;S
20240409;100702;49.75;200;10077960135;S
20240409;100702;49.75;1000;10077960136;S
20240409;100702;49.75;5000;10077960137;S
20240409;100702;49.75;250;10077960138;S
20240409;100702;49.75;2500;10077960139;S
20240409;100702;49.75;15000;10077960140;S
20240409;100702;49.75;170;10077960141;S
20240409;100702;49.75;8910;10077960142;S
20240409;100702;49.75;4520;10077960143;S
20240409;100702;49.75;1000;10077960144;S
20240409;100702;49.75;2320;10077960145;S
20240409;100702;49.75;1000;10077960146;S
20240409;100702;49.74;5000;10077960147;S
20240409;100702;49.74;20;10077960148;S
20240409;100702;49.74;30000;10077960149;S
20240409;100702;49.74;200;10077960150;S
20240409;100702;49.74;1000;10077960151;S
20240409;100702;49.74;10000;10077960152;S
20240409;100702;49.73;50;10077960153;S
20240409;100702;49.73;50;10077960154;S
20240409;100702;49.73;1000;10077960155;S
20240409;100702;49.72;140;10077960156;S
20240409;100702;49.72;2050;10077960157;S
20240409;100702;49.72;40;10077960158;S
20240409;100702;49.72;1000;10077960159;S
20240409;100702;49.71;500;10077960160;S
20240409;100702;49.71;10;10077960161;S
20240409;100702;49.71;1000;10077960162;S
20240409;100702;49.7;100;10077960163;S
20240409;100702;49.7;3000;10077960164;S
20240409;100702;49.7;10;10077960165;S
20240409;100702;49.7;10;10077960166;S
20240409;100702;49.7;10;10077960167;S
20240409;100702;49.7;200;10077960168;S
20240409;100702;49.7;200;10077960169;S
20240409;100702;49.7;500;10077960170;S
20240409;100702;49.7;500;10077960171;S
20240409;100702;49.7;10;10077960172;S
20240409;100702;49.7;3750;10077960173;S
20240409;100702;49.7;1000;10077960174;S
20240409;100702;49.7;1540;10077960175;S
20240409;100702;49.7;3000;10077960176;S
20240409;100702;49.7;50;10077960177;S
20240409;100702;49.7;10000;10077960178;S
20240409;100702;49.69;2000;10077960179;S
20240409;100702;49.68;30;10077960180;S
20240409;100702;49.67;10;10077960181;S
20240409;100702;49.67;100;10077960182;S
20240409;100702;49.66;30;10077960183;S
20240409;100702;49.66;10;10077960184;S
20240409;100702;49.66;3000;10077960185;S
20240409;100702;49.65;10;10077960186;S
20240409;100702;49.65;6800;10077960187;S
20240409;100702;49.65;600;10077960188;S
20240409;100702;49.65;1000;10077960189;S
20240409;100702;49.65;150;10077960190;S
20240409;100702;49.64;250;10077960191;S
20240409;100702;49.64;2000;10077960192;S
20240409;100702;49.63;50;10077960193;S
20240409;100702;49.63;20;10077960194;S
20240409;100702;49.63;30;10077960195;S
20240409;100702;49.63;300;10077960196;S
20240409;100702;49.63;2600;10077960197;S
20240409;100702;49.62;10;10077960198;S
20240409;100702;49.62;10000;10077960199;S
20240409;100702;49.61;50;10077960200;S
20240409;100702;49.61;100;10077960201;S
20240409;100702;49.61;1400;10077960202;S
20240409;100702;49.6;470;10077960203;S
20240409;100702;49.6;1000;10077960204;S
20240409;100702;49.6;10;10077960205;S
20240409;100702;49.6;400;10077960206;S
20240409;100702;49.6;200;10077960207;S
20240409;100702;49.6;250;10077960208;S
20240409;100702;49.6;10;10077960209;S
20240409;100702;49.6;800;10077960210;S
20240409;100702;49.6;10;10077960211;S
20240409;100702;49.6;300;10077960212;S
20240409;100702;49.6;1000;10077960213;S
20240409;100702;49.6;10;10077960214;S
20240409;100702;49.57;40;10077960215;S
20240409;100702;49.57;17000;10077960216;S
20240409;100702;49.56;20;10077960217;S
20240409;100702;49.55;100;10077960218;S
20240409;100702;49.55;5000;10077960219;S
20240409;100702;49.55;10;10077960220;S
20240409;100702;49.55;2000;10077960221;S
20240409;100702;49.55;10000;10077960222;S
20240409;100702;49.55;1500;10077960223;S
20240409;100702;49.55;100;10077960224;S
20240409;100702;49.55;500;10077960225;S
20240409;100702;49.54;40;10077960226;S
20240409;100702;49.53;10000;10077960227;S
20240409;100702;49.53;10;10077960228;S
20240409;100702;49.53;100;10077960229;S
20240409;100702;49.53;50;10077960230;S
20240409;100702;49.53;20;10077960231;S
20240409;100702;49.53;70;10077960232;S
20240409;100702;49.53;6050;10077960233;S
20240409;100702;49.52;500;10077960234;S
20240409;100702;49.52;2500;10077960235;S
20240409;100702;49.52;2000;10077960236;S
20240409;100702;49.51;50;10077960237;S
20240409;100702;49.51;10;10077960238;S
20240409;100702;49.51;300;10077960239;S
20240409;100702;49.51;1000;10077960240;S
20240409;100702;49.5;20;10077960241;S
20240409;100702;49.5;280;10077960242;S
20240409;100702;49.5;100;10077960243;S
20240409;100702;49.5;10;10077960244;S
20240409;100702;49.5;20;10077960245;S
20240409;100702;49.5;10;10077960246;S
20240409;100702;49.5;1000;10077960247;S
20240409;100702;49.5;50;10077960248;S
20240409;100702;49.5;100;10077960249;S
20240409;100702;49.5;30;10077960250;S
20240409;100702;49.5;40;10077960251;S
20240409;100702;49.5;200;10077960252;S
20240409;100702;49.5;2500;10077960253;S
20240409;100702;49.5;25000;10077960254;S
20240409;100702;49.5;250;10077960255;S
20240409;100702;49.5;10;10077960256;S
20240409;100702;49.5;1040;10077960257;S
20240409;100702;49.5;20;10077960258;S
20240409;100702;49.5;500;10077960259;S
20240409;100702;49.5;1000;10077960260;S
20240409;100702;49.5;100;10077960261;S
20240409;100702;49.5;10;10077960262;S
20240409;100702;49.5;3650;10077960263;S
20240409;100702;49.5;50;10077960264;S
20240409;100702;49.5;500;10077960265;S
20240409;100702;49.5;20;10077960266;S
20240409;100702;49.5;6060;10077960267;S
20240409;100702;49.5;20000;10077960268;S
20240409;100702;49.49;500;10077960269;S
20240409;100702;49.49;1550;10077960270;S
20240409;100702;49.48;50;10077960271;S
20240409;100702;49.46;10;10077960272;S
20240409;100702;49.45;10;10077960273;S
20240409;100702;49.45;100;10077960274;S
20240409;100702;49.45;5000;10077960275;S
20240409;100702;49.45;2000;10077960276;S
20240409;100702;49.45;1300;10077960277;S
20240409;100702;49.45;2870;10077960278;S
20240409;100702;49.45;330;10077960279;S
20240409;100702;49.45;60000;10077960280;S
20240409;100702;49.44;500;10077960281;S
20240409;100702;49.44;6060;10077960282;S
20240409;100702;49.43;10000;10077960283;S
20240409;100702;49.43;50;10077960284;S
20240409;100702;49.43;10;10077960285;S
20240409;100702;49.43;2000;10077960286;S
20240409;100702;49.42;10;10077960287;S
20240409;100702;49.42;2700;10077960288;S
20240409;100702;49.42;30;10077960289;S
20240409;100702;49.41;10;10077960290;S
20240409;100702;49.41;100;10077960291;S
20240409;100702;49.41;250;10077960292;S
20240409;100702;49.4;30;10077960293;S
20240409;100702;49.4;10;10077960294;S
20240409;100702;49.4;10;10077960295;S
20240409;100702;49.4;500;10077960296;S
20240409;100702;49.4;10000;10077960297;S
20240409;100702;49.4;10;10077960298;S
20240409;100702;49.4;10;10077960299;S
20240409;100702;49.37;20;10077960300;S
20240409;100702;49.37;20;10077960301;S
20240409;100702;49.36;10;10077960302;S
20240409;100702;49.36;10;10077960303;S
20240409;100702;49.36;10;10077960304;S
20240409;100702;49.36;20;10077960305;S
20240409;100702;49.36;10;10077960306;S
20240409;100702;49.36;10;10077960307;S
20240409;100702;49.36;10;10077960308;S
20240409;100702;49.36;50;10077960309;S
20240409;100702;49.36;30;10077960310;S
20240409;100702;49.36;10;10077960311;S
20240409;100702;49.36;10;10077960312;S
20240409;100702;49.36;10;10077960313;S
20240409;100702;49.36;10;10077960314;S
20240409;100702;49.36;100;10077960315;S
20240409;100702;49.36;10;10077960316;S
20240409;100702;49.36;10;10077960317;S
20240409;100702;49.36;300;10077960318;S
20240409;100702;49.36;20;10077960319;S
20240409;100702;49.36;10;10077960320;S
20240409;100702;49.36;20;10077960321;S
20240409;100702;49.36;20;10077960322;S
20240409;100702;49.36;10;10077960323;S
20240409;100702;49.36;20;10077960324;S
20240409;100702;49.36;10;10077960325;S
20240409;100702;49.36;10;10077960326;S
20240409;100702;49.36;10;10077960327;S
20240409;100702;49.36;10;10077960328;S
20240409;100702;49.36;100;10077960329;S
20240409;100702;49.36;200;10077960330;S
20240409;100702;49.36;10;10077960331;S
20240409;100702;49.36;20;10077960332;S
20240409;100702;49.36;10;10077960333;S
20240409;100702;49.36;10;10077960334;S
20240409;100702;49.36;10;10077960335;S
20240409;100702;49.36;10;10077960336;S
20240409;100702;49.36;100;10077960337;S
20240409;100702;49.36;20;10077960338;S
20240409;100702;49.36;290;10077960339;S
20240409;100702;49.36;10;10077960340;S
20240409;100702;49.36;10;10077960341;S
20240409;100702;49.36;10;10077960342;S
20240409;100702;49.36;10;10077960343;S
20240409;100702;49.36;10;10077960344;S
20240409;100702;49.36;10;10077960345;S
20240409;100702;49.36;10;10077960346;S
20240409;100702;49.36;10;10077960347;S
20240409;100702;49.36;20;10077960348;S
20240409;100702;49.36;10;10077960349;S
20240409;100702;49.36;10;10077960350;S
20240409;100702;49.36;100;10077960351;S
20240409;100702;49.36;20;10077960352;S
20240409;100702;49.36;20;10077960353;S
20240409;100702;49.36;140;10077960354;S
20240409;100702;49.36;5000;10077960355;S
20240409;100702;49.36;50;10077960356;S
20240409;100702;49.35;120;10077960357;S
20240409;100702;49.35;80;10077960358;S
20240409;100702;49.35;100;10077960359;S
20240409;100702;49.35;210;10077960360;S
20240409;100702;49.35;80;10077960361;S
20240409;100702;49.35;120;10077960362;S
20240409;100702;49.35;30;10077960363;S
20240409;100702;49.35;300;10077960364;S
20240409;100702;49.35;1000;10077960365;S
20240409;100702;49.34;100;10077960366;S
20240409;100702;49.33;500;10077960367;S
20240409;100702;49.33;50;10077960368;S
20240409;100702;49.33;250;10077960369;S
20240409;100702;49.33;20;10077960370;S
20240409;100702;49.33;30;10077960371;S
20240409;100702;49.32;3000;10077960372;S
20240409;100702;49.32;10;10077960373;S
20240409;100702;49.31;150;10077960374;S
20240409;100702;49.31;5000;10077960375;S
20240409;100702;49.3;500;10077960376;S
20240409;100702;49.3;100;10077960377;S
20240409;100702;49.3;30;10077960378;S
20240409;100702;49.3;10;10077960379;S
20240409;100702;49.3;10;10077960380;S
20240409;100702;49.3;10;10077960381;S
20240409;100702;49.3;400;10077960382;S
20240409;100702;49.3;300;10077960383;S
20240409;100702;49.3;1000;10077960384;S
20240409;100702;49.3;5000;10077960385;S
20240409;100702;49.3;100;10077960386;S
20240409;100702;49.3;100;10077960387;S
20240409;100702;49.3;10;10077960388;S
20240409;100702;49.29;100;10077960389;S
20240409;100702;49.29;30;10077960390;S
20240409;100702;49.28;5000;10077960391;S
20240409;100702;49.26;2000;10077960392;S
20240409;100702;49.26;34150;10077960393;S
20240409;100702;49.25;100;10077960394;S
20240409;100702;49.25;500;10077960395;S
20240409;100702;49.25;1500;10077960396;S
20240409;100702;49.25;800;10077960397;S
20240409;100702;49.23;50;10077960398;S
20240409;100702;49.23;20;10077960399;S
20240409;100702;49.23;10;10077960400;S
20240409;100702;49.23;100;10077960401;S
20240409;100702;49.22;7000;10077960402;S
20240409;100702;49.2;10;10077960403;S
20240409;100702;49.2;50;10077960404;S
20240409;100702;49.2;10;10077960405;S
20240409;100702;49.2;10;10077960406;S
20240409;100702;49.2;250;10077960407;S
20240409;100702;49.2;140;10077960408;S
20240409;100702;49.2;8100;10077960409;S
20240409;100702;49.2;300;10077960410;S
20240409;100702;49.2;500;10077960411;S
20240409;100702;49.2;6000;10077960412;S
20240409;100702;49.2;10;10077960413;S
20240409;100702;49.2;10;10077960414;S
20240409;100702;49.2;200;10077960415;S
20240409;100702;49.2;21000;10077960416;S
20240409;100702;49.19;20;10077960417;S
20240409;100702;49.18;100;10077960418;S
20240409;100702;49.18;5000;10077960419;S
20240409;100702;49.18;10;10077960420;S
20240409;100702;49.17;200;10077960421;S
20240409;100702;49.17;200;10077960422;S
20240409;100702;49.16;50;10077960423;S
20240409;100702;49.15;250;10077960424;S
20240409;100702;49.15;380;10077960425;S
20240409;100702;49.14;500;10077960426;S
20240409;100702;49.14;40;10077960427;S
20240409;100702;49.13;50;10077960428;S
20240409;100702;49.13;20;10077960429;S
20240409;100702;49.12;250;10077960430;S
20240409;100702;49.12;5000;10077960431;S
20240409;100702;49.12;150;10077960432;S
20240409;100702;49.11;10;10077960433;S
20240409;100702;49.11;5000;10077960434;S
20240409;100702;49.11;150;10077960435;S
20240409;100702;49.1;100;10077960436;S
20240409;100702;49.1;10;10077960437;S
20240409;100702;49.1;20;10077960438;S
20240409;100702;49.1;10;10077960439;S
20240409;100702;49.1;10;10077960440;S
20240409;100702;49.1;12000;10077960441;S
20240409;100702;49.1;19700;10077960442;S
20240409;100702;49.1;200;10077960443;S
20240409;100702;49.1;1500;10077960444;S
20240409;100702;49.1;1000;10077960445;S
20240409;100702;49.1;50000;10077960446;S
20240409;100702;49.1;10;10077960447;S
20240409;100702;49.1;1000;10077960448;S
20240409;100702;49.09;10;10077960449;S
20240409;100702;49.08;900;10077960450;S
20240409;100702;49.08;5000;10077960451;S
20240409;100702;49.07;5000;10077960452;S
20240409;100702;49.05;300;10077960453;S
20240409;100702;49.05;350;10077960454;S
20240409;100702;49.05;30;10077960455;S
20240409;100702;49.04;160;10077960456;S
20240409;100702;49.03;1000;10077960457;S
20240409;100702;49.03;50;10077960458;S
20240409;100702;49.03;2100;10077960459;S
20240409;100702;49.03;20;10077960460;S
20240409;100702;49.02;500;10077960461;S
20240409;100702;49.02;1200;10077960462;S
20240409;100702;49.02;150;10077960463;S
20240409;100702;49.02;140;10077960464;S
20240409;100702;49.02;2000;10077960465;S
20240409;100702;49.01;100;10077960466;S
20240409;100702;49.01;10;10077960467;S
20240409;100702;49.01;600;10077960468;S
20240409;100702;49.01;2700;10077960469;S
20240409;100702;49.01;2000;10077960470;S
20240409;100702;49;10;10077960471;S
20240409;100702;49;10;10077960472;S
20240409;100702;49;100;10077960473;S
20240409;100702;49;690;10077960474;S
20240409;100702;49;10;10077960475;S
20240409;100702;49;40;10077960476;S
20240409;100702;49;10;10077960477;S
20240409;100702;49;50;10077960478;S
20240409;100702;49;110;10077960479;S
20240409;100702;49;10;10077960480;S
20240409;100702;49;1700;10077960481;S
20240409;100702;49;50;10077960482;S
20240409;100702;49;100;10077960483;S
20240409;100702;49;300;10077960484;S
20240409;100702;49;10;10077960485;S
20240409;100702;49;20;10077960486;S
20240409;100702;49;20;10077960487;S
20240409;100702;49;10;10077960488;S
20240409;100702;49;500;10077960489;S
20240409;100702;49;50;10077960490;S
20240409;100702;49;10;10077960491;S
20240409;100702;49;10;10077960492;S
20240409;100702;49;7150;10077960493;S
20240409;100702;49;20;10077960494;S
20240409;100702;49;200;10077960495;S
20240409;100702;49;10;10077960496;S
20240409;100702;49;500;10077960497;S
20240409;100702;49;119630;10077960498;B
20240409;100702;49;18900;10077960499;B
20240409;100702;49.05;2450;10077960501;B
20240409;100702;49.06;1000;10077960502;B
20240409;100702;49.07;1000;10077960503;B
20240409;100702;49.07;730;10077960504;B
20240409;100702;49.08;1000;10077960505;B
20240409;100702;49.09;1000;10077960506;B
20240409;100702;49.1;1000;10077960507;B
20240409;100702;49.11;1000;10077960508;B
20240409;100702;49.12;820;10077960509;B
20240409;100702;49;400;10077960512;S
20240409;100702;49;600;10077960513;S
20240409;100702;49;200;10077960522;S
20240409;100702;49;200;10077960523;S
20240409;100702;49;900;10077960524;S
20240409;100702;49;800;10077960525;S
20240409;100702;49;600;10077960526;S
20240409;100702;49;800;10077960527;S
20240409;100702;49;1100;10077960528;S
20240409;100702;49;500;10077960529;S
20240409;100702;49;500;10077960530;S
20240409;100702;49;500;10077960531;S
20240409;100702;49;500;10077960532;S
20240409;100702;49;1700;10077960533;S
20240409;100702;49;1700;10077960534;S
20240409;100702;49.17;520;10077960542;B
20240409;100702;49.04;1000;10077960545;B
20240409;100702;49.04;20;10077960546;B
20240409;100702;49.17;1000;10077960547;B
20240409;100702;49.03;3660;10077960548;S
20240409;100702;49.02;730;10077960549;S
20240409;100702;49.01;1000;10077960550;S
20240409;100702;49.01;4610;10077960551;S
20240409;100702;49.08;1000;10077960554;B
20240409;100702;49.09;100;10077960556;B
20240409;100702;49.08;40;10077960557;S
20240409;100702;49.08;10;10077960558;S
20240409;100702;49.08;10;10077960559;S
20240409;100702;49.08;490;10077960560;S
20240409;100702;49.07;3450;10077960561;S
20240409;100702;49.07;2500;10077960562;S
20240409;100702;49.07;10;10077960563;S
20240409;100702;49.16;100;10077960564;B
20240409;100702;49.18;450;10077960565;B
20240409;100702;49.09;500;10077960566;S
20240409;100702;49.08;50;10077960567;S
20240409;100702;49.08;120;10077960568;S
20240409;100702;49.08;140;10077960569;S
20240409;100702;49.08;190;10077960570;S
20240409;100702;49.08;50;10077960571;S
20240409;100702;49.08;10;10077960572;S
20240409;100702;49.09;50;10077960574;S
20240409;100702;49.09;100;10077960575;S
20240409;100702;49.09;700;10077960576;S
20240409;100702;49.09;100;10077960577;S
20240409;100702;49.09;500;10077960578;S
20240409;100702;49.09;100;10077960579;S
20240409;100702;49.14;200;10077960582;B
20240409;100702;49.1;1000;10077960583;S
20240409;100702;49.1;10;10077960584;S
20240409;100702;49.14;200;10077960587;B
20240409;100702;49.14;600;10077960588;B
20240409;100702;49.15;400;10077960589;B
20240409;100702;49.15;600;10077960620;B
20240409;100702;49.15;400;10077960621;B
20240409;100702;49.14;1000;10077960622;B
20240409;100702;49.15;600;10077960624;B
20240409;100702;49.15;400;10077960625;B
20240409;100702;49.14;700;10077960626;B
20240409;100702;49.14;300;10077960627;B
20240409;100702;49.15;30;10077960628;B
20240409;100702;49.16;1000;10077960629;B
20240409;100702;49.2;10;10077960635;B
20240409;100702;49.25;500;10077960638;B
20240409;100702;49.34;20;10077960639;B
20240409;100702;49.38;1000;10077960640;B
20240409;100702;49.38;1000;10077960641;B
20240409;100702;49.38;500;10077960642;S
20240409;100702;49.38;800;10077960643;B
20240409;100702;49.38;200;10077960644;B
20240409;100702;49.39;10;10077960645;B
20240409;100702;49.39;590;10077960646;B
20240409;100702;49.42;1490;10077960647;B
20240409;100702;49.44;1000;10077960648;B
20240409;100702;49.45;1000;10077960649;B
20240409;100702;49.45;10000;10077960650;B
20240409;100702;49.46;1000;10077960651;B
20240409;100702;49.46;1000;10077960652;S
20240409;100702;49.46;1000;10077960653;S
20240409;100702;49.57;1000;10077960654;B
20240409;100702;49.57;800;10077960655;B
20240409;100702;49.58;100;10077960656;B
20240409;100702;49.5;1000;10077960657;S
20240409;100702;49.51;1000;10077960658;S
20240409;100702;49.5;400;10077960659;S
20240409;100702;49.5;100;10077960660;S
20240409;100702;49.57;300;10077960661;B
20240409;100702;49.59;2000;10077960662;S
20240409;100702;49.53;1000;10077960663;S
20240409;100702;49.54;500;10077960664;S
20240409;100702;49.55;1160;10077960665;S
20240409;100702;49.54;2100;10077960666;S
20240409;100702;49.53;400;10077960667;S
20240409;100702;49.54;500;10077960668;B
20240409;100702;49.54;500;10077960669;S
20240409;100702;49.54;1400;10077960670;S
20240409;100702;49.54;500;10077960671;B
20240409;100702;49.54;100;10077960672;B
20240409;100702;49.55;980;10077960674;B
20240409;100702;49.58;2000;10077960676;S
20240409;100702;49.57;2000;10077960677;S
20240409;100702;49.57;2000;10077960678;S
20240409;100702;49.57;1080;10077960680;S
20240409;100702;49.58;1330;10077960681;S
20240409;100702;49.55;40;10077960682;S
20240409;100702;49.58;1400;10077960683;S
20240409;100702;49.6;1000;10077960684;B
20240409;100702;49.6;1000;10077960685;B
20240409;100702;49.59;500;10077960686;S
20240409;100702;49.59;500;10077960687;S
20240409;100702;49.6;2000;10077960689;B
20240409;100702;49.6;500;10077960690;B
20240409;100702;49.6;500;10077960691;B
20240409;100702;49.6;920;10077960693;B
20240409;100702;49.6;500;10077960694;B
20240409;100702;49.6;900;10077960695;B
20240409;100702;49.61;700;10077960696;B
20240409;100702;49.61;400;10077960697;S
20240409;100702;49.64;900;10077960703;S
20240409;100702;49.67;1000;10077960708;B
20240409;100702;49.67;1000;10077960709;B
20240409;100702;49.66;500;10077960710;S
20240409;100702;49.67;500;10077960711;B
20240409;100702;49.66;500;10077960712;S
20240409;100702;49.68;500;10077960727;B
20240409;100702;49.67;500;10077960728;B
20240409;100702;49.67;500;10077960729;B
20240409;100702;49.67;500;10077960730;S
20240409;100702;49.64;450;10077960748;S
20240409;100702;49.65;500;10077960749;B
20240409;100702;49.65;500;10077960750;B
20240409;100702;49.65;100;10077960751;B
20240409;100702;49.64;50;10077960752;S
20240409;100702;49.64;500;10077960753;S
20240409;100702;49.61;500;10077960754;S
20240409;100702;49.61;500;10077960755;S
20240409;100702;49.61;500;10077960756;S
20240409;100702;49.61;450;10077960757;S
20240409;100702;49.61;30;10077960759;S
20240409;100702;49.61;20;10077960760;S
20240409;100702;49.6;40;10077960761;S
20240409;100702;49.6;40;10077960762;S
20240409;100702;49.6;220;10077960763;S
20240409;100702;49.6;380;10077960764;S
20240409;100702;49.6;120;10077960775;S
20240409;100702;49.58;1000;10077960776;S
20240409;100702;49.58;40;10077960777;S
20240409;100702;49.57;1000;10077960778;S
20240409;100702;49.56;1000;10077960779;S
20240409;100702;49.56;1400;10077960780;S
20240409;100702;49.55;2000;10077960781;S
20240409;100702;49.56;1000;10077960784;S
20240409;100702;49.55;5700;10077960785;S
20240409;100702;49.55;1000;10077960786;S
20240409;100702;49.55;4800;10077960787;S
20240409;100702;49.55;500;10077960788;S
20240409;100702;49.55;200;10077960789;S
20240409;100702;49.55;1000;10077960790;S
20240409;100702;49.56;200;10077960799;B
20240409;100702;49.55;3500;10077960800;S
20240409;100702;49.53;700;10077960801;S
20240409;100702;49.52;1860;10077960802;S
20240409;100702;49.51;1000;10077960803;S
20240409;100702;49.51;180;10077960804;S
20240409;100702;49.5;1000;10077960805;S
20240409;100702;49.49;1000;10077960806;S
20240409;100702;49.49;670;10077960807;S
20240409;100702;49.49;1000;10077960808;S
20240409;100702;49.49;6000;10077960809;S
20240409;100702;49.48;19120;10077960810;S
20240409;100702;49.48;1000;10077960811;S
20240409;100702;49.48;10000;10077960812;S
20240409;100702;49.47;1000;10077960813;S
20240409;100702;49.46;8990;10077960814;S
20240409;100702;49.46;12980;10077960815;S
20240409;100702;49.46;6210;10077960819;S
20240409;100702;49.46;7320;10077960820;S
20240409;100702;49.46;1000;10077960821;S
20240409;100702;49.45;1000;10077960822;S
20240409;100702;49.45;1000;10077960823;S
20240409;100702;49.44;1000;10077960824;S
20240409;100702;49.44;1800;10077960825;S
20240409;100702;49.44;670;10077960826;S
20240409;100702;49.47;1000;10077960827;S
20240409;100702;49.44;1130;10077960828;S
20240409;100702;49.43;1010;10077960829;S
20240409;100702;49.43;1000;10077960830;S
20240409;100702;49.42;1850;10077960831;S
20240409;100702;49.42;1850;10077960832;S
20240409;100702;49.42;3890;10077960833;S
20240409;100702;49.55;1000;10077960834;B
20240409;100702;49.56;10;10077960835;B
20240409;100702;49.46;70;10077960836;S
20240409;100702;49.43;100;10077960838;S
20240409;100702;49.48;160;10077960839;S
20240409;100702;49.43;1300;10077960840;S
20240409;100702;49.43;20;10077960841;S
20240409;100702;49.42;930;10077960842;S
20240409;100702;49.4;250;10077960843;S
20240409;100702;49.4;750;10077960844;S
20240409;100702;49.39;1000;10077960845;S
20240409;100702;49.39;250;10077960846;S
20240409;100702;49.42;1400;10077960847;S
20240409;100702;49.39;700;10077960848;S
20240409;100702;49.39;1200;10077960849;S
20240409;100702;49.38;180;10077960851;S
20240409;100702;49.38;50;10077960852;S
20240409;100702;49.38;1400;10077960853;S
20240409;100702;49.37;1000;10077960854;S
20240409;100702;49.36;2600;10077960855;S
20240409;100702;49.35;770;10077960856;S
20240409;100702;49.35;1540;10077960857;S
20240409;100702;49.36;1400;10077960858;S
20240409;100702;49.29;600;10077960859;S
20240409;100702;49.29;2600;10077960860;S
20240409;100702;49.28;1300;10077960861;S
20240409;100702;49.28;100;10077960862;S
20240409;100702;49.38;1000;10077960863;B
20240409;100702;49.38;500;10077960864;B
20240409;100702;49.38;500;10077960865;B
20240409;100702;49.33;2600;10077960866;S
20240409;100702;49.32;4400;10077960867;S
20240409;100702;49.38;110;10077960869;B
20240409;100702;49.33;500;10077960870;S
20240409;100702;49.33;500;10077960871;S
20240409;100702;49.33;400;10077960872;S
20240409;100702;49.32;100;10077960873;S
20240409;100702;49.29;20;10077960874;S
20240409;100702;49.3;1400;10077960875;S
20240409;100702;49.29;600;10077960876;S
20240409;100702;49.29;20;10077960885;S
20240409;100702;49.29;1000;10077960886;S
20240409;100702;49.29;200;10077960888;S
20240409;100702;49.33;460;10077960889;B
20240409;100702;49.33;10;10077960921;B
20240409;100702;49.32;20;10077960923;B
20240409;100702;49.29;1000;10077960924;S
20240409;100702;49.29;2600;10077960925;S
20240409;100702;49.28;1400;10077960926;S
20240409;100702;49.28;1290;10077960927;S
20240409;100702;49.32;40;10077960928;B
20240409;100702;49.32;20;10077960929;B
20240409;100702;49.32;40;10077960930;B
20240409;100702;49.32;50;10077960931;B
20240409;100702;49.29;900;10077960934;S
20240409;100702;49.32;150;10077960935;B
20240409;100702;49.32;20;10077960936;B
20240409;100702;49.29;10;10077960943;S
20240409;100702;49.32;10;10077960945;B
20240409;100702;49.29;110;10077960946;S
20240409;100702;49.32;650;10077960947;B
20240409;100702;49.33;30;10077960948;B
20240409;100702;49.33;20;10077960949;B
20240409;100702;49.29;1280;10077960954;S
20240409;100702;49.29;1220;10077960955;S
20240409;100702;49.29;1380;10077960956;S
20240409;100702;49.28;1620;10077960957;S
20240409;100702;49.33;480;10077960958;B
20240409;100702;49.33;500;10077960959;B
20240409;100702;49.33;20;10077960960;B
20240409;100702;49.33;480;10077960961;B
20240409;100702;49.33;500;10077960962;B
20240409;100702;49.33;400;10077960963;B
20240409;100702;49.33;500;10077960964;B
20240409;100702;49.33;500;10077960965;B
20240409;100702;49.33;500;10077960966;B
20240409;100702;49.34;1000;10077960967;B
20240409;100702;49.35;1000;10077960968;B
20240409;100702;49.36;1000;10077960969;B
20240409;100702;49.37;1000;10077960970;B
20240409;100702;49.38;1000;10077960971;B
20240409;100702;49.39;1000;10077960972;B
20240409;100702;49.4;1000;10077960973;B
20240409;100702;49.4;120;10077960974;S
20240409;100702;49.31;960;10077960975;S
20240409;100702;49.32;990;10077960976;S
20240409;100702;49.32;210;10077960977;S
20240409;100702;49.3;10;10077960978;S
20240409;100702;49.28;220;10077960979;S
20240409;100702;49.28;4630;10077960980;S
20240409;100702;49.28;7250;10077960981;S
20240409;100702;49.27;1950;10077960982;S
20240409;100702;49.25;2030;10077960983;S
20240409;100702;49.25;8700;10077960984;S
20240409;100702;49.29;70;10077960985;B
20240409;100702;49.33;20;10077960986;B
20240409;100702;49.37;1000;10077960994;B
20240409;100702;49.26;50;10077960995;S
20240409;100702;49.26;950;10077960998;S
20240409;100702;49.25;1850;10077960999;S
20240409;100702;49.26;500;10077961001;S
20240409;100702;49.23;2500;10077961002;S
20240409;100702;49.32;50;10077961004;B
20240409;100702;49.3;50;10077961005;B
20240409;100702;49.26;10;10077961006;S
20240409;100702;49.26;110;10077961007;S
20240409;100702;49.26;100;10077961009;S
20240409;100702;49.26;2380;10077961010;S
20240409;100702;49.26;10000;10077961011;S
20240409;100702;49.25;7300;10077961012;S
20240409;100702;49.23;320;10077961013;S
20240409;100702;49.25;310;10077961015;S
20240409;100702;49.25;90;10077961016;S
20240409;100702;49.27;4620;10077961020;B
20240409;100702;49.27;1000;10077961021;B
20240409;100702;49.3;100;10077961022;B
20240409;100703;49.3;1000;10077961041;B
20240409;100703;49.3;790;10077961042;B
20240409;100703;49.3;100;10077961043;B
20240409;100703;49.3;1960;10077961044;B
20240409;100703;49.32;1000;10077961045;B
20240409;100703;49.33;1000;10077961046;B
20240409;100703;49.33;1040;10077961047;B
20240409;100703;49.26;400;10077961052;S
20240409;100703;49.26;100;10077961053;S
20240409;100703;49.27;110;10077961054;S
20240409;100703;49.33;270;10077961055;B
20240409;100703;49.35;330;10077961056;B
20240409;100703;49.28;1000;10077961057;S
20240409;100703;49.27;1000;10077961058;S
20240409;100703;49.35;10;10077961059;B
20240409;100703;49.28;1000;10077961061;S
20240409;100703;49.27;520;10077961062;S
20240409;100703;49.34;1000;10077961063;B
20240409;100703;49.34;400;10077961064;B
20240409;100703;49.27;10;10077961065;S
20240409;100703;49.35;60;10077961069;B
20240409;100703;49.36;1000;10077961070;B
20240409;100703;49.37;1000;10077961071;B
20240409;100703;49.37;2940;10077961072;B
20240409;100703;49.33;200;10077961073;S
20240409;100703;49.4;10;10077961074;B
20240409;100703;49.33;620;10077961075;S
20240409;100703;49.4;10;10077961076;B
20240409;100703;49.33;180;10077961077;S
20240409;100703;49.32;320;10077961078;S
20240409;100703;49.32;190;10077961079;S
20240409;100703;49.32;300;10077961080;S
20240409;100703;49.39;10;10077961081;B
20240409;100703;49.37;100;10077961084;B
20240409;100703;49.31;700;10077961085;S
20240409;100703;49.38;1000;10077961087;B
20240409;100703;49.39;990;10077961088;B
20240409;100703;49.39;6000;10077961089;B
20240409;100703;49.39;10000;10077961090;B
20240409;100703;49.4;20;10077961091;B
20240409;100703;49.4;520;10077961092;B
20240409;100703;49.4;480;10077961093;B
20240409;100703;49.41;1000;10077961094;B
20240409;100703;49.42;700;10077961095;B
20240409;100703;49.42;1000;10077961096;B
20240409;100703;49.43;1000;10077961097;B
20240409;100703;49.43;300;10077961098;B
20240409;100703;49.43;250;10077961099;B
20240409;100703;49.44;1000;10077961100;B
20240409;100703;49.45;270;10077961101;B
20240409;100703;49.32;20;10077961102;S
20240409;100703;49.32;5600;10077961103;S
20240409;100703;49.38;100;10077961104;B
20240409;100703;49.31;300;10077961105;S
20240409;100703;49.3;10;10077961106;S
20240409;100703;49.3;170;10077961107;S
20240409;100703;49.31;500;10077961111;S
20240409;100703;49.33;10;10077961113;S
20240409;100703;49.33;390;10077961114;S
20240409;100703;49.37;200;10077961118;B
20240409;100703;49.38;1400;10077961119;B
20240409;100703;49.38;1000;10077961120;B
20240409;100703;49.39;1000;10077961121;B
20240409;100703;49.4;1000;10077961122;B
20240409;100703;49.4;11000;10077961123;B
20240409;100703;49.41;1000;10077961124;B
20240409;100703;49.42;990;10077961125;B
20240409;100703;49.44;30;10077961129;B
20240409;100703;49.38;200;10077961141;S
20240409;100703;49.38;10;10077961144;S
20240409;100703;49.38;20;10077961145;S
20240409;100703;49.43;50;10077961163;B
20240409;100703;49.43;960;10077961188;B
20240409;100703;49.43;640;10077961189;B
20240409;100703;49.44;2400;10077961190;B
20240409;100703;49.44;10;10077961191;B
20240409;100703;49.42;300;10077961193;S
20240409;100703;49.42;700;10077961194;S
20240409;100703;49.42;800;10077961195;S
20240409;100703;49.45;800;10077961197;B
20240409;100703;49.47;220;10077961198;B
20240409;100703;49.47;280;10077961205;B
20240409;100703;49.48;100;10077961206;B
20240409;100703;49.49;10;10077961207;B
20240409;100703;49.49;320;10077961208;B
20240409;100703;49.5;30;10077961209;B
20240409;100703;49.51;1000;10077961210;B
20240409;100703;49.52;1000;10077961211;B
20240409;100703;49.52;1000;10077961212;B
20240409;100703;49.53;260;10077961213;B
20240409;100703;49.58;1000;10077961214;B
20240409;100703;49.58;3000;10077961215;B
20240409;100703;49.51;30;10077961217;S
20240409;100703;49.54;20;10077961220;S
20240409;100703;49.54;30;10077961223;S
20240409;100703;49.58;1000;10077961225;B
20240409;100703;49.58;3000;10077961226;B
20240409;100703;49.58;4000;10077961236;B
20240409;100703;49.57;330;10077961242;S
20240409;100703;49.58;280;10077961243;B
20240409;100703;49.59;40;10077961244;B
20240409;100703;49.59;3680;10077961245;B
20240409;100703;49.59;1140;10077961258;B
20240409;100703;49.6;10;10077961259;B
20240409;100703;49.6;30;10077961260;B
20240409;100703;49.61;50;10077961261;B
20240409;100703;49.62;2600;10077961262;B
20240409;100703;49.62;170;10077961263;B
20240409;100703;49.61;10;10077961267;S
20240409;100703;49.61;10;10077961285;S
20240409;100703;49.63;20;10077961288;B
20240409;100703;49.62;150;10077961289;S
20240409;100703;49.62;10;10077961295;S
20240409;100703;49.63;50;10077961299;B
20240409;100703;49.64;40;10077961300;B
20240409;100703;49.66;200;10077961301;B
20240409;100703;49.66;400;10077961302;B
20240409;100703;49.66;310;10077961303;B
20240409;100703;49.63;350;10077961305;S
20240409;100704;49.64;1000;10077961321;S
20240409;100704;49.64;500;10077961322;S
20240409;100704;49.64;500;10077961323;S
20240409;100704;49.64;10;10077961327;S
20240409;100704;49.64;190;10077961334;S
20240409;100704;49.66;490;10077961357;B
20240409;100704;49.67;4510;10077961358;B
20240409;100704;49.66;370;10077961361;S
20240409;100704;49.66;830;10077961362;S
20240409;100704;49.65;1080;10077961363;S
20240409;100704;49.64;340;10077961364;S
20240409;100704;49.64;2000;10077961365;S
20240409;100704;49.64;6460;10077961366;S
20240409;100704;49.64;1140;10077961367;S
20240409;100704;49.67;120;10077961368;B
20240409;100704;49.67;880;10077961369;B
20240409;100704;49.67;1000;10077961386;B
20240409;100704;49.64;300;10077961403;S
20240409;100704;49.65;1400;10077961448;S
20240409;100704;49.66;500;10077961473;B
20240409;100704;49.66;2280;10077961475;B
20240409;100704;49.67;2750;10077961476;B
20240409;100704;49.67;680;10077961477;B
20240409;100704;49.68;150;10077961478;B
20240409;100704;49.68;10;10077961479;B
20240409;100704;49.68;740;10077961480;B
20240409;100704;49.68;30;10077961481;B
20240409;100704;49.68;1000;10077961482;B
20240409;100704;49.68;780;10077961483;B
20240409;100704;49.68;1580;10077961484;S
20240409;100704;49.66;2600;10077961491;S
20240409;100704;49.66;780;10077961492;S
20240409;100704;49.66;10000;10077961493;S
20240409;100704;49.65;6620;10077961494;S
20240409;100704;49.65;40;10077961499;S
20240409;100704;49.65;580;10077961501;S
20240409;100704;49.65;1200;10077961502;S
20240409;100704;49.65;7240;10077961503;S
20240409;100704;49.64;10;10077961504;S
20240409;100704;49.63;10;10077961505;S
20240409;100704;49.62;1000;10077961506;S
20240409;100704;49.62;700;10077961507;S
20240409;100704;49.62;130;10077961508;S
20240409;100704;49.66;100;10077961537;B
20240409;100704;49.65;1400;10077961543;B
20240409;100704;49.66;2220;10077961544;B
20240409;100704;49.66;1000;10077961545;B
20240409;100704;49.66;380;10077961546;B
20240409;100704;49.62;1400;10077961547;S
20240409;100704;49.62;1000;10077961548;S
20240409;100704;49.61;600;10077961549;S
20240409;100704;49.61;60;10077961550;S
20240409;100704;49.61;360;10077961555;S
20240409;100704;49.65;1000;10077961556;B
20240409;100704;49.65;60;10077961557;B
20240409;100704;49.66;320;10077961558;B
20240409;100704;49.66;620;10077961559;B
20240409;100704;49.61;520;10077961569;S
20240409;100704;49.61;40;10077961570;S
20240409;100704;49.61;1000;10077961571;S
20240409;100704;49.6;1000;10077961572;S
20240409;100704;49.6;40;10077961573;S
20240409;100704;49.6;100;10077961574;S
20240409;100704;49.6;10;10077961575;S
20240409;100704;49.6;2290;10077961576;S
20240409;100704;49.64;1200;10077961577;B
20240409;100704;49.59;1000;10077961578;S
20240409;100704;49.6;60;10077961579;S
20240409;100704;49.6;670;10077961580;S
20240409;100704;49.6;270;10077961581;S
20240409;100704;49.6;270;10077961582;S
20240409;100704;49.6;300;10077961583;S
20240409;100705;49.61;390;10077961593;S
20240409;100705;49.6;690;10077961594;S
20240409;100705;49.62;60;10077961604;S
20240409;100705;49.62;60;10077961616;S
20240409;100705;49.62;1080;10077961628;S
20240409;100705;49.61;670;10077961629;S
20240409;100705;49.6;8740;10077961630;S
20240409;100705;49.6;1000;10077961631;S
20240409;100705;49.6;820;10077961632;S
20240409;100705;49.59;930;10077961633;S
20240409;100705;49.59;1000;10077961634;S
20240409;100705;49.58;1000;10077961635;S
20240409;100705;49.58;700;10077961636;S
20240409;100705;49.57;60;10077961637;S
20240409;100705;49.57;20;10077961640;S
20240409;100705;49.57;170;10077961684;S
20240409;100705;49.56;280;10077961685;S
20240409;100705;49.56;2000;10077961686;S
20240409;100705;49.55;1000;10077961687;S
20240409;100705;49.55;670;10077961688;S
20240409;100705;49.54;110;10077961689;S
20240409;100705;49.54;1000;10077961690;S
20240409;100705;49.54;11000;10077961691;S
20240409;100705;49.53;10;10077961692;S
20240409;100705;49.53;200;10077961693;S
20240409;100705;49.53;1000;10077961694;S
20240409;100705;49.53;560;10077961695;S
20240409;100705;49.57;1000;10077961706;B
20240409;100705;49.55;100;10077961713;S
20240409;100705;49.55;30;10077961726;S
20240409;100705;49.57;250;10077961751;B
20240409;100705;49.55;80;10077961767;S
20240409;100705;49.55;1920;10077961768;S
20240409;100705;49.55;380;10077961825;S
20240409;100705;49.57;20;10077961834;B
20240409;100706;49.54;20;10077961928;S
20240409;100706;49.54;70;10077961929;S
20240409;100706;49.56;20;10077961942;B
20240409;100706;49.56;1000;10077961966;B
20240409;100706;49.56;1400;10077962020;B
20240409;100706;49.57;600;10077962021;B
20240409;100706;49.57;1730;10077962106;B
20240409;100706;49.57;270;10077962107;B
20240409;100706;49.57;730;10077962116;B
20240409;100706;49.57;920;10077962117;B
20240409;100706;49.58;350;10077962118;B
20240409;100707;49.58;10;10077962196;B
20240409;100707;49.58;640;10077962224;B
20240409;100707;49.58;170;10077962225;S
20240409;100708;49.59;20;10077962396;B
20240409;100708;49.59;10;10077962408;B
20240409;100709;49.59;150;10077962570;B
20240409;100709;49.58;20;10077962628;S
20240409;100709;49.58;420;10077962670;S
20240409;100709;49.59;820;10077962727;B
20240409;100709;49.59;180;10077962728;B
20240409;100709;49.59;10;10077962744;B
20240409;100710;49.57;10;10077962758;S
20240409;100710;49.58;1000;10077962916;B
20240409;100710;49.59;700;10077962917;B
20240409;100710;49.59;800;10077962918;B
20240409;100711;49.59;250;10077963119;S
20240409;100712;49.6;100;10077963358;B
20240409;100712;49.6;100;10077963437;B
20240409;100712;49.6;200;10077963438;B
20240409;100712;49.6;600;10077963440;B
20240409;100712;49.6;400;10077963441;B
20240409;100712;49.6;200;10077963442;B
20240409;100712;49.6;200;10077963443;B
20240409;100712;49.6;1000;10077963444;B
20240409;100712;49.6;300;10077963445;S
20240409;100712;49.6;300;10077963446;S
20240409;100712;49.6;300;10077963447;S
20240409;100712;49.6;300;10077963448;S
20240409;100712;49.6;200;10077963449;S
20240409;100712;49.61;10;10077963500;B
20240409;100713;49.6;10;10077963743;S
20240409;100713;49.62;1850;10077963954;B
20240409;100713;49.62;1850;10077963955;B
20240409;100713;49.62;40;10077963956;B
20240409;100713;49.63;260;10077963957;B
20240409;100714;49.62;700;10077964412;B
20240409;100714;49.62;100;10077964413;B
20240409;100714;49.62;1200;10077964414;B
20240409;100714;49.62;100;10077964415;B
20240409;100714;49.62;900;10077964417;B
20240409;100714;49.62;900;10077964419;B
20240409;100715;49.62;90;10077964497;B
20240409;100716;49.62;10;10077964766;B
20240409;100716;49.62;90;10077964767;B
20240409;100716;49.63;7260;10077964885;B
20240409;100716;49.63;7740;10077964886;S
20240409;100717;49.62;500;10077964988;B
20240409;100717;49.61;800;10077965025;S
20240409;100717;49.62;1300;10077965026;B
20240409;100717;49.62;900;10077965027;B
20240409;100717;49.62;600;10077965028;B
20240409;100717;49.62;1400;10077965029;B
20240409;100717;49.62;100;10077965030;B
20240409;100717;49.62;100;10077965031;B
20240409;100717;49.62;100;10077965032;B
20240409;100717;49.62;100;10077965065;S
20240409;100717;49.62;100;10077965066;S
20240409;100717;49.62;300;10077965067;S
20240409;100717;49.61;2600;10077965068;S
20240409;100717;49.61;1370;10077965069;S
20240409;100717;49.61;30;10077965070;S
20240409;100717;49.6;15000;10077965071;S
20240409;100717;49.6;10000;10077965072;S
20240409;100717;49.6;840;10077965073;S
20240409;100717;49.59;1000;10077965074;S
20240409;100717;49.58;1000;10077965075;S
20240409;100717;49.58;4350;10077965076;S
20240409;100717;49.57;1000;10077965077;S
20240409;100717;49.57;500;10077965078;S
20240409;100717;49.57;1000;10077965087;B
20240409;100717;49.57;160;10077965088;B
20240409;100717;49.58;940;10077965089;B
20240409;100718;49.57;320;10077965225;B
20240409;100718;49.55;10;10077965404;S
20240409;100719;49.53;30;10077965449;S
20240409;100719;49.55;10;10077965469;B
20240409;100719;49.56;10;10077965470;B
20240409;100719;49.57;230;10077965471;B
20240409;100720;49.53;10;10077965682;B
20240409;100720;49.53;10;10077965683;B
20240409;100720;49.54;10;10077965684;B
20240409;100721;49.54;970;10077965837;S
20240409;100721;49.54;9030;10077965838;S
20240409;100722;49.54;10;10077966014;B
20240409;100722;49.55;400;10077966103;B
20240409;100722;49.54;10;10077966127;B
20240409;100722;49.55;290;10077966128;B
20240409;100722;49.53;500;10077966160;S
20240409;100722;49.53;300;10077966161;S
20240409;100722;49.55;310;10077966162;B
20240409;100722;49.55;10;10077966163;B
20240409;100722;49.55;10;10077966164;B
20240409;100722;49.55;70;10077966165;S
20240409;100722;49.55;900;10077966166;S
20240409;100722;49.55;200;10077966167;S
20240409;100722;49.55;500;10077966168;S
20240409;100723;49.56;10;10077966192;B
20240409;100723;49.56;490;10077966193;B
20240409;100723;49.56;100;10077966194;B
20240409;100723;49.56;900;10077966195;B
20240409;100723;49.56;210;10077966196;B
20240409;100723;49.56;100;10077966197;B
20240409;100723;49.56;590;10077966198;B
20240409;100723;49.56;100;10077966199;S
20240409;100723;49.56;500;10077966200;S
20240409;100723;49.54;100;10077966205;S
20240409;100723;49.54;250;10077966235;B
20240409;100723;49.54;10;10077966244;B
20240409;100723;49.53;500;10077966261;S
20240409;100723;49.53;120;10077966274;S
20240409;100723;49.54;100;10077966307;B
20240409;100724;49.53;80;10077966393;S
20240409;100724;49.53;390;10077966394;S
20240409;100724;49.53;2090;10077966402;S
20240409;100724;49.52;20;10077966467;S
20240409;100725;49.54;10;10077966690;B
20240409;100725;49.55;240;10077966691;B
20240409;100725;49.51;1000;10077966785;S
20240409;100725;49.51;60;10077966786;S
20240409;100725;49.51;200;10077966787;S
20240409;100725;49.51;10000;10077966788;S
20240409;100725;49.5;10;10077966789;S
20240409;100725;49.5;10;10077966790;S
20240409;100725;49.5;10;10077966791;S
20240409;100725;49.5;210;10077966792;S
20240409;100725;49.5;10;10077966793;S
20240409;100725;49.5;1000;10077966794;S
20240409;100725;49.5;40;10077966795;S
20240409;100725;49.49;10;10077966796;S
20240409;100725;49.48;10;10077966798;S
20240409;100725;49.48;100;10077966799;S
20240409;100725;49.48;20;10077966800;S
20240409;100725;49.49;50;10077966816;B
20240409;100725;49.49;1000;10077966817;B
20240409;100726;49.47;10;10077966947;B
20240409;100726;49.48;10;10077966948;B
20240409;100726;49.49;80;10077966949;B
20240409;100726;49.46;1000;10077966974;S
20240409;100726;49.46;2500;10077966997;S
20240409;100726;49.47;10;10077966998;B
20240409;100726;49.48;10;10077966999;B
20240409;100726;49.46;1000;10077967026;S
20240409;100727;49.46;2000;10077967065;S
20240409;100727;49.45;2000;10077967201;S
20240409;100727;49.45;2000;10077967259;S
20240409;100728;49.47;10;10077967293;B
20240409;100728;49.47;90;10077967400;B
20240409;100728;49.48;410;10077967401;B
20240409;100729;49.48;90;10077967465;B
20240409;100729;49.49;2520;10077967466;B
20240409;100729;49.49;1400;10077967467;B
20240409;100729;49.49;1000;10077967468;B
20240409;100729;49.5;990;10077967469;B
20240409;100729;49.48;30;10077967497;B
20240409;100730;49.47;10;10077967642;B
20240409;100731;49.47;10;10077968001;B
20240409;100731;49.46;10;10077968034;S
20240409;100731;49.46;190;10077968035;S
20240409;100732;49.46;10;10077968382;B
20240409;100733;49.45;40;10077968513;S
20240409;100733;49.45;10;10077968514;S
20240409;100733;49.45;6140;10077968515;S
20240409;100733;49.45;1000;10077968533;B
20240409;100733;49.45;2360;10077968534;B
20240409;100733;49.46;90;10077968535;B
20240409;100733;49.46;560;10077968536;B
20240409;100733;49.43;300;10077968541;S
20240409;100734;49.44;10;10077968669;B
20240409;100734;49.45;10;10077968670;B
20240409;100734;49.45;80;10077968671;B
20240409;100734;49.44;10;10077968916;B
20240409;100734;49.44;10;10077968917;B
20240409;100734;49.46;180;10077968918;B
20240409;100735;49.44;10;10077968991;B
20240409;100735;49.43;550;10077969039;S
20240409;100735;49.42;1630;10077969040;S
20240409;100735;49.42;1000;10077969041;S
20240409;100735;49.41;1000;10077969042;S
20240409;100735;49.41;1400;10077969043;S
20240409;100735;49.41;820;10077969044;S
20240409;100735;49.4;1100;10077969045;S
20240409;100735;49.44;10;10077969056;B
20240409;100735;49.45;90;10077969057;B
20240409;100736;49.45;180;10077969177;B
20240409;100736;49.44;10;10077969300;B
20240409;100736;49.45;110;10077969301;B
20240409;100737;49.41;40;10077969376;S
20240409;100737;49.4;330;10077969377;S
20240409;100737;49.4;210;10077969378;S
20240409;100737;49.4;100;10077969379;S
20240409;100737;49.4;10;10077969380;S
20240409;100737;49.4;100;10077969381;S
20240409;100737;49.4;1000;10077969382;S
20240409;100737;49.4;1700;10077969383;S
20240409;100737;49.39;220;10077969384;S
20240409;100737;49.39;290;10077969385;S
20240409;100738;49.43;10;10077969689;B
20240409;100738;49.43;760;10077969690;B
20240409;100738;49.43;1400;10077969691;B
20240409;100738;49.43;2600;10077969692;B
20240409;100738;49.44;230;10077969693;B
20240409;100739;49.43;10;10077970085;B
20240409;100739;49.43;10;10077970086;B
20240409;100739;49.43;10;10077970087;B
20240409;100739;49.44;770;10077970088;B
20240409;100739;49.44;10;10077970089;B
20240409;100739;49.44;5000;10077970090;B
20240409;100739;49.44;690;10077970091;B
20240409;100739;49.44;520;10077970092;B
20240409;100739;49.45;1000;10077970093;B
20240409;100739;49.45;300;10077970094;B
20240409;100739;49.45;450;10077970095;B
20240409;100740;49.44;100;10077970338;S
20240409;100740;49.46;80;10077970353;B
20240409;100740;49.46;170;10077970354;B
20240409;100740;49.45;20;10077970368;S
20240409;100740;49.45;960;10077970477;S
20240409;100740;49.46;30;10077970518;B
20240409;100740;49.46;10;10077970544;B
20240409;100741;49.45;20;10077970633;S
20240409;100741;49.45;220;10077970634;S
20240409;100741;49.45;550;10077970767;S
20240409;100742;49.45;230;10077971025;S
20240409;100742;49.45;480;10077971026;S
20240409;100742;49.45;520;10077971027;S
20240409;100742;49.45;30;10077971028;S
20240409;100743;49.46;250;10077971154;B
20240409;100743;49.45;550;10077971218;S
20240409;100744;49.46;10;10077971269;B
20240409;100744;49.45;420;10077971380;S
20240409;100744;49.45;100;10077971381;S
20240409;100744;49.45;7480;10077971382;S
20240409;100745;49.46;280;10077971421;B
20240409;100745;49.46;2220;10077971422;B
20240409;100745;49.45;170;10077971438;S
20240409;100745;49.45;990;10077971497;S
20240409;100746;49.46;150;10077971639;B
20240409;100746;49.45;10;10077971665;S
20240409;100747;49.45;200;10077972098;S
20240409;100748;49.45;30;10077972214;S
20240409;100748;49.45;1120;10077972290;S
20240409;100748;49.45;690;10077972291;S
20240409;100748;49.45;2000;10077972292;S
20240409;100748;49.45;10;10077972293;S
20240409;100748;49.45;10;10077972294;S
20240409;100748;49.44;1100;10077972295;S
20240409;100748;49.44;300;10077972296;S
20240409;100748;49.44;10;10077972297;S
20240409;100748;49.44;1000;10077972298;S
20240409;100748;49.43;1000;10077972299;S
20240409;100748;49.43;100;10077972300;S
20240409;100748;49.43;1400;10077972301;S
20240409;100748;49.43;930;10077972302;S
20240409;100748;49.42;1000;10077972303;S
20240409;100748;49.42;2630;10077972304;S
20240409;100748;49.42;1700;10077972305;S
20240409;100748;49.45;200;10077972312;B
20240409;100748;49.45;10;10077972318;B
20240409;100748;49.43;20;10077972333;S
20240409;100749;49.46;100;10077972521;B
20240409;100750;49.46;1800;10077972678;B
20240409;100750;49.45;10;10077972787;S
20240409;100750;49.44;320;10077972788;S
20240409;100751;49.44;300;10077972896;S
20240409;100751;49.45;500;10077973085;S
20240409;100751;49.44;30;10077973086;S
20240409;100751;49.44;700;10077973087;S
20240409;100751;49.43;270;10077973088;S
20240409;100751;49.43;10;10077973116;S
20240409;100753;49.44;10;10077973485;B
20240409;100753;49.44;990;10077973562;B
20240409;100753;49.45;2330;10077973563;B
20240409;100753;49.46;5730;10077973564;B
20240409;100753;49.46;10;10077973565;B
20240409;100753;49.46;10;10077973566;B
20240409;100753;49.46;90;10077973567;B
20240409;100753;49.46;840;10077973568;S
20240409;100754;49.44;330;10077973586;S
20240409;100754;49.44;670;10077973587;S
20240409;100754;49.47;10;10077973790;B
20240409;100754;49.48;10;10077973791;B
20240409;100754;49.48;80;10077973792;B
20240409;100754;49.44;160;10077973824;S
20240409;100754;49.43;1400;10077973825;S
20240409;100754;49.43;2600;10077973826;S
20240409;100754;49.43;1000;10077973827;S
20240409;100754;49.42;3300;10077973828;S
20240409;100754;49.42;1000;10077973829;S
20240409;100754;49.42;800;10077973830;S
20240409;100754;49.41;1000;10077973831;S
20240409;100754;49.41;740;10077973832;S
20240409;100754;49.41;700;10077973833;S
20240409;100754;49.4;2300;10077973834;S
20240409;100755;49.45;40;10077973959;B
20240409;100755;49.45;10;10077973960;B
20240409;100755;49.43;10;10077974050;B
20240409;100755;49.44;730;10077974051;B
20240409;100755;49.45;990;10077974052;B
20240409;100755;49.45;270;10077974053;B
20240409;100755;49.45;10;10077974094;B
20240409;100756;49.41;20;10077974375;S
20240409;100756;49.41;390;10077974376;S
20240409;100759;49.41;60;10077974893;S
20240409;100759;49.41;140;10077974894;S
20240409;100800;49.41;80;10077975054;S
20240409;100800;49.41;170;10077975055;S
20240409;100800;49.44;10;10077975076;B
20240409;100800;49.45;10;10077975077;B
20240409;100800;49.45;10;10077975078;B
20240409;100800;49.45;130;10077975079;B
20240409;100800;49.45;10;10077975117;B
20240409;100800;49.45;10;10077975184;B
20240409;100800;49.45;350;10077975190;B
20240409;100800;49.46;1000;10077975191;B
20240409;100800;49.46;40;10077975192;B
20240409;100800;49.47;1000;10077975193;B
20240409;100800;49.47;9000;10077975194;B
20240409;100800;49.48;920;10077975195;B
20240409;100800;49.48;2000;10077975196;B
20240409;100800;49.48;420;10077975197;B
20240409;100800;49.49;1000;10077975198;B
20240409;100800;49.49;10;10077975199;B
20240409;100800;49.49;1000;10077975200;B
20240409;100800;49.49;1280;10077975201;B
20240409;100800;49.5;1000;10077975202;B
20240409;100800;49.5;1000;10077975203;B
20240409;100800;49.5;2000;10077975204;B
20240409;100800;49.5;10;10077975205;B
20240409;100800;49.5;5470;10077975206;B
20240409;100800;49.45;100;10077975246;S
20240409;100800;49.5;10;10077975259;B
20240409;100801;49.47;10;10077975386;S
20240409;100801;49.5;90;10077975461;B
20240409;100801;49.51;910;10077975462;B
20240409;100801;49.47;500;10077975467;S
20240409;100801;49.51;410;10077975469;B
20240409;100803;49.49;10;10077976118;S
20240409;100803;49.49;680;10077976119;S
20240409;100803;49.48;1000;10077976120;S
20240409;100803;49.48;200;10077976121;S
20240409;100803;49.48;10;10077976122;S
20240409;100803;49.48;100;10077976123;S
20240409;100805;49.49;10;10077976739;B
20240409;100805;49.5;10;10077976740;B
20240409;100805;49.5;670;10077976741;B
20240409;100805;49.5;10;10077976742;B
20240409;100805;49.5;2230;10077976743;B
20240409;100805;49.51;15220;10077976744;B
20240409;100805;49.51;10;10077976745;B
20240409;100805;49.51;4000;10077976746;B
20240409;100805;49.52;10;10077976747;B
20240409;100805;49.52;4000;10077976748;B
20240409;100805;49.53;1000;10077976749;B
20240409;100805;49.54;1000;10077976750;B
20240409;100805;49.54;3830;10077976751;B
20240409;100805;49.54;30;10077976772;B
20240409;100805;49.54;100;10077976899;B
20240409;100806;49.54;40;10077977005;B
20240409;100806;49.55;100;10077977006;B
20240409;100806;49.55;10;10077977042;S
20240409;100806;49.57;50;10077977079;B
20240409;100807;49.57;10;10077977232;B
20240409;100807;49.55;250;10077977299;S
20240409;100807;49.55;250;10077977300;S
20240409;100807;49.55;220;10077977301;S
20240409;100808;49.57;10;10077977412;B
20240409;100808;49.57;10;10077977413;B
20240409;100808;49.54;30;10077977465;S
20240409;100808;49.58;10;10077977489;B
20240409;100808;49.58;290;10077977490;B
20240409;100809;49.54;970;10077977572;S
20240409;100809;49.54;630;10077977573;S
20240409;100809;49.53;1000;10077977574;S
20240409;100809;49.53;720;10077977575;S
20240409;100809;49.53;2510;10077977576;S
20240409;100809;49.52;1000;10077977577;S
20240409;100809;49.52;700;10077977578;S
20240409;100809;49.52;660;10077977579;S
20240409;100809;49.51;1000;10077977580;S
20240409;100809;49.51;810;10077977581;S
20240409;100809;49.57;440;10077977677;B
20240409;100809;49.56;100;10077977751;B
20240409;100810;49.56;10;10077978007;B
20240409;100810;49.56;10;10077978008;B
20240409;100811;49.51;400;10077978081;S
20240409;100811;49.54;280;10077978086;B
20240409;100811;49.54;1400;10077978087;B
20240409;100811;49.54;1320;10077978088;B
20240409;100811;49.55;2600;10077978164;B
20240409;100811;49.55;1000;10077978165;B
20240409;100811;49.55;1000;10077978166;B
20240409;100811;49.55;1400;10077978167;B
20240409;100811;49.56;1000;10077978168;B
20240409;100811;49.56;750;10077978169;B
20240409;100811;49.56;2250;10077978170;B
20240409;100811;49.55;500;10077978172;B
20240409;100811;49.56;1000;10077978173;B
20240409;100811;49.56;2600;10077978174;B
20240409;100811;49.57;1000;10077978175;B
20240409;100811;49.57;3000;10077978176;B
20240409;100811;49.57;10;10077978177;B
20240409;100811;49.57;2000;10077978178;B
20240409;100811;49.57;2000;10077978179;B
20240409;100811;49.57;650;10077978180;B
20240409;100811;49.57;2160;10077978181;B
20240409;100811;49.58;3710;10077978182;B
20240409;100811;49.58;1000;10077978183;B
