<DATE>;<TIME>;<LAST>;<VOL>;<ID>;<OPER>
20241008;095954;1281.2;60;11272666035;B
20241008;095954;1281.2;50;11272666036;B
20241008;095954;1281.2;2;11272666037;S
20241008;095954;1281.2;2;11272666038;B
20241008;095954;1281.2;2;11272666039;S
20241008;095954;1281.2;3;11272666040;B
20241008;095954;1281.2;15;11272666041;S
20241008;095954;1281.2;11;11272666042;B
20241008;095954;1281.2;1;11272666043;S
20241008;095954;1281.2;3;11272666044;B
20241008;095954;1281.2;1;11272666045;S
20241008;095954;1281.2;17;11272666046;S
20241008;095954;1281.2;140;11272666047;S
20241008;095954;1281.2;1;11272666048;S
20241008;095954;1281.2;20;11272666049;S
20241008;100002;1284.2;10;11272669058;B
20241008;100002;1284.2;19;11272669088;B
20241008;100002;1284.8;1;11272669127;B
20241008;100002;1284.2;1;11272669276;S
20241008;100005;1284.2;1;11272670256;S
20241008;100010;1285.6;39;11272672090;B
20241008;100018;1284.2;1;11272674988;S
20241008;100018;1284.2;3;11272674989;S
20241008;100025;1282.6;126;11272677084;B
20241008;100025;1285;13;11272677192;B
20241008;100025;1285.2;11;11272677298;B
20241008;100025;1285.2;13;11272677331;B
20241008;100025;1285.4;387;11272677332;B
20241008;100025;1284.4;13;11272677526;S
20241008;100025;1284.4;27;11272677527;S
20241008;100026;1284.6;185;11272677722;S
20241008;100026;1284.4;11;11272677723;S
20241008;100026;1284.2;400;11272677724;S
20241008;100026;1283.4;13;11272677725;S
20241008;100026;1281.6;200;11272677726;S
20241008;100026;1281;3;11272677727;S
20241008;100026;1281;40;11272677728;S
20241008;100026;1280;1;11272677729;S
20241008;100026;1280;1;11272677730;S
20241008;100026;1279;78;11272677731;S
20241008;100026;1279;42;11272677732;S
20241008;100026;1278.8;347;11272677733;S
20241008;100026;1278.4;400;11272677734;S
20241008;100026;1278.2;1;11272677735;S
20241008;100026;1278;3;11272677736;S
20241008;100026;1275.2;1;11272677737;S
20241008;100026;1275.2;5;11272677738;S
20241008;100026;1274;250;11272677739;S
20241008;100026;1274;35;11272677740;S
20241008;100026;1273;3;11272677741;S
20241008;100026;1272.2;1;11272677742;S
20241008;100026;1272;1;11272677743;S
20241008;100026;1272;3;11272677744;S
20241008;100026;1270.2;56;11272677745;S
20241008;100026;1279;78;11272677746;S
20241008;100026;1278.8;18;11272677774;S
20241008;100026;1278.8;3;11272677775;S
20241008;100026;1278.8;5;11272677787;S
20241008;100026;1278.8;7;11272677788;S
20241008;100026;1278.8;7;11272677789;S
20241008;100026;1281;2;11272677820;B
20241008;100026;1278.8;8;11272677837;S
20241008;100026;1278.8;4;11272677838;S
20241008;100026;1278.8;10;11272677839;S
20241008;100026;1281.2;13;11272677888;B
20241008;100026;1282;7;11272677889;B
20241008;100026;1279.2;5;11272677895;S
20241008;100026;1279.2;3;11272677906;S
20241008;100026;1281.4;13;11272677907;B
20241008;100026;1281.6;67;11272677908;B
20241008;100027;1279.4;10;11272677959;S
20241008;100027;1279.2;1;11272677964;S
20241008;100027;1277.8;7;11272677988;S
20241008;100027;1279.8;9;11272677994;B
20241008;100027;1279.6;10;11272678011;S
20241008;100027;1280.2;10;11272678125;S
20241008;100027;1278.8;4;11272678159;S
20241008;100029;1281.8;1;11272678445;B
20241008;100052;1281.6;2;11272684157;S
20241008;100058;1281.4;2;11272685471;B
20241008;100058;1280.8;1;11272685478;S
20241008;100104;1281;35;11272686826;S
20241008;100122;1281.2;2;11272691395;B
20241008;100122;1281.2;133;11272691396;B
20241008;100122;1281.2;135;11272691397;B
20241008;100122;1281.2;39;11272691398;B
20241008;100125;1280.8;1;11272692197;S
20241008;100128;1281.8;5;11272692626;B
20241008;100130;1281.8;8;11272692971;B
20241008;100130;1281.8;1;11272692972;B
20241008;100130;1281.8;4;11272693066;B
20241008;100131;1281.8;3;11272693247;B
20241008;100131;1281.8;6;11272693318;B
20241008;100131;1281.8;8;11272693319;B
20241008;100131;1281.8;6;11272693489;B
20241008;100132;1281.8;5;11272693505;B
20241008;100132;1281.8;2;11272693575;B
20241008;100132;1281.8;2;11272693576;B
20241008;100132;1281.8;2;11272693603;B
20241008;100133;1281.6;1;11272693906;B
20241008;100137;1281.8;7;11272694691;B
20241008;100138;1281.8;2;11272694994;B
20241008;100141;1281.8;1;11272695526;B
20241008;100141;1281.8;3;11272695687;B
20241008;100142;1281.8;1;11272695846;B
20241008;100143;1281.8;6;11272696004;B
20241008;100143;1281.8;6;11272696005;B
20241008;100145;1281.8;9;11272696462;B
20241008;100145;1281.8;1;11272696545;B
20241008;100145;1281.8;5;11272696712;B
20241008;100146;1281.8;3;11272697008;B
20241008;100159;1281.8;14;11272699576;B
20241008;100202;1281.8;9;11272700301;B
20241008;100205;1281.6;13;11272700977;B
20241008;100205;1281.8;2;11272700978;B
20241008;100211;1282;8;11272702105;B
20241008;100212;1281.8;3;11272702441;S
20241008;100212;1281.6;27;11272702442;S
20241008;100228;1281.6;1;11272705719;S
20241008;100235;1282;2;11272706955;B
20241008;100236;1281.4;31;11272707067;S
20241008;100240;1281.4;20;11272707851;S
20241008;100245;1282;1;11272708624;B
20241008;100245;1282;13;11272708673;B
20241008;100246;1282;181;11272709133;B
20241008;100307;1281.6;1;11272712852;S
20241008;100308;1282;1;11272713127;B
20241008;100318;1282;3;11272715067;B
20241008;100319;1282;1;11272715414;B
20241008;100333;1282;1;11272718080;B
20241008;100339;1282;3;11272719195;B
20241008;100340;1282;3;11272719400;B
20241008;100340;1282;1;11272719461;B
20241008;100340;1282;4;11272719610;B
20241008;100352;1281.6;1;11272721715;S
20241008;100352;1281.6;13;11272721716;S
20241008;100358;1281.6;21;11272723000;S
20241008;100358;1282;12;11272723063;B
20241008;100400;1282;2;11272723507;B
20241008;100407;1282;1;11272724860;B
20241008;100407;1282;2;11272725023;B
20241008;100413;1282;2;11272726245;B
20241008;100415;1281.8;2;11272726458;B
20241008;100415;1282;1;11272726501;B
20241008;100420;1282;1;11272727629;B
20241008;100421;1282;135;11272727821;B
20241008;100421;1281.8;3;11272728009;S
20241008;100426;1281.6;78;11272729045;S
20241008;100430;1281.6;4;11272729904;B
20241008;100430;1281.6;27;11272729953;B
20241008;100435;1281.6;17;11272730981;B
20241008;100435;1281.4;1;11272731015;S
20241008;100439;1281.6;2;11272731621;B
20241008;100439;1281.6;9;11272731670;B
20241008;100439;1281.6;53;11272731770;B
20241008;100440;1281.6;7;11272732094;B
20241008;100440;1281.6;53;11272732122;B
20241008;100441;1281.6;9;11272732431;B
20241008;100441;1281.6;17;11272732462;B
20241008;100446;1281.6;14;11272733524;B
20241008;100446;1281.6;3;11272733549;B
20241008;100447;1281.6;9;11272733751;B
20241008;100447;1281.6;9;11272733851;B
20241008;100447;1281.6;7;11272733871;B
20241008;100448;1281.6;7;11272734111;B
20241008;100448;1281.6;17;11272734165;B
20241008;100450;1281.6;7;11272734455;B
20241008;100450;1281.6;10;11272734482;B
20241008;100453;1281.6;1;11272735108;B
20241008;100511;1281.6;4;11272739056;B
20241008;100514;1281.6;394;11272739593;B
20241008;100514;1281.6;3;11272739594;B
20241008;100514;1281.8;3;11272739595;B
20241008;100514;1281.8;4;11272739596;B
20241008;100514;1282.6;69;11272739597;B
20241008;100514;1282.6;31;11272739598;B
20241008;100514;1282.6;40;11272739599;B
20241008;100514;1282.8;1;11272739600;B
20241008;100514;1282.8;38;11272739601;B
20241008;100514;1283.2;10;11272739602;B
20241008;100518;1284;1;11272740325;B
20241008;100529;1282.8;2;11272742072;S
20241008;100529;1282.6;20;11272742073;S
20241008;100529;1282.4;2;11272742074;S
20241008;100612;1283.8;53;11272750251;B
20241008;100612;1284;9;11272750253;B
20241008;100612;1284.6;3;11272750254;B
20241008;100634;1283.4;1;11272754087;S
20241008;100634;1283.2;4;11272754088;S
20241008;100634;1283.2;5;11272754089;S
20241008;100634;1283;40;11272754090;S
20241008;100647;1283;1;11272756536;S
20241008;100647;1282.6;67;11272756540;S
20241008;100647;1282.2;28;11272756541;S
20241008;100700;1281.4;2;11272758611;S
20241008;100700;1281.4;4;11272758612;S
20241008;100708;1281.4;70;11272760190;S
20241008;100716;1282.6;4;11272761330;B
20241008;100716;1282.8;4;11272761331;B
20241008;100720;1281.4;30;11272761777;S
20241008;100722;1282.8;1;11272762054;B
20241008;100728;1282.8;1;11272763255;B
20241008;100740;1283.6;1;11272765314;B
20241008;100741;1283.6;6;11272765408;B
20241008;100743;1283.6;6;11272765707;B
20241008;100803;1284;10;11272769701;B
20241008;100803;1284;8;11272769702;B
20241008;100813;1282.4;11;11272771214;S
20241008;100826;1283;85;11272773234;S
20241008;100847;1283.8;2;11272776195;S
20241008;100847;1283.2;25;11272776196;S
20241008;100847;1283;89;11272776197;S
20241008;100859;1283;50;11272778281;S
20241008;100923;1284;29;11272782190;B
20241008;100932;1283.2;88;11272783721;S
20241008;100938;1284.2;1;11272784527;B
20241008;100951;1283;8;11272786210;S
20241008;100958;1284.2;5;11272787325;B
20241008;100958;1284.2;1;11272787527;B
20241008;100959;1284.2;3;11272787693;B
20241008;101002;1284.4;1;11272788236;B
20241008;101002;1284.4;3;11272788310;B
20241008;101007;1284.4;1;11272789042;B
20241008;101008;1284.4;5;11272789291;B
20241008;101014;1284.6;7;11272790115;B
20241008;101014;1285.4;78;11272790116;B
20241008;101015;1285.4;2;11272790160;S
20241008;101023;1285.6;70;11272791418;B
20241008;101023;1285.8;1;11272791421;B
20241008;101023;1286;1;11272791422;B
20241008;101024;1287;3;11272791534;B
20241008;101024;1288;12;11272791573;B
20241008;101033;1288;1;11272793162;B
20241008;101043;1288;2;11272795247;B
20241008;101043;1288.8;1;11272795248;B
20241008;101043;1288.8;6;11272795249;B
20241008;101043;1288.8;2;11272795250;B
20241008;101043;1288.6;1;11272795304;B
20241008;101043;1288.8;25;11272795305;B
20241008;101125;1288.8;49;11272801746;S
20241008;101125;1288.8;2;11272801747;S
20241008;101125;1288.8;20;11272801748;S
20241008;101125;1288.8;9;11272801749;S
20241008;101125;1288.6;9;11272801750;S
20241008;101125;1288.4;6;11272801751;S
20241008;101125;1288;16;11272801752;S
20241008;101136;1287.6;25;11272803541;B
20241008;101136;1287.8;29;11272803542;B
20241008;101216;1288.2;2;11272809267;B
20241008;101235;1288;1;11272811876;B
20241008;101235;1288;1;11272811931;B
20241008;101235;1288;1;11272811932;B
20241008;101235;1288.4;6;11272811933;B
20241008;101255;1286.8;103;11272814283;S
20241008;101352;1286.6;2;11272822584;B
20241008;101352;1286.8;1;11272822585;B
20241008;101352;1286.8;1;11272822586;B
20241008;101352;1287.2;1;11272822587;B
20241008;101354;1287.6;8;11272823044;B
20241008;101417;1285.8;3;11272825786;S
20241008;101445;1287.2;1;11272829058;B
20241008;101448;1287.2;1;11272829368;B
20241008;101522;1287.2;2;11272836374;B
20241008;101531;1287.2;2;11272839830;B
20241008;101532;1287.2;2;11272839942;S
20241008;101542;1286;1;11272843420;S
20241008;101618;1286.2;1;11272854744;B
20241008;101618;1286.2;1;11272854745;B
20241008;101618;1286.4;1;11272854746;B
20241008;101618;1286.6;29;11272854747;B
20241008;101618;1286.8;19;11272854867;B
20241008;101618;1286.8;11;11272854987;B
20241008;101618;1287.2;5;11272854988;B
20241008;101642;1285.8;7;11272860323;S
20241008;101829;1285.6;3;11272885436;S
20241008;101829;1285.6;15;11272885437;S
20241008;101846;1285.6;11;11272890516;S
20241008;101846;1285.8;1;11272890600;B
20241008;101851;1285.6;5;11272892104;S
20241008;101916;1285.6;1;11272899180;S
20241008;101925;1286.4;2;11272901517;B
20241008;101939;1286;4;11272906975;B
20241008;101939;1286.2;1;11272907036;B
20241008;102000;1286;1;11272912261;B
20241008;102006;1286;1;11272914252;B
20241008;102009;1286;5;11272914922;B
20241008;102013;1285.8;2;11272915986;B
20241008;102017;1285.6;1;11272916866;S
20241008;102019;1286;3;11272917481;B
20241008;102024;1286;10;11272918673;B
20241008;102030;1285.8;3;11272920328;B
20241008;102036;1285.6;1;11272921786;S
20241008;102053;1286;1;11272925254;B
20241008;102054;1285.6;1;11272925505;S
20241008;102120;1285.6;15;11272929077;S
20241008;102120;1285.6;2;11272929078;S
20241008;102120;1285.6;13;11272929079;B
20241008;102125;1284.4;1;11272929584;S
20241008;102125;1284;11;11272929615;S
20241008;102125;1284;1;11272929616;S
20241008;102127;1283.2;1;11272929918;S
20241008;102136;1283.2;2;11272931234;B
20241008;102143;1283;1;11272932447;S
20241008;102143;1281.6;20;11272932458;B
20241008;102219;1281.4;20;11272939985;S
20241008;102220;1281.2;2;11272940028;S
20241008;102243;1281;1;11272945331;B
20241008;102257;1281;2;11272948883;B
20241008;102300;1280.8;1;11272949607;S
20241008;102302;1280.8;7;11272949855;B
20241008;102314;1280.6;1;11272951766;S
20241008;102314;1280.4;5;11272951767;S
20241008;102317;1280.6;4;11272952318;B
20241008;102317;1280.6;9;11272952319;B
20241008;102320;1280.2;19;11272952981;S
20241008;102320;1280;50;11272952982;S
20241008;102320;1279.8;335;11272952983;S
20241008;102324;1278.2;2;11272953986;S
20241008;102329;1277.2;65;11272954901;S
20241008;102336;1277;88;11272956069;S
20241008;102402;1276.6;12;11272959999;B
20241008;102402;1277.6;12;11272960164;B
20241008;102403;1277.6;2;11272960251;B
20241008;102404;1277.4;1;11272960428;B
20241008;102406;1277.4;1;11272960629;B
20241008;102406;1277.6;1;11272960718;B
20241008;102408;1276.8;15;11272961004;S
20241008;102408;1276.8;40;11272961005;S
20241008;102408;1276.6;63;11272961006;B
20241008;102415;1277.4;3;11272961642;B
20241008;102416;1276.4;40;11272961788;S
20241008;102416;1276.4;8;11272961789;S
20241008;102416;1276.4;1;11272961791;B
20241008;102426;1276;1;11272963271;S
20241008;102426;1276;2;11272963272;S
20241008;102428;1275.8;1;11272963436;B
20241008;102432;1275.6;1;11272963921;B
20241008;102432;1275.8;1;11272963922;B
20241008;102437;1275.4;1;11272964645;S
20241008;102437;1275.4;6;11272964646;S
20241008;102437;1275.4;33;11272964647;S
20241008;102458;1275.8;2;11272967744;B
20241008;102459;1275.6;2;11272967930;S
20241008;102459;1275.6;2;11272967931;S
20241008;102459;1275.4;3;11272967932;S
20241008;102501;1276;13;11272968230;B
20241008;102501;1276;27;11272968279;B
20241008;102501;1276.2;4;11272968323;B
20241008;102501;1276.4;69;11272968336;B
20241008;102501;1276.4;40;11272968337;B
20241008;102501;1276.4;2;11272968338;B
20241008;102501;1277.6;22;11272968419;B
20241008;102501;1277.8;38;11272968564;B
20241008;102501;1277.8;20;11272968565;B
20241008;102501;1278.4;23;11272968578;B
20241008;102501;1278.4;40;11272968631;B
20241008;102501;1278.4;12;11272968632;B
20241008;102502;1278.8;19;11272968808;B
20241008;102503;1280.2;13;11272969081;S
20241008;102518;1279.6;6;11272970948;S
20241008;102526;1279.4;4;11272971857;B
20241008;102528;1279.4;1;11272972084;B
20241008;102528;1279.4;4;11272972095;B
20241008;102540;1278;2;11272973690;S
20241008;102540;1278;3;11272973691;S
20241008;102540;1278;15;11272973692;B
20241008;102542;1279.4;7;11272973930;B
20241008;102544;1279.6;1;11272974402;B
20241008;102547;1279.6;25;11272975346;B
20241008;102547;1278.4;1;11272975551;S
20241008;102547;1277.8;7;11272975552;S
20241008;102547;1277.8;40;11272975553;S
20241008;102547;1277.6;20;11272975554;S
20241008;102547;1277.6;2;11272975555;S
20241008;102552;1279.4;1;11272978090;B
20241008;102553;1277.8;1;11272978567;B
20241008;102553;1277.8;95;11272978568;B
20241008;102553;1277.8;75;11272978569;B
20241008;102553;1277.8;32;11272978570;B
20241008;102554;1278;1;11272979189;S
20241008;102555;1278;10;11272980124;S
20241008;102558;1278;1;11272981420;S
20241008;102558;1277.8;9;11272981421;S
20241008;102558;1279.4;2;11272981597;B
20241008;102558;1278.4;60;11272981614;S
20241008;102558;1278.2;13;11272981615;S
20241008;102558;1278;5;11272981616;S
20241008;102604;1277.8;28;11272982885;B
20241008;102604;1277.8;1;11272982886;B
20241008;102607;1277.8;7;11272983190;B
20241008;102611;1277.4;3;11272983614;S
20241008;102611;1277.2;30;11272983615;S
20241008;102611;1277.8;50;11272983667;B
20241008;102616;1277.4;3;11272984342;S
20241008;102616;1277.2;40;11272984343;S
20241008;102616;1277.2;2;11272984344;B
20241008;102616;1277.2;23;11272984345;B
20241008;102625;1277.8;1;11272985613;B
20241008;102625;1277.8;1;11272985653;B
20241008;102625;1277.8;6;11272985851;B
20241008;102625;1277.8;1;11272985852;B
20241008;102625;1277.8;2;11272986036;B
20241008;102625;1277.8;10;11272986106;B
20241008;102625;1278.6;40;11272986267;S
20241008;102628;1276.8;16;11272986705;S
20241008;102628;1276.6;78;11272986706;S
20241008;102628;1276.4;34;11272986707;S
20241008;102628;1276.4;5;11272986708;S
20241008;102634;1276.4;1;11272987536;S
20241008;102634;1276.4;78;11272987537;S
20241008;102634;1276.2;32;11272987538;S
20241008;102634;1276.2;46;11272987539;S
20241008;102635;1277.2;2;11272987702;B
20241008;102642;1276.2;2;11272988582;S
20241008;102642;1276;7;11272988583;S
20241008;102642;1276;23;11272988584;S
20241008;102648;1276;15;11272989262;B
20241008;102711;1276.2;48;11272991640;S
20241008;102720;1277.2;43;11272993095;S
20241008;102720;1276.4;40;11272993096;S
20241008;102720;1276.2;13;11272993097;S
20241008;102720;1276.2;117;11272993098;S
20241008;102720;1276;187;11272993099;S
20241008;102728;1276.2;35;11272994277;S
20241008;102728;1276.2;31;11272994278;S
20241008;102731;1276;5;11272994723;S
20241008;102734;1276;15;11272995155;S
20241008;102736;1276;41;11272995505;S
20241008;102740;1276.2;2;11272996195;B
20241008;102740;1276.2;32;11272996258;B
20241008;102742;1277.6;1;11272996469;B
20241008;102743;1277.6;1;11272996707;B
20241008;102746;1277.4;5;11272997097;S
20241008;102802;1277.4;13;11272999653;B
20241008;102802;1277.4;4;11272999654;B
20241008;102806;1277.4;1;11273000262;B
20241008;102814;1277.8;1;11273001139;B
20241008;102814;1277.8;1;11273001194;B
20241008;102816;1277.8;1;11273001532;B
20241008;102817;1277.8;1;11273001691;B
20241008;102831;1277.4;1;11273003747;B
20241008;102840;1277.2;2;11273004880;S
20241008;102840;1277.4;1;11273004902;B
20241008;102856;1277.4;1;11273007336;B
20241008;102923;1277.8;10;11273011331;B
20241008;102937;1277.6;39;11273013048;S
20241008;102953;1277.6;2;11273015596;B
20241008;103012;1277.6;2;11273018458;B
20241008;103012;1277.6;9;11273018498;B
20241008;103012;1277.6;4;11273018499;B
20241008;103013;1277.6;1;11273018813;B
20241008;103013;1277.8;4;11273018814;B
20241008;103020;1277.8;6;11273019913;B
20241008;103021;1277.8;1;11273020017;B
20241008;103021;1277.8;1;11273020192;B
20241008;103034;1277.8;1;11273021868;B
20241008;103036;1277.8;190;11273022126;B
20241008;103042;1277.8;1;11273022982;B
20241008;103105;1277.8;1;11273025852;B
20241008;103110;1277.8;30;11273026557;B
20241008;103124;1277.6;17;11273028203;S
20241008;103145;1277.6;4;11273031000;S
20241008;103305;1277.8;2;11273040936;B
20241008;103306;1277.8;1;11273041015;B
20241008;103311;1277.8;8;11273041765;B
20241008;103314;1277.8;2;11273042148;B
20241008;103328;1277.8;2;11273043901;B
20241008;103331;1277.8;1;11273044249;B
20241008;103351;1277.6;2;11273046400;S
20241008;103351;1277.6;3;11273046401;S
20241008;103351;1277.6;3;11273046402;S
20241008;103351;1277.6;24;11273046403;S
20241008;103358;1277.6;26;11273046989;S
20241008;103400;1277.4;5;11273047253;S
20241008;103534;1277.8;2;11273059045;B
20241008;103645;1277.8;50;11273070100;B
20241008;103645;1277.8;85;11273070107;B
20241008;103710;1277.8;30;11273073451;B
20241008;103716;1277.8;1;11273074452;B
20241008;103726;1277.8;10;11273075801;B
20241008;103737;1277.6;1;11273077193;S
20241008;103737;1277.6;3;11273077194;S
20241008;103756;1277.6;17;11273079596;B
20241008;103804;1277.8;200;11273080490;B
20241008;103804;1277.8;317;11273080491;B
20241008;103804;1277.8;1;11273080492;B
20241008;103804;1277.8;1;11273080493;B
20241008;103804;1277.8;9;11273080494;B
20241008;103804;1278;12;11273080495;B
20241008;103830;1279.6;3;11273084418;B
20241008;103830;1279.8;22;11273084419;B
20241008;103832;1279.8;50;11273084613;B
20241008;103832;1279.8;24;11273084627;B
20241008;103833;1282;73;11273084783;B
20241008;103845;1282.8;1;11273086473;S
20241008;103906;1283;2;11273088912;B
20241008;103916;1283.2;55;11273090336;S
20241008;103920;1283;7;11273090634;S
20241008;104040;1284.4;13;11273099600;B
20241008;104040;1284.6;9;11273099601;B
20241008;104040;1284.2;1;11273099638;B
20241008;104043;1284.6;2;11273099901;S
20241008;104052;1284.8;15;11273100801;S
20241008;104053;1284.8;1;11273100843;S
20241008;104053;1284.8;1;11273100844;S
20241008;104103;1284.8;68;11273101504;S
20241008;104103;1284.4;7;11273101505;S
20241008;104103;1284.4;1;11273101506;S
20241008;104103;1284.2;40;11273101507;S
20241008;104106;1283.8;5;11273101787;S
20241008;104108;1283.8;4;11273101976;B
20241008;104109;1283.8;6;11273102083;B
20241008;104129;1284;8;11273103948;S
20241008;104246;1283.6;1;11273111876;B
20241008;104246;1283.8;3;11273111877;B
20241008;104331;1283;1;11273116701;S
20241008;104341;1282.8;19;11273118062;S
20241008;104431;1281.4;8;11273123526;S
20241008;104433;1282;1;11273123996;B
20241008;104433;1282.2;5;11273123997;B
20241008;104442;1281.2;20;11273125337;S
20241008;104442;1281;3;11273125338;S
20241008;104443;1280.2;23;11273125367;S
20241008;104451;1279.8;1;11273126658;S
20241008;104451;1279.4;49;11273126659;S
20241008;104451;1279.2;3;11273126660;S
20241008;104451;1279.2;60;11273126661;S
20241008;104453;1278.2;8;11273126885;S
20241008;104453;1278.2;6;11273126886;S
20241008;104453;1278;1;11273126887;S
20241008;104453;1278;10;11273126888;S
20241008;104453;1278;64;11273126889;S
20241008;104453;1277.8;1;11273126890;S
20241008;104453;1277.8;40;11273126891;S
20241008;104453;1277.6;10;11273126892;S
20241008;104453;1277.4;13;11273126893;S
20241008;104453;1277.4;40;11273126894;S
20241008;104453;1277;1;11273126895;S
20241008;104453;1277;57;11273126896;S
20241008;104453;1276.8;249;11273126897;S
20241008;104503;1276.6;6;11273128370;S
20241008;104506;1276.6;44;11273128741;S
20241008;104506;1276.4;17;11273128742;S
20241008;104506;1276.4;6;11273128743;S
20241008;104506;1276.2;5;11273128744;S
20241008;104506;1276.2;1;11273128745;S
20241008;104506;1276.2;3;11273128746;S
20241008;104506;1276.2;29;11273128747;S
20241008;104506;1276;151;11273128748;S
20241008;104510;1277.6;2;11273129243;B
20241008;104524;1278;19;11273131478;B
20241008;104524;1278;1;11273131479;B
20241008;104543;1277.4;1;11273134044;B
20241008;104557;1278.2;2;11273136248;B
20241008;104557;1277;2;11273136253;S
20241008;104611;1277;1;11273138718;S
20241008;104611;1277;1;11273138719;S
20241008;104611;1276.6;1;11273138720;S
20241008;104618;1277.8;1;11273139949;B
20241008;104620;1278;10;11273140330;B
20241008;104625;1277.8;1;11273140959;B
20241008;104630;1278;16;11273141954;B
20241008;104630;1278;15;11273141955;B
20241008;104630;1278;25;11273142101;B
20241008;104630;1278.8;6;11273142112;S
20241008;104630;1279.4;20;11273142281;B
20241008;104630;1279.4;11;11273142282;B
20241008;104630;1279.2;31;11273142379;B
20241008;104719;1279.2;5;11273147000;B
20241008;104725;1279.2;1;11273147669;B
20241008;104739;1279.2;1;11273149158;B
20241008;104739;1280;4;11273149159;B
20241008;104739;1280.2;2;11273149160;B
20241008;104748;1279.2;5;11273150126;S
20241008;104749;1279.8;1;11273150159;B
20241008;104753;1280.2;1;11273150584;B
20241008;104753;1280.2;1;11273150635;B
20241008;104756;1280.2;1;11273150966;B
20241008;104803;1280.2;1;11273151315;B
20241008;104806;1280.6;13;11273151515;B
20241008;104806;1280.8;5;11273151516;B
20241008;104808;1280.6;5;11273151598;S
20241008;104811;1280.8;13;11273151953;B
20241008;104811;1281;2;11273151954;B
20241008;104814;1281;12;11273152392;B
20241008;104814;1281;1;11273152393;B
20241008;104817;1280.8;3;11273152654;S
20241008;104817;1280.8;1;11273152655;S
20241008;104817;1280.8;4;11273152671;S
20241008;104817;1280.8;4;11273152683;S
20241008;104817;1280.8;4;11273152692;S
20241008;104817;1280.8;4;11273152702;B
20241008;104817;1280.8;4;11273152712;B
20241008;104818;1280.8;4;11273152723;B
20241008;104818;1280.8;4;11273152730;B
20241008;104818;1280.8;4;11273152739;B
20241008;104818;1280.8;4;11273152745;B
20241008;104818;1280.8;2;11273152751;B
20241008;104906;1280;2;11273158072;B
20241008;104909;1279;1;11273158381;S
20241008;104909;1278.6;2;11273158382;S
20241008;104909;1278.4;5;11273158383;S
20241008;104909;1278.4;2;11273158384;S
20241008;104909;1278;4;11273158385;S
20241008;104909;1278;1;11273158411;S
20241008;104911;1278.4;2;11273158682;B
20241008;104916;1277.2;1;11273159203;S
20241008;104916;1277;1;11273159206;S
20241008;104919;1277;5;11273159635;S
20241008;104919;1276.8;1;11273159636;S
20241008;104919;1276.8;1;11273159637;S
20241008;104919;1276.6;12;11273159638;S
20241008;104921;1276.6;1;11273159899;S
20241008;104923;1276.4;46;11273160114;S
20241008;104923;1276.4;1;11273160119;S
20241008;104928;1276.4;20;11273160494;S
20241008;104929;1276.4;5;11273160641;S
20241008;104930;1276.4;5;11273160715;S
20241008;104934;1276.4;13;11273161346;S
20241008;104935;1276.4;5;11273161461;S
20241008;104938;1276.4;1;11273161960;S
20241008;104939;1276.4;4;11273162067;S
20241008;104949;1276.2;5;11273163392;S
20241008;104949;1276.2;1;11273163393;S
20241008;104949;1276.2;5;11273163394;S
20241008;104957;1276.2;23;11273164168;S
20241008;104957;1276;39;11273164169;S
20241008;104957;1276.4;1;11273164228;S
20241008;104957;1276;2;11273164229;S
20241008;105003;1276;70;11273165930;S
20241008;105006;1276;11;11273166277;S
20241008;105009;1276;395;11273166859;S
20241008;105009;1276;69;11273166860;S
20241008;105009;1276;136;11273166861;S
20241008;105009;1276;8;11273166862;S
20241008;105009;1276;10;11273166863;S
20241008;105009;1276;42;11273166864;S
20241008;105009;1276;66;11273166865;S
20241008;105009;1276;25;11273166921;S
20241008;105045;1276;1;11273171900;S
20241008;105104;1276.2;55;11273173840;S
20241008;105110;1276.6;3;11273174594;B
20241008;105110;1276.6;5;11273174595;B
20241008;105110;1276.6;2;11273174596;B
20241008;105110;1276.6;5;11273174604;B
20241008;105110;1276.6;3;11273174606;B
20241008;105110;1276.6;2;11273174607;B
20241008;105110;1276.6;5;11273174609;B
20241008;105110;1276.6;3;11273174610;B
20241008;105110;1276.6;2;11273174611;B
20241008;105110;1276.6;5;11273174616;B
20241008;105110;1276.6;75;11273174617;B
20241008;105110;1276.6;21;11273174618;B
20241008;105110;1276.6;3;11273174619;B
20241008;105110;1276.6;2;11273174621;B
20241008;105110;1276.6;5;11273174666;B
20241008;105110;1276.6;3;11273174667;B
20241008;105111;1276.6;2;11273174669;B
20241008;105111;1276.6;5;11273174677;B
20241008;105111;1276.6;3;11273174680;B
20241008;105111;1276.6;2;11273174684;B
20241008;105111;1276.6;5;11273174687;B
20241008;105111;1276.6;3;11273174688;B
20241008;105111;1276.6;2;11273174691;B
20241008;105111;1276.6;5;11273174693;B
20241008;105111;1276.6;3;11273174694;B
20241008;105111;1276.6;2;11273174696;B
20241008;105111;1276.6;5;11273174701;B
20241008;105111;1276.6;3;11273174705;B
20241008;105111;1276.6;1;11273174707;B
20241008;105111;1276.8;1;11273174806;S
20241008;105111;1276.8;5;11273174807;S
20241008;105111;1276.6;13;11273174808;S
20241008;105111;1276;21;11273174809;S
20241008;105119;1276.8;2;11273176474;S
20241008;105126;1276.8;2;11273177553;S
20241008;105126;1276.8;2;11273177554;S
20241008;105126;1276.8;2;11273177587;S
20241008;105126;1276.2;2;11273177588;S
20241008;105130;1276.8;1;11273178102;S
20241008;105130;1276.2;3;11273178103;S
20241008;105135;1276;6;11273178708;S
20241008;105136;1276;1;11273178889;S
20241008;105138;1276;24;11273179186;S
20241008;105139;1276;4;11273179234;S
20241008;105146;1276;17;11273180165;S
20241008;105146;1276;129;11273180212;S
20241008;105150;1276;8;11273180635;S
20241008;105153;1276;80;11273180990;S
20241008;105153;1276;54;11273181078;S
20241008;105311;1276.6;18;11273191922;B
20241008;105312;1276.6;24;11273192100;B
20241008;105315;1276.6;1;11273192637;B
20241008;105316;1276.6;1;11273192674;B
20241008;105316;1276.6;1;11273192703;B
20241008;105316;1276.6;16;11273192800;B
20241008;105318;1276.6;8;11273193252;B
20241008;105449;1277.2;5;11273204019;B
20241008;105449;1277.2;5;11273204020;B
20241008;105449;1277.2;1;11273204021;B
20241008;105450;1277.4;12;11273204286;B
20241008;105450;1278;5;11273204340;B
20241008;105455;1278;24;11273205033;B
20241008;105456;1278.6;2;11273205223;B
20241008;105458;1278.2;6;11273205462;S
20241008;105458;1278.2;5;11273205573;B
20241008;105459;1277.2;1;11273205733;S
20241008;105459;1277;1;11273205734;S
20241008;105459;1276.2;13;11273205735;S
20241008;105459;1276.2;9;11273205736;S
20241008;105459;1276;51;11273205737;S
20241008;105504;1277.2;4;11273206360;B
20241008;105504;1277.2;1;11273206447;B
20241008;105507;1277.2;31;11273206818;B
20241008;105507;1277.2;13;11273206892;B
20241008;105508;1277.2;26;11273207099;B
20241008;105508;1278.6;13;11273207100;B
20241008;105508;1279.4;19;11273207101;B
20241008;105528;1278.8;5;11273210079;B
20241008;105528;1279;3;11273210080;B
20241008;105529;1279.2;29;11273210130;S
20241008;105636;1278.4;1;11273217559;B
20241008;105638;1278.4;2;11273217692;S
20241008;105642;1278.8;2;11273218137;B
20241008;105646;1278.6;11;11273218550;S
20241008;105646;1277.6;4;11273218572;S
20241008;105834;1277.6;1;11273229791;B
20241008;105834;1277.6;4;11273229857;B
20241008;105834;1277.8;12;11273229858;B
20241008;105835;1278.2;4;11273230366;B
20241008;105844;1278;1;11273231634;S
20241008;105850;1278.8;2;11273232352;B
20241008;105858;1278.8;1;11273233283;B
20241008;105902;1278.6;10;11273233830;S
20241008;110026;1276.6;1;11273244845;S
20241008;110037;1277.6;1;11273246576;B
20241008;110130;1277.2;1;11273255067;B
20241008;110137;1277.6;1;11273256356;B
20241008;110144;1277.6;1;11273257660;B
20241008;110145;1277.4;5;11273257840;S
20241008;110158;1277.6;1;11273260329;B
20241008;110237;1277.2;2;11273267375;B
20241008;110301;1277.2;2;11273272744;B
20241008;110449;1276.8;1;11273296298;S
20241008;110449;1276.8;1;11273296299;S
20241008;110450;1277;1;11273296540;B
20241008;110457;1277;1;11273297658;B
20241008;110501;1277;1;11273298375;B
20241008;110509;1277.6;2;11273300197;B
20241008;110517;1277.2;34;11273301492;S
20241008;110631;1277;2;11273315542;S
20241008;110648;1276.2;5;11273318667;S
20241008;110648;1276.2;4;11273318668;S
20241008;110728;1276.8;17;11273326304;B
20241008;110735;1276.4;6;11273327649;S
20241008;110743;1276.2;1;11273329315;S
20241008;110743;1276.2;3;11273329316;S
20241008;110813;1276.4;5;11273334530;S
20241008;110825;1276.4;5;11273336418;S
20241008;110825;1276.4;8;11273336419;S
20241008;110825;1276.2;2;11273336420;S
20241008;110836;1276.8;1;11273338273;B
20241008;110916;1276.4;9;11273345216;S
20241008;110916;1276.4;1;11273345217;S
20241008;111011;1276.8;5;11273355342;B
20241008;111011;1276.8;3;11273355504;B
20241008;111023;1276.8;20;11273357952;B
20241008;111024;1276.4;2;11273358168;S
20241008;111024;1276.4;2;11273358169;S
20241008;111024;1276.4;4;11273358170;S
20241008;111024;1276.2;1;11273358171;S
20241008;111027;1276.8;4;11273358745;B
20241008;111027;1277;4;11273358746;B
20241008;111104;1277;8;11273365047;B
20241008;111357;1276;1;11273390512;S
20241008;111357;1276;2;11273390513;S
20241008;111357;1276;2;11273390514;S
20241008;111357;1276;12;11273390515;S
20241008;111357;1276;2;11273390516;S
20241008;111357;1276;14;11273390517;S
20241008;111357;1276;6;11273390519;S
20241008;111358;1275.4;4;11273390540;S
20241008;111358;1275.4;16;11273390541;S
20241008;111358;1275.4;4;11273390546;S
20241008;111501;1275.4;380;11273398539;S
20241008;111520;1276.4;2;11273401332;B
20241008;111536;1275.6;19;11273403480;S
20241008;111536;1275.4;2;11273403481;S
20241008;111641;1276;1;11273410684;B
20241008;111641;1276.2;1;11273410685;B
20241008;111731;1275.4;5;11273417156;S
20241008;111825;1275.4;1;11273423577;S
20241008;111909;1275.4;9;11273428896;S
20241008;111916;1276;2;11273429943;B
20241008;111930;1276;5;11273431596;B
20241008;112022;1276;4;11273436702;B
20241008;112023;1275.4;1;11273436717;S
20241008;112057;1276;1;11273439365;B
20241008;112155;1275.4;10;11273445618;S
20241008;112205;1275.4;2;11273446832;S
20241008;112214;1275.4;2;11273447731;S
20241008;112226;1275.4;54;11273448693;S
20241008;112226;1275.4;317;11273448694;S
20241008;112226;1275.4;17;11273448695;S
20241008;112226;1275.4;33;11273448696;S
20241008;112226;1275.4;2;11273448697;S
20241008;112226;1275.4;1;11273448698;S
20241008;112226;1275.4;1;11273448699;S
20241008;112226;1275.4;6;11273448700;S
20241008;112226;1275.2;1;11273448701;S
20241008;112226;1275.2;2;11273448702;S
20241008;112249;1275.8;4;11273450770;B
20241008;112607;1275.8;1;11273466190;B
20241008;112745;1275.2;1;11273498729;S
20241008;112821;1275.8;2;11273534414;B
20241008;112852;1275.8;38;11273561453;B
20241008;112924;1276.2;4;11273596477;B
20241008;112959;1275.8;2;11273634604;S
20241008;113004;1275.8;1;11273640496;S
20241008;113056;1275.8;2;11273699011;S
20241008;113103;1276.2;2;11273706097;B
20241008;113113;1275.8;46;11273715362;S
20241008;113127;1275.8;10;11273728149;S
20241008;113138;1275.8;3;11273738738;S
20241008;113309;1276.4;3;11273837001;B
20241008;113404;1276.2;1;11273896924;B
20241008;113411;1276.2;1;11273903458;S
20241008;113414;1276.2;1;11273906449;S
20241008;113426;1276.2;1;11273916691;S
20241008;113442;1276.2;16;11273930552;S
20241008;113454;1276;1;11273944181;S
20241008;113502;1276.4;2;11273952814;B
20241008;113505;1275.8;9;11273956015;S
20241008;113505;1275.8;461;11273956016;S
20241008;113505;1275.8;13;11273956017;S
20241008;113527;1275.2;10;11273980267;S
20241008;113527;1275.2;2;11273980268;S
20241008;113552;1275;2;11274007457;S
20241008;113552;1275;1;11274007458;S
20241008;113609;1275;20;11274025835;S
20241008;113609;1275;9;11274025836;S
20241008;113609;1275;2;11274025837;S
20241008;113609;1275;9;11274025838;S
20241008;113618;1275;6;11274036723;S
20241008;113705;1275;1;11274085626;S
20241008;113732;1275.2;48;11274110322;S
20241008;113732;1275.2;18;11274110323;S
20241008;113737;1275.4;1;11274114779;B
20241008;113740;1275.4;1;11274118063;B
20241008;113744;1275.2;1;11274122809;S
20241008;113826;1275.4;4;11274167825;S
20241008;114018;1276.4;1;11274284782;B
20241008;114207;1276.4;2;11274401522;B
20241008;114302;1276;49;11274457808;S
20241008;114335;1276.4;2;11274472372;B
20241008;114420;1276.4;4;11274475232;B
20241008;114500;1276.4;40;11274477840;B
20241008;114540;1276.4;1;11274480975;B
20241008;114856;1276.4;1;11274495089;S
20241008;114931;1276.4;1;11274498018;S
20241008;114947;1277;1;11274499745;B
20241008;114953;1277;1;11274500285;B
20241008;114954;1277;5;11274500413;B
20241008;115134;1277;1;11274508620;B
20241008;115134;1277;19;11274508621;B
20241008;115208;1276.4;1;11274511393;S
20241008;115208;1276.4;2;11274511394;S
20241008;115208;1276.4;2;11274511395;S
20241008;115455;1277;2;11274525232;B
20241008;115455;1277;23;11274525267;B
20241008;115455;1277.2;27;11274525268;B
20241008;115515;1277;20;11274527328;B
20241008;115515;1277.2;20;11274527329;B
20241008;115539;1277.2;2;11274529551;B
20241008;115747;1277;1;11274540700;B
20241008;115747;1277;2;11274540701;B
20241008;115749;1277.2;1;11274540797;B
20241008;115757;1277.2;10;11274541435;B
20241008;115757;1277.4;39;11274541436;B
20241008;115801;1278;2;11274541709;B
20241008;115803;1277.8;2;11274541891;B
20241008;115825;1277.8;78;11274543506;B
20241008;115911;1278;14;11274547252;B
20241008;115917;1277.8;2;11274547701;S
20241008;115919;1278;82;11274547825;B
20241008;115938;1278;62;11274549040;B
20241008;115938;1278;40;11274549041;B
20241008;120014;1278.2;2;11274551701;B
20241008;120028;1278.2;1;11274553027;B
20241008;120200;1278.2;2;11274560231;S
20241008;120200;1278;1;11274560232;S
20241008;120318;1278.2;28;11274565228;S
20241008;120343;1278.2;1;11274566950;S
20241008;120418;1278.2;15;11274569659;S
20241008;120431;1278.2;2;11274570448;S
20241008;120701;1278.2;16;11274581637;S
20241008;120701;1278.2;1;11274581638;S
20241008;120701;1278.2;5;11274581639;S
20241008;120701;1278.2;4;11274581640;S
20241008;120701;1278;127;11274581641;S
20241008;120910;1278.8;1;11274591725;S
20241008;120915;1278.8;1;11274592126;S
20241008;120927;1279;40;11274593396;B
20241008;120933;1279;15;11274593909;B
20241008;121025;1279;4;11274599141;B
20241008;121154;1279;2;11274606689;B
20241008;121210;1278.4;1;11274608192;S
20241008;121210;1278.4;3;11274608193;S
20241008;121212;1278.4;1;11274608307;S
20241008;121212;1278.4;2;11274608372;S
20241008;121213;1278.4;4;11274608427;S
20241008;121214;1278.4;1;11274608482;S
20241008;121216;1278.4;2;11274608812;S
20241008;121218;1278.4;2;11274608889;S
20241008;121219;1278.4;3;11274609016;S
20241008;121219;1278.4;1;11274609027;S
20241008;121220;1278.4;2;11274609089;S
20241008;121221;1278.4;4;11274609189;S
20241008;121222;1278.4;2;11274609277;S
20241008;121316;1278.4;35;11274613631;S
20241008;121325;1278.4;40;11274614544;S
20241008;121336;1278.4;22;11274615359;S
20241008;121336;1278.4;18;11274615412;B
20241008;121336;1278.4;13;11274615413;B
20241008;121336;1278.4;31;11274615414;B
20241008;121343;1278.8;78;11274616078;B
20241008;121343;1279;79;11274616079;B
20241008;121343;1279;10;11274616080;B
20241008;121343;1279;40;11274616081;B
20241008;121343;1279;13;11274616082;B
20241008;121343;1279.2;4;11274616083;B
20241008;121343;1279.4;40;11274616084;B
20241008;121343;1279.4;10;11274616085;B
20241008;121343;1279.4;240;11274616086;B
20241008;121343;1279.4;78;11274616087;B
20241008;121343;1279.6;371;11274616088;B
20241008;121348;1279.6;39;11274616800;S
20241008;121352;1279.6;1;11274617386;S
20241008;121354;1279.6;1;11274617721;S
20241008;121403;1279.8;2;11274619853;B
20241008;121413;1279.6;1;11274620716;S
20241008;121435;1279.6;40;11274622471;S
20241008;121436;1279.6;15;11274622660;S
20241008;121445;1279.6;9;11274623936;S
20241008;121446;1279.8;1;11274624142;B
20241008;121446;1279.8;1;11274624143;B
20241008;121458;1279.8;1;11274625131;B
20241008;121522;1279.8;1;11274626833;B
20241008;121548;1279.8;1;11274628763;B
20241008;121550;1279.8;2;11274628979;B
20241008;121604;1279.8;26;11274629819;B
20241008;121604;1279.8;15;11274629820;B
20241008;121604;1279.8;21;11274629821;B
20241008;121604;1279.8;27;11274629823;B
20241008;121630;1280;5;11274631494;B
20241008;121630;1280;2;11274631505;B
20241008;121640;1279.8;35;11274632235;S
20241008;121640;1279.8;40;11274632236;S
20241008;121640;1279.6;25;11274632237;S
20241008;121719;1279.8;50;11274635141;S
20241008;121742;1279.8;2;11274636831;S
20241008;121747;1279.8;2;11274637123;S
20241008;121815;1279.8;8;11274639229;S
20241008;121815;1279.8;42;11274639231;B
20241008;121815;1279.8;20;11274639232;B
20241008;121815;1279.8;18;11274639236;B
20241008;121837;1279.8;1;11274640792;B
20241008;121837;1280;1;11274640793;B
20241008;121850;1279.6;3;11274641591;S
20241008;121854;1280;2;11274641871;B
20241008;122002;1280;1;11274646628;B
20241008;122049;1280;1;11274664742;B
20241008;122100;1280;2;11274670637;B
20241008;122104;1280;15;11274673348;B
20241008;122104;1280;2;11274673493;B
20241008;122138;1279.6;1;11274688939;S
20241008;122142;1280;2;11274689197;B
20241008;122315;1279.8;100;11274698029;S
20241008;122315;1279.8;13;11274698030;S
20241008;122339;1279.6;40;11274700191;S
20241008;122344;1279.8;35;11274700574;B
20241008;122344;1279.8;24;11274700575;B
20241008;122344;1280;1967;11274700576;B
20241008;122344;1280;2;11274700577;B
20241008;122344;1280;1;11274700578;B
20241008;122344;1280;1;11274700579;B
20241008;122344;1280;4;11274700580;B
20241008;122344;1280;10;11274700581;B
20241008;122344;1280;30;11274700582;B
20241008;122344;1280;13;11274700583;B
20241008;122344;1280;3;11274700584;B
20241008;122344;1280;4;11274700585;B
20241008;122344;1280;13;11274700586;B
20241008;122344;1280.2;6;11274700587;B
20241008;122344;1280.2;40;11274700588;B
20241008;122344;1280.8;1;11274700589;B
20241008;122344;1280.8;108;11274700590;B
20241008;122344;1280.8;33;11274700591;B
20241008;122344;1280.8;18;11274700592;B
20241008;122423;1280.2;4;11274703854;S
20241008;122427;1280.8;50;11274704192;B
20241008;122430;1280.8;50;11274704488;B
20241008;122510;1280.8;2;11274707696;B
20241008;122512;1280.8;20;11274707866;B
20241008;122544;1280.8;18;11274710805;B
20241008;122553;1280.8;10;11274711507;S
20241008;122710;1280.8;1;11274718869;S
20241008;122710;1280.6;1;11274718870;S
20241008;122710;1280.6;16;11274718871;S
20241008;122713;1280.4;2;11274719102;S
20241008;122741;1281.2;3;11274721437;B
20241008;122741;1282;7;11274721570;B
20241008;122741;1282;1;11274721571;B
20241008;122743;1282;2;11274721765;B
20241008;122743;1282.6;14;11274721782;B
20241008;122743;1282.6;10;11274721783;B
20241008;122743;1282.8;2;11274721784;B
20241008;122743;1282.8;12;11274721785;B
20241008;122752;1282.6;17;11274722420;B
20241008;122753;1282.8;2;11274722552;B
20241008;122821;1283;40;11274725327;B
20241008;122821;1283;5;11274725518;B
20241008;122821;1283;5;11274725628;B
20241008;122822;1283.4;12;11274725771;B
20241008;122822;1283.4;3;11274725772;B
20241008;122822;1283.6;25;11274725773;B
20241008;122822;1283.4;20;11274725879;B
20241008;122822;1284;40;11274726097;B
20241008;122822;1284;10;11274726219;B
20241008;122822;1284;2;11274726220;B
20241008;122822;1284;9;11274726221;B
20241008;122822;1284;21;11274726333;B
20241008;122823;1284.2;24;11274726601;B
20241008;122823;1284.2;4;11274726602;B
20241008;122823;1284.4;12;11274726603;B
20241008;122824;1284.6;4;11274727299;B
20241008;122826;1284.4;3;11274728023;B
20241008;122827;1284.2;5;11274728208;S
20241008;122837;1284.4;17;11274729378;S
20241008;122837;1284.4;25;11274729379;S
20241008;123015;1283.8;1;11274740228;B
20241008;123018;1283.6;20;11274740464;S
20241008;123023;1283.8;2;11274740936;B
20241008;123038;1283.8;15;11274742866;B
20241008;123038;1284;25;11274742867;B
20241008;123040;1283.8;2;11274743193;S
20241008;123053;1283.8;1;11274744861;S
20241008;123103;1283.8;1;11274746651;S
20241008;123103;1283.8;2;11274746652;S
20241008;123114;1283.8;3;11274748127;B
20241008;123125;1283;9;11274749427;S
20241008;123125;1282.8;5;11274749428;S
20241008;123333;1282.8;1;11274765368;B
20241008;123412;1282.8;2;11274769567;B
20241008;123431;1282.6;1;11274771428;B
20241008;123431;1282.8;2;11274771429;B
20241008;123455;1282.8;3;11274773920;B
20241008;123505;1282.8;1;11274775141;B
20241008;123511;1282.6;4;11274775642;S
20241008;123514;1282.8;1;11274776141;B
20241008;123514;1283.4;13;11274776193;B
20241008;123515;1283.4;1;11274776931;B
20241008;123523;1283.4;3;11274778233;B
20241008;123525;1283.4;4;11274778454;B
20241008;123532;1283.4;4;11274779515;B
20241008;123534;1283.8;25;11274780024;B
20241008;123557;1284;2;11274782780;B
20241008;123603;1284;14;11274783504;B
20241008;123604;1284;22;11274783646;B
20241008;123607;1284;24;11274784063;B
20241008;123630;1284;22;11274786533;B
20241008;123642;1284;2;11274787803;B
20241008;123642;1284;72;11274787804;B
20241008;123644;1284.4;1;11274788004;B
20241008;123644;1284.6;2;11274788005;B
20241008;123703;1284.6;13;11274789720;B
20241008;123703;1284.6;27;11274789817;B
20241008;123703;1284.6;21;11274789988;B
20241008;123703;1284.6;28;11274790133;B
20241008;123703;1284.6;5;11274790134;B
20241008;123703;1284.6;1;11274790135;B
20241008;123703;1284.6;1;11274790136;B
20241008;123703;1284.6;2;11274790137;B
20241008;123703;1284.8;2;11274790139;B
20241008;123704;1285;2;11274790196;B
20241008;123707;1285.2;5;11274790542;S
20241008;123725;1285.4;1;11274792518;S
20241008;123730;1285.4;19;11274793090;S
20241008;123802;1284.4;20;11274796123;S
20241008;123802;1285;10;11274796184;B
20241008;123806;1285.6;25;11274796529;B
20241008;123840;1285.4;25;11274800163;S
20241008;123905;1285.6;2;11274802948;B
20241008;123918;1285.4;1;11274804137;S
20241008;124014;1285.6;2;11274810800;B
20241008;124017;1285.6;2;11274811233;B
20241008;124027;1285.6;1;11274812208;B
20241008;124044;1285.6;13;11274814330;B
20241008;124044;1285.6;2;11274814430;B
20241008;124044;1285.6;18;11274814692;B
20241008;124046;1285.6;5;11274814965;B
20241008;124046;1285.6;24;11274814966;B
20241008;124046;1285.6;1;11274815013;B
20241008;124046;1285.6;20;11274815014;B
20241008;124046;1285.8;2;11274815015;B
20241008;124047;1285.2;4;11274815042;B
20241008;124047;1285.2;20;11274815043;B
20241008;124047;1285.4;4;11274815044;B
20241008;124047;1285.8;11;11274815045;B
20241008;124047;1286;3;11274815055;B
20241008;124049;1285.4;20;11274815355;S
20241008;124104;1286;2;11274817362;B
20241008;124106;1286.8;3;11274817824;B
20241008;124115;1286.6;9;11274819333;S
20241008;124120;1286.8;13;11274820331;B
20241008;124141;1286.6;10;11274823437;S
20241008;124142;1286.8;9;11274823598;B
20241008;124146;1286.8;15;11274824208;B
20241008;124150;1287;3;11274824688;B
20241008;124152;1287;7;11274825015;B
20241008;124152;1287;1;11274825016;B
20241008;124152;1287.2;5;11274825017;B
20241008;124152;1287.2;3;11274825018;B
20241008;124157;1287.6;15;11274825798;S
20241008;124157;1287.6;2;11274825799;S
20241008;124157;1287.6;25;11274825800;S
20241008;124157;1287.2;3;11274825801;S
20241008;124157;1287;33;11274825802;S
20241008;124157;1287;7;11274825803;S
20241008;124158;1286.6;6;11274825889;B
20241008;124200;1287.6;4;11274826323;B
20241008;124200;1287.6;4;11274826418;B
20241008;124202;1287.6;31;11274826789;B
20241008;124211;1287.6;10;11274829135;S
20241008;124216;1287.6;14;11274829955;S
20241008;124236;1287.2;3;11274832663;B
20241008;124248;1286.8;3;11274834424;S
20241008;124250;1286;12;11274834648;S
20241008;124250;1285.6;3;11274834649;S
20241008;124251;1285.6;20;11274834670;B
20241008;124302;1285.2;15;11274836088;S
20241008;124302;1285;9;11274836089;S
20241008;124302;1284.8;2;11274836090;S
20241008;124314;1285.4;9;11274838332;B
20241008;124323;1285.8;4;11274839647;S
20241008;124323;1285.8;13;11274839648;S
20241008;124323;1284.8;14;11274839656;B
20241008;124324;1284.6;15;11274839715;B
20241008;124334;1285.2;2;11274840753;B
20241008;124543;1284;1;11274855009;S
20241008;124544;1284;2;11274855025;S
20241008;124544;1283.8;5;11274855026;S
20241008;124544;1283.8;22;11274855027;S
20241008;124546;1282.8;15;11274855243;B
20241008;124628;1284.4;1;11274859251;B
20241008;124633;1284.4;8;11274859815;S
20241008;124709;1284.2;2;11274863274;B
20241008;124739;1284;1;11274867611;B
20241008;124901;1282.6;12;11274875717;B
20241008;124950;1282.2;1;11274879825;S
20241008;124952;1281.4;9;11274880016;B
20241008;124954;1281.4;1;11274880141;S
20241008;125116;1282.4;2;11274887966;B
20241008;125117;1282.6;2;11274888053;B
20241008;125201;1282.6;1;11274891535;B
20241008;125201;1282.6;5;11274891536;S
20241008;125326;1283.4;1;11274899979;B
20241008;125345;1284;6;11274904578;B
20241008;125359;1284;10;11274909118;B
20241008;125447;1283.8;1;11274913929;B
20241008;125452;1283.6;1;11274914297;S
20241008;125530;1282.4;5;11274917599;S
20241008;125530;1282.4;6;11274917600;S
20241008;125530;1282.4;35;11274917601;S
20241008;125530;1282.2;95;11274917602;S
20241008;125530;1282.2;5;11274917603;S
20241008;125530;1282;13;11274917604;S
20241008;125530;1281.8;40;11274917605;S
20241008;125530;1281.6;1;11274917606;S
20241008;125550;1282.2;4;11274919370;B
20241008;125551;1283;9;11274919713;B
20241008;125559;1283;1;11274920423;B
20241008;125601;1283.2;1;11274920697;B
20241008;125603;1283;9;11274920926;S
20241008;125606;1282.8;2;11274921267;B
20241008;125634;1282.2;1;11274923726;S
20241008;125715;1282.4;1;11274927628;B
20241008;125827;1282.6;1;11274933244;B
20241008;125916;1282.6;1;11274937743;B
20241008;130001;1281.4;1;11274942422;S
20241008;130001;1281.4;1;11274942423;S
20241008;130001;1281.4;6;11274942424;S
20241008;130004;1281.6;1;11274942689;S
20241008;130057;1281.2;20;11274949204;B
20241008;130142;1281.6;2;11274953712;B
20241008;130151;1281;1;11274954538;S
20241008;130152;1280.8;12;11274954621;B
20241008;130208;1281.4;4;11274956277;B
20241008;130213;1281.6;10;11274956725;B
20241008;130217;1281;2;11274957101;B
20241008;130223;1281;1;11274957611;B
20241008;130224;1280.4;18;11274957612;S
20241008;130224;1280.4;6;11274957613;S
20241008;130224;1280.2;2;11274957614;S
20241008;130358;1280.2;2;11274965850;S
20241008;130358;1280.2;1;11274965851;S
20241008;130358;1280.2;2;11274965852;S
20241008;130358;1280;2;11274965853;S
20241008;130358;1280;2;11274965854;S
20241008;130358;1280;3;11274965855;S
20241008;130406;1280;1;11274966622;B
20241008;130426;1279.6;1;11274968512;S
20241008;130440;1279.8;1;11274969676;S
20241008;130440;1279.8;16;11274969677;S
20241008;130440;1279.6;56;11274969678;S
20241008;130619;1279.6;15;11274978431;S
20241008;130642;1279.6;1;11274980306;S
20241008;130710;1279.6;5;11274982323;S
20241008;130715;1279.8;10;11274982735;B
20241008;130721;1279.6;3;11274983167;S
20241008;130724;1279.8;4;11274983349;B
20241008;130734;1279.8;2;11274984207;B
20241008;130746;1279.8;1;11274984948;S
20241008;131011;1279.8;2;11274995588;S
20241008;131011;1279.8;2;11274995589;S
20241008;131011;1279.8;31;11274995590;S
20241008;131044;1279.8;20;11274998264;B
20241008;131050;1279.8;80;11274998879;S
20241008;131056;1279.6;68;11274999605;S
20241008;131112;1279.8;9;11275001521;B
20241008;131203;1279.6;1;11275007044;S
20241008;131414;1279.6;200;11275016933;S
20241008;131414;1279.6;12;11275016934;S
20241008;131422;1279.2;10;11275017491;B
20241008;131422;1279.2;20;11275017540;B
20241008;131510;1279.6;2;11275020752;B
20241008;131523;1279.4;7;11275033165;S
20241008;131524;1279.6;1;11275034240;B
20241008;131544;1279.6;2;11275056722;B
20241008;131615;1279.6;1;11275088624;S
20241008;131926;1279.4;4;11275155580;S
20241008;132309;1280;1;11275178271;S
20241008;132309;1279.6;4;11275178272;S
20241008;132619;1279.4;2;11275191622;S
20241008;132654;1280;1;11275194654;B
20241008;132928;1279.4;2;11275206369;S
20241008;132928;1279.4;20;11275206370;S
20241008;132928;1279.4;1;11275206371;S
20241008;132936;1280;2;11275207031;B
20241008;133155;1279.4;1;11275216385;S
20241008;133155;1279.4;1;11275216386;S
20241008;133320;1279.4;4;11275221557;S
20241008;133445;1279.4;5;11275226735;S
20241008;133754;1279.6;1;11275241662;S
20241008;133804;1279.8;2;11275242346;B
20241008;133811;1279.8;5;11275242772;B
20241008;133836;1280;1;11275246933;B
20241008;133837;1280;1;11275246981;B
20241008;133837;1280;1;11275247033;B
20241008;133837;1280;1;11275247053;B
20241008;133838;1280;1;11275247287;B
20241008;133838;1280;1;11275247299;B
20241008;133839;1280;1;11275247310;B
20241008;133839;1280;1;11275247313;B
20241008;133839;1280;1;11275247319;B
20241008;133839;1280;5;11275247320;B
20241008;133839;1280;2;11275247321;B
20241008;133839;1280;33;11275247322;B
20241008;133839;1281;1;11275247331;B
20241008;133839;1281.4;1;11275247419;B
20241008;133840;1281.2;1;11275247467;B
20241008;133840;1281.2;1;11275247473;B
20241008;133840;1281.2;1;11275247494;B
20241008;133840;1281.2;1;11275247498;B
20241008;133840;1281.2;1;11275247504;B
20241008;133841;1281.2;1;11275247624;B
20241008;133841;1281.2;1;11275247631;B
20241008;133842;1281.2;1;11275247689;B
20241008;133843;1281.2;1;11275247797;B
20241008;133843;1281.2;1;11275247825;B
20241008;133843;1281.2;1;11275247827;B
20241008;133843;1281.2;1;11275247828;B
20241008;133843;1281.2;1;11275247831;B
20241008;133843;1281.2;1;11275247840;B
20241008;133844;1281.4;1;11275247850;B
20241008;133844;1281.4;1;11275247861;B
20241008;133844;1281.4;1;11275247894;B
20241008;133845;1281.4;1;11275247907;B
20241008;133846;1281.6;1;11275248000;B
20241008;133846;1281.6;1;11275248001;B
20241008;133848;1281.6;1;11275248149;B
20241008;133849;1281.6;1;11275248246;B
20241008;133851;1281.6;1;11275248382;B
20241008;133851;1281.6;1;11275248387;B
20241008;133951;1281.4;1;11275253385;B
20241008;134006;1281.4;1;11275257120;B
20241008;134006;1281.4;1;11275257171;B
20241008;134007;1281.4;1;11275257299;B
20241008;134007;1281.4;1;11275257303;B
20241008;134007;1281.4;1;11275257355;B
20241008;134007;1281.4;1;11275257430;B
20241008;134011;1281.4;1;11275257716;B
20241008;134011;1281.4;1;11275257748;B
20241008;134012;1281.4;1;11275257826;B
20241008;134012;1281.4;1;11275257922;B
20241008;134013;1281.4;1;11275257953;B
20241008;134013;1281.4;1;11275257977;B
20241008;134015;1281.4;1;11275258246;B
20241008;134015;1281.4;1;11275258255;B
20241008;134016;1281.4;1;11275258286;B
20241008;134018;1281.4;1;11275258452;B
20241008;134019;1281.4;1;11275258508;B
20241008;134210;1281.4;4;11275274539;B
20241008;134215;1281.4;2;11275275088;B
20241008;134225;1282.2;2;11275277204;B
20241008;134357;1282.2;1;11275286023;B
20241008;134511;1281;1;11275291363;S
20241008;134511;1281;1;11275291364;S
20241008;134614;1281.8;1;11275296706;B
20241008;134623;1281;5;11275297323;S
20241008;134623;1280.2;5;11275297324;S
20241008;134623;1280;41;11275297325;S
20241008;134724;1280.6;2;11275301204;B
20241008;134737;1280.4;2;11275302595;B
20241008;134929;1280.8;2;11275310294;B
20241008;135211;1280;2;11275324374;S
20241008;135256;1281;2;11275328128;B
20241008;135311;1280;2;11275329298;S
20241008;135427;1280;2;11275335503;S
20241008;135427;1279.8;1;11275335504;S
20241008;135427;1279.8;24;11275335505;S
20241008;135427;1279.8;33;11275335506;S
20241008;135427;1279.8;5;11275335507;S
20241008;135427;1279.6;18;11275335508;S
20241008;135427;1279.4;1;11275335509;S
20241008;135427;1279.4;1;11275335510;S
20241008;135427;1279.2;2;11275335511;S
20241008;135427;1279;5;11275335512;S
20241008;135427;1278.8;1;11275335513;S
20241008;135427;1279.2;137;11275335514;S
20241008;135427;1279.2;34;11275335515;S
20241008;135427;1279.2;20;11275335516;S
20241008;135427;1279.2;49;11275335517;S
20241008;135531;1279;5;11275340868;S
20241008;135558;1279;4;11275343225;S
20241008;135651;1279.4;5;11275347187;B
20241008;135651;1279.4;13;11275347188;B
20241008;135651;1279.6;2;11275347189;B
20241008;135716;1279;2;11275348906;S
20241008;135716;1278.8;6;11275348907;S
20241008;135721;1278.6;1;11275349286;S
20241008;140110;1279.2;1;11275373230;S
20241008;140110;1279;2;11275373231;S
20241008;140110;1279;2;11275373232;S
20241008;140200;1278.6;1;11275378409;S
20241008;140214;1280;2;11275379685;B
20241008;140533;1279.2;5;11275395574;S
20241008;140534;1279.2;7;11275395758;S
20241008;140635;1279.2;1;11275400408;S
20241008;140635;1279;10;11275400409;S
20241008;140635;1279;2;11275400410;S
20241008;140852;1279.8;2;11275417076;B
20241008;140915;1279;10;11275418391;S
20241008;140915;1279;2;11275418392;S
20241008;140915;1278.8;2;11275418393;S
20241008;140936;1279.8;1;11275419873;B
20241008;141035;1278.8;5;11275425895;S
20241008;141255;1279;2;11275440457;S
20241008;141255;1279;1;11275440458;S
20241008;141255;1279;3;11275440459;S
20241008;141313;1279;2;11275441855;B
20241008;141344;1279;1;11275444330;B
20241008;141428;1278.8;3;11275447978;S
20241008;141717;1279;2;11275465385;B
20241008;141737;1279;4;11275466370;B
20241008;141737;1279;6;11275466371;B
20241008;141849;1279.2;3;11275470493;S
20241008;141956;1279.2;1;11275484067;S
20241008;141957;1279;30;11275484391;S
20241008;142037;1279.2;2;11275488900;B
20241008;142050;1279;20;11275491275;S
20241008;142114;1279;10;11275497315;S
20241008;142157;1278.8;3;11275504250;S
20241008;142158;1279;2;11275504475;B
20241008;142212;1279;20;11275505818;B
20241008;142230;1279;20;11275511508;B
20241008;142302;1279;2;11275514197;B
20241008;142302;1279;18;11275514198;B
20241008;142430;1279.2;3;11275523272;S
20241008;142441;1279.4;6;11275524167;B
20241008;142455;1279.2;35;11275525204;S
20241008;142711;1278.6;10;11275534538;S
20241008;142711;1278.6;3;11275534539;S
20241008;142711;1278.6;7;11275534613;S
20241008;142711;1278.4;5;11275534614;S
20241008;142711;1278.4;1;11275534615;S
20241008;142711;1278.4;27;11275534616;S
20241008;142744;1278.4;40;11275536355;S
20241008;142750;1278.6;19;11275536654;S
20241008;142750;1278.4;41;11275536655;S
20241008;142834;1278.6;19;11275539720;S
20241008;142834;1278.4;71;11275539721;S
20241008;142834;1278.4;1;11275539722;S
20241008;142850;1278.6;23;11275540558;S
20241008;142850;1278.4;19;11275540559;S
20241008;142850;1278.4;10;11275540560;S
20241008;142850;1278.8;4;11275540582;B
20241008;142904;1278.8;20;11275541589;B
20241008;142913;1279.2;2;11275542360;B
20241008;143002;1279.2;4;11275545028;B
20241008;143002;1279.4;2;11275545029;B
20241008;143027;1279.2;4;11275546366;S
20241008;143029;1279;19;11275546435;S
20241008;143146;1278.8;1;11275551169;S
20241008;143305;1278.8;31;11275555697;S
20241008;143305;1278.8;13;11275555832;S
20241008;143305;1278.8;40;11275555934;S
20241008;143344;1278.8;145;11275558657;S
20241008;143344;1278.4;75;11275558658;S
20241008;143344;1278.2;1;11275558659;S
20241008;143344;1278.2;5;11275558660;S
20241008;143344;1278.2;3;11275558661;S
20241008;143344;1278.2;124;11275558662;S
20241008;143357;1278.4;3;11275559374;B
20241008;143449;1278.2;11;11275562248;S
20241008;143605;1278.2;75;11275566471;S
20241008;143638;1278.2;1;11275568018;S
20241008;143700;1278.4;10;11275569069;B
20241008;143702;1278.6;40;11275569155;B
20241008;143702;1278.6;14;11275569156;B
20241008;143702;1278.8;4;11275569157;B
20241008;143713;1280;15;11275570354;B
20241008;143811;1279.6;3;11275573855;S
20241008;143814;1280;1;11275573980;B
20241008;143840;1279.8;1;11275575279;S
20241008;143853;1280;2;11275575943;B
20241008;143916;1279.8;1;11275577196;S
20241008;144057;1279.8;1;11275583133;S
20241008;144100;1280;4;11275583345;B
20241008;144121;1279.8;2;11275584893;S
20241008;144140;1279.8;2;11275586058;S
20241008;144158;1280;16;11275587011;B
20241008;144226;1280;2;11275588730;B
20241008;144230;1279.4;1;11275589021;S
20241008;144345;1279.6;1;11275594316;B
20241008;144345;1279.8;1;11275594317;B
20241008;144405;1279.4;40;11275595227;S
20241008;144406;1279.4;9;11275595298;S
20241008;144406;1279.4;4;11275595373;S
20241008;144406;1279.4;10;11275595407;S
20241008;144406;1279.2;30;11275595408;S
20241008;144406;1279.2;7;11275595563;S
20241008;144406;1279.2;6;11275595598;S
20241008;144420;1279.2;6;11275597105;S
20241008;144422;1279.2;7;11275597280;S
20241008;144422;1279.2;9;11275597309;S
20241008;144422;1279.2;31;11275597310;S
20241008;144449;1279.2;5;11275599616;S
20241008;144449;1279;35;11275599617;S
20241008;144506;1279.4;1;11275601551;B
20241008;144506;1279.4;1;11275601577;B
20241008;144524;1279.4;16;11275603033;B
20241008;144524;1279.4;15;11275603034;B
20241008;144654;1279.2;2;11275608389;S
20241008;144654;1279.2;1;11275608390;S
20241008;144654;1279.2;5;11275608391;S
20241008;144710;1279.6;5;11275609515;S
20241008;144746;1279.6;1;11275611014;S
20241008;144751;1279.6;4;11275611302;S
20241008;144912;1279.4;5;11275616433;S
20241008;144912;1279.2;1;11275616515;S
20241008;144912;1279.2;5;11275616516;S
20241008;144912;1279;14;11275616517;S
20241008;144912;1279;11;11275616593;S
20241008;144912;1279.2;1;11275616739;S
20241008;144912;1279;39;11275616740;S
20241008;144921;1279.2;1;11275617375;S
20241008;144932;1279;1;11275617940;S
20241008;144934;1279;40;11275618072;S
20241008;144952;1279.4;1;11275619453;B
20241008;145030;1279.2;1;11275621815;S
20241008;145031;1279;40;11275621920;S
20241008;145033;1279;31;11275622150;S
20241008;145034;1279;40;11275622250;S
20241008;145054;1279;1;11275623689;S
20241008;145115;1279;1;11275625304;S
20241008;145120;1279;4;11275625659;S
20241008;145324;1279.6;4;11275632583;B
20241008;145325;1279.6;1;11275632602;B
20241008;145334;1279.2;1;11275633207;S
20241008;145506;1279.6;2;11275638870;B
20241008;145506;1279.6;2;11275638871;B
20241008;145527;1279.2;1;11275640372;S
20241008;145527;1279.2;6;11275640373;S
20241008;145528;1279.2;40;11275640414;S
20241008;145705;1279;30;11275645726;S
20241008;145711;1279;40;11275646085;S
20241008;145720;1279.2;2;11275646641;B
20241008;145729;1279.2;17;11275646982;B
20241008;145741;1279.2;1;11275647562;S
20241008;145751;1279;20;11275648053;S
20241008;145755;1279.6;2;11275648267;B
20241008;145822;1279;1;11275649914;S
20241008;145823;1279.2;1;11275650043;S
20241008;145825;1279.2;1;11275650443;B
20241008;145835;1279;1;11275651525;S
20241008;145848;1279.2;3;11275652154;B
20241008;145853;1279.2;2;11275653530;B
20241008;150235;1279.2;1;11275665655;S
20241008;150353;1279.2;4;11275669625;S
20241008;150353;1279.2;1;11275669626;S
20241008;150416;1279;3;11275671589;S
20241008;150554;1279.6;5;11275677108;B
20241008;150738;1279.2;1;11275684149;S
20241008;150749;1279;19;11275684886;S
20241008;150749;1279;6;11275684887;S
20241008;150802;1279;40;11275685559;S
20241008;150816;1279.4;1;11275686582;B
20241008;150816;1279.4;4;11275686583;B
20241008;150836;1279.4;6;11275687775;S
20241008;150836;1279.2;4;11275687776;S
20241008;151030;1279;3;11275695113;S
20241008;151030;1279;31;11275695160;S
20241008;151030;1279;40;11275695306;S
20241008;151037;1279;40;11275696105;S
20241008;151037;1279;45;11275696207;S
20241008;151039;1279;13;11275696422;S
20241008;151039;1279;40;11275696436;S
20241008;151043;1279;40;11275696853;S
20241008;151105;1279;8;11275699295;S
20241008;151424;1279.6;1;11275717324;B
20241008;151426;1279.6;4;11275717460;B
20241008;151514;1279.8;1;11275719780;B
20241008;151545;1279.8;3;11275721328;B
20241008;151554;1279.8;3;11275721789;B
20241008;151639;1279.4;1;11275724222;S
20241008;151639;1279.2;1;11275724223;S
20241008;151639;1279.2;2;11275724224;S
20241008;151717;1279.2;5;11275726244;S
20241008;151717;1279.2;3;11275726245;S
20241008;151717;1279.2;12;11275726246;S
20241008;151717;1279.2;20;11275726247;S
20241008;151719;1279;5;11275726374;S
20241008;151719;1279;26;11275726461;S
20241008;151720;1279;40;11275726593;S
20241008;151730;1279.4;1;11275727074;B
20241008;152009;1279;3;11275739151;S
20241008;152013;1279;7;11275739431;S
20241008;152026;1279;2;11275740363;S
20241008;152037;1279;4;11275741239;S
20241008;152038;1279;3;11275741295;S
20241008;152038;1279;4;11275741318;S
20241008;152133;1279.2;3;11275745462;B
20241008;152254;1279.2;1;11275750355;B
20241008;152255;1279;20;11275750479;S
20241008;152320;1279;1;11275752971;S
20241008;152455;1279.2;22;11275760313;B
20241008;152519;1279.4;1;11275761867;B
20241008;152534;1279.8;2;11275762700;B
20241008;152618;1279.8;1;11275765742;B
20241008;152702;1279.4;1;11275768742;S
20241008;152746;1279.4;2;11275771574;B
20241008;152911;1279.4;2;11275775916;B
20241008;152911;1279.4;5;11275775917;B
20241008;152941;1279.8;3;11275777908;B
20241008;152956;1279.8;1;11275779563;B
20241008;152957;1279.8;1;11275779643;B
20241008;152957;1279.8;11;11275779708;B
20241008;152958;1279.8;3;11275779905;B
20241008;152958;1279.8;4;11275779906;B
20241008;152958;1280;1;11275779907;B
20241008;153117;1279.8;10;11275788090;S
20241008;153134;1280;1;11275789250;B
20241008;153134;1280;6;11275789298;B
20241008;153136;1280;32;11275789543;B
20241008;153138;1280;31;11275789818;B
20241008;153138;1280;6;11275789880;B
20241008;153138;1280;111;11275789891;B
20241008;153138;1280;85;11275789898;B
20241008;153138;1280;9;11275789905;B
20241008;153138;1280;39;11275789908;B
20241008;153138;1280;10;11275789913;B
20241008;153138;1280;8;11275789914;B
20241008;153138;1280;119;11275789974;B
20241008;153138;1280;9;11275789976;B
20241008;153138;1280;9;11275789977;B
20241008;153138;1280;101;11275789978;B
20241008;153143;1280;2;11275790816;B
20241008;153144;1280;1;11275790944;B
20241008;153147;1280;2;11275791597;B
20241008;153147;1280;7;11275791652;B
20241008;153216;1280;2;11275795027;B
20241008;153223;1280;2;11275795708;B
20241008;153229;1280;1;11275796202;B
20241008;153244;1280;2;11275797144;B
20241008;153407;1279.8;1;11275802242;S
20241008;153618;1280;3;11275810644;B
20241008;153623;1280;5;11275810991;B
20241008;153653;1279.8;1;11275812847;S
20241008;153653;1279.8;1;11275812848;S
20241008;153758;1279.8;55;11275816399;S
20241008;153802;1279.8;1;11275816669;S
20241008;153900;1280;5;11275819866;B
20241008;153938;1279.8;12;11275821670;S
20241008;154008;1280;2;11275823171;B
20241008;154146;1279.8;1;11275829801;S
20241008;154208;1279.8;6;11275831009;S
20241008;154208;1279.8;23;11275831010;S
20241008;154208;1279.8;20;11275831011;S
20241008;154235;1279.8;2;11275832642;S
20241008;154346;1279.8;1;11275836510;S
20241008;154436;1279.8;3;11275839319;S
20241008;154438;1279.8;1;11275839379;S
20241008;154520;1280;3;11275841599;B
20241008;154624;1280;1;11275845458;B
20241008;154624;1279.8;3;11275845459;S
20241008;154627;1280;2;11275845541;B
20241008;154724;1279.8;1;11275849261;S
20241008;154733;1280;2;11275849842;B
20241008;154740;1279.8;1;11275850204;S
20241008;154746;1279.8;3;11275850496;S
20241008;154811;1280;8;11275851712;B
20241008;154825;1279.8;30;11275852444;S
20241008;154830;1280;6;11275852593;B
20241008;154832;1279.8;1;11275852667;S
20241008;154933;1279.8;1;11275855947;S
20241008;154945;1279.8;85;11275856691;S
20241008;154945;1279.8;20;11275856692;S
20241008;154945;1279.6;2;11275856693;S
20241008;154945;1279.6;20;11275856694;S
20241008;154945;1279.2;1;11275856695;S
20241008;154945;1279.2;13;11275856696;S
20241008;154945;1279;117;11275856697;S
20241008;154945;1279.2;1;11275856704;B
20241008;154950;1279.2;50;11275856931;B
20241008;155002;1279;1;11275857618;S
20241008;155021;1279;1;11275858642;S
20241008;155028;1279;34;11275859022;S
20241008;155037;1279.2;1;11275859549;B
20241008;155038;1279.2;2;11275859647;B
20241008;155042;1279;1;11275859814;S
20241008;155051;1279.2;20;11275860389;B
20241008;155055;1279;1;11275860667;S
20241008;155056;1279;1;11275860713;S
20241008;155057;1279;1;11275860740;S
20241008;155058;1279;1;11275860772;S
20241008;155058;1279;1;11275860844;S
20241008;155059;1279;1;11275860930;S
20241008;155102;1279;1;11275861148;S
20241008;155104;1279;1;11275861351;S
20241008;155106;1279;1;11275861511;S
20241008;155111;1279;1;11275861961;S
20241008;155113;1279;1;11275862085;S
20241008;155116;1279;1;11275862339;S
20241008;155117;1279;1;11275862425;S
20241008;155118;1279;1;11275862900;S
20241008;155120;1279;1;11275863220;S
20241008;155125;1279.2;8;11275863731;B
20241008;155127;1279;1;11275863867;S
20241008;155128;1279;1;11275863966;S
20241008;155130;1279;1;11275864103;S
20241008;155131;1279;1;11275864143;S
20241008;155131;1279;1;11275864205;S
20241008;155133;1279;1;11275864340;S
20241008;155134;1279;1;11275864438;S
20241008;155135;1279;1;11275864455;S
20241008;155136;1279;1;11275864514;S
20241008;155138;1279.2;241;11275864726;B
20241008;155141;1279.6;1;11275864849;B
20241008;155237;1279.2;51;11275869924;S
20241008;155240;1279.2;1;11275870611;S
20241008;155241;1279.2;8;11275870711;S
20241008;155301;1279.2;1;11275872326;S
20241008;155304;1279.4;4;11275872991;B
20241008;155305;1279.2;28;11275873046;S
20241008;155305;1279.2;5;11275873047;S
20241008;155305;1279;57;11275873048;S
20241008;155316;1279;17;11275875894;S
20241008;155355;1279;1;11275884403;S
20241008;155356;1279.2;3;11275884626;B
20241008;155407;1279;2;11275885983;S
20241008;155427;1279;12;11275890362;S
20241008;155428;1279;13;11275890454;S
20241008;155441;1279;1;11275891949;S
20241008;155500;1279;29;11275894238;S
20241008;155501;1279;23;11275894279;S
20241008;155540;1279.2;1;11275897977;B
20241008;155545;1279;1;11275898327;S
20241008;155602;1279.2;2;11275899341;B
20241008;155626;1279;1;11275900836;S
20241008;155719;1279;1;11275903772;S
20241008;155731;1279;9;11275904512;S
20241008;155819;1279;1;11275907780;S
20241008;155825;1279;250;11275908152;S
20241008;155848;1279.2;2;11275909510;B
20241008;155901;1279.2;2;11275910233;B
20241008;155905;1279;1;11275910407;S
20241008;155916;1279;24;11275911437;S
20241008;155936;1279;1;11275912947;S
20241008;155938;1279;7;11275913149;S
20241008;155939;1279;23;11275913326;S
20241008;155939;1279;2;11275913383;S
20241008;155940;1279;23;11275913547;S
20241008;155949;1279.2;2;11275914191;B
20241008;160008;1279;28;11275915449;S
20241008;160010;1279;22;11275915554;S
20241008;160046;1279.2;1;11275917268;B
20241008;160231;1279;456;11275922978;S
20241008;160235;1279;2;11275923239;S
20241008;160300;1279;22;11275924769;S
20241008;160306;1279;6;11275925191;S
20241008;160459;1279.2;4;11275932712;B
20241008;160506;1279;1;11275933235;S
20241008;160545;1279;3;11275935502;S
20241008;160545;1279;12;11275935614;S
20241008;160545;1279;12;11275935676;S
20241008;160606;1279;8;11275936886;S
20241008;160611;1279;1;11275937534;S
20241008;160636;1279;1;11275939012;S
20241008;160806;1279;3;11275944974;S
20241008;160806;1279;1;11275944992;S
20241008;160812;1279.2;2;11275945277;B
20241008;160824;1279.2;2;11275945994;B
20241008;160836;1279;1;11275946665;S
20241008;160842;1279;2;11275946938;S
20241008;160842;1279.2;1;11275946963;B
20241008;160906;1279;1;11275948129;S
20241008;160912;1279;1;11275948424;S
20241008;160941;1279;1;11275950012;S
20241008;160949;1279;1;11275950593;S
20241008;160958;1279;3;11275951739;S
20241008;161006;1279;2;11275952314;S
20241008;161034;1279;7;11275954245;S
20241008;161034;1279;9;11275954305;S
20241008;161036;1279;4;11275954444;S
20241008;161037;1279;3;11275954539;S
20241008;161037;1279;14;11275954630;S
20241008;161043;1279;19;11275955170;S
20241008;161043;1279;2;11275955258;S
20241008;161043;1279;2;11275955290;S
20241008;161043;1279;121;11275955309;S
20241008;161043;1279;87;11275955310;S
20241008;161043;1279;40;11275955311;S
20241008;161043;1279;99;11275955312;S
20241008;161043;1279;65;11275955313;S
20241008;161043;1279;105;11275955314;S
20241008;161043;1279;2;11275955315;S
20241008;161043;1279;30;11275955316;S
20241008;161043;1279;13;11275955317;S
20241008;161043;1279;1;11275955318;S
20241008;161043;1279;13;11275955319;S
20241008;161043;1279;3;11275955354;S
20241008;161043;1279;2;11275955411;S
20241008;161045;1279;1;11275955601;S
20241008;161106;1279;187;11275956943;S
20241008;161120;1279;4;11275958005;S
20241008;161136;1279;1;11275959524;S
20241008;161308;1279.2;1;11275965298;B
20241008;161408;1279;6;11275969550;S
20241008;161431;1279.2;4;11275991649;B
20241008;161436;1279;3;11275996968;S
20241008;161539;1279;1;11276053505;S
20241008;161544;1279;2;11276057718;S
20241008;161606;1279;1;11276081126;S
20241008;161619;1279.2;2;11276094462;B
20241008;161636;1279;1;11276112088;S
20241008;161649;1279;24;11276112862;S
20241008;161656;1279.2;1;11276113190;B
20241008;161706;1279;7;11276113829;S
20241008;161709;1279;1;11276114037;S
20241008;161736;1279;1;11276116129;S
20241008;161743;1279;2;11276116711;S
20241008;161811;1279;31;11276118586;S
20241008;161822;1279.2;1;11276119889;B
20241008;161836;1279;10;11276120802;S
20241008;161957;1279;49;11276126340;S
20241008;161957;1278.2;8;11276126349;S
20241008;162006;1278.2;17;11276126900;S
20241008;162103;1278.4;1;11276135071;B
20241008;162110;1278.2;4;11276136449;S
20241008;162125;1278;4;11276137803;S
20241008;162125;1278;3;11276137804;S
20241008;162125;1278;1;11276137805;S
20241008;162125;1278;5;11276137806;S
20241008;162126;1278;2;11276137864;B
20241008;162135;1277.8;2;11276138398;S
20241008;162136;1277.8;7;11276138479;S
20241008;162200;1277.8;6;11276139902;S
20241008;162207;1277.8;1;11276140298;S
20241008;162208;1277.8;4;11276140411;S
20241008;162216;1278;3;11276140863;B
20241008;162237;1277.8;3;11276142140;S
20241008;162250;1277.8;19;11276142903;S
20241008;162307;1277.8;5;11276143874;S
20241008;162332;1277.8;275;11276145688;S
20241008;162337;1277.8;83;11276145959;S
20241008;162434;1277.8;10;11276149145;S
20241008;162437;1277.8;3;11276149442;S
20241008;162521;1277.8;10;11276151681;S
20241008;162526;1277.8;1;11276151916;S
20241008;162537;1277.8;3;11276152531;S
20241008;162545;1277.8;20;11276152886;S
20241008;162549;1277.8;10;11276153121;S
20241008;162606;1278;15;11276154266;B
20241008;162606;1277.8;2;11276154277;S
20241008;162607;1277.8;14;11276154303;S
20241008;162618;1277.8;10;11276154904;S
20241008;162637;1277.8;3;11276156109;S
20241008;162655;1277.8;10;11276157399;S
20241008;162705;1278;4;11276157973;B
20241008;162707;1277.8;4;11276158075;S
20241008;162727;1277.8;10;11276159223;S
20241008;162737;1277.8;3;11276159673;S
20241008;162757;1278;2;11276160659;B
20241008;162806;1277.8;1;11276161098;S
20241008;162807;1277.8;1;11276161130;S
20241008;162816;1277.8;27;11276161581;S
20241008;162833;1278;1;11276162478;B
20241008;162837;1277.8;9;11276162771;S
20241008;162850;1277.8;1;11276163577;S
20241008;162958;1278;2;11276167121;B
20241008;163007;1277.8;1;11276167744;S
20241008;163108;1277.8;1;11276172156;S
20241008;163122;1277.8;31;11276172845;S
20241008;163122;1277.8;1;11276172846;S
20241008;163122;1277.8;3;11276172847;S
20241008;163137;1277.8;1;11276173703;S
20241008;163137;1277.8;2;11276173704;S
20241008;163137;1277.8;2;11276173705;S
20241008;163137;1277.6;2;11276173706;S
20241008;163137;1277.6;1;11276173707;S
20241008;163137;1277.4;1;11276173708;S
20241008;163137;1277.4;1;11276173709;S
20241008;163138;1277.6;30;11276173737;B
20241008;163207;1277.4;1;11276175663;S
20241008;163207;1277.4;5;11276175664;S
20241008;163207;1277.2;3;11276175665;S
20241008;163240;1277.2;1;11276177639;S
20241008;163246;1277.2;7;11276178029;S
20241008;163300;1277.4;4;11276178851;B
20241008;163300;1277.4;5;11276178852;B
20241008;163300;1277.4;11;11276178853;B
20241008;163300;1277.4;21;11276178854;B
20241008;163307;1277.2;15;11276179389;S
20241008;163351;1277.2;4;11276181855;S
20241008;163407;1277.2;1;11276183273;S
20241008;163438;1277.2;1;11276185551;S
20241008;163438;1277.2;21;11276185552;S
20241008;163438;1277.2;1;11276185553;S
20241008;163438;1277.2;1;11276185554;S
20241008;163438;1277.2;10;11276185555;S
20241008;163438;1277.2;2;11276185556;S
20241008;163438;1277;1;11276185557;S
20241008;163438;1277;400;11276185558;S
20241008;163438;1277;10;11276185559;S
20241008;163438;1276.8;3;11276185560;S
20241008;163438;1276.8;13;11276185561;S
20241008;163438;1276.6;3;11276185562;S
20241008;163438;1276.4;120;11276185563;S
20241008;163438;1276.4;1;11276185564;S
20241008;163438;1276.4;40;11276185565;S
20241008;163438;1276.2;150;11276185566;S
20241008;163438;1276.2;2;11276185567;S
20241008;163438;1276;2;11276185568;S
20241008;163438;1276;50;11276185569;S
20241008;163438;1276;8;11276185570;S
20241008;163438;1276;200;11276185571;S
20241008;163438;1276;5;11276185572;S
20241008;163438;1276;1;11276185573;S
20241008;163438;1275.8;1;11276185574;S
20241008;163438;1275.6;3;11276185575;S
20241008;163438;1275.4;5;11276185576;S
20241008;163438;1275.4;1;11276185577;S
20241008;163438;1275.2;5;11276185578;S
20241008;163438;1275.2;5;11276185579;S
20241008;163438;1275.2;1;11276185580;S
20241008;163438;1275.2;1;11276185581;S
20241008;163438;1275.2;78;11276185582;S
20241008;163438;1275.2;4;11276185583;S
20241008;163438;1275.2;10;11276185584;S
20241008;163438;1275;1;11276185585;S
20241008;163438;1275;2;11276185586;S
20241008;163438;1275;2;11276185587;S
20241008;163438;1275;10;11276185588;S
20241008;163438;1275;20;11276185589;S
20241008;163438;1275;1;11276185590;S
20241008;163438;1275;1;11276185591;S
20241008;163438;1275;1;11276185592;S
20241008;163438;1275;490;11276185593;S
20241008;163438;1274.6;412;11276185594;S
20241008;163438;1274.6;425;11276185595;S
20241008;163438;1274.4;3;11276185596;S
20241008;163438;1274.4;400;11276185597;S
20241008;163438;1274.2;1;11276185598;S
20241008;163438;1274.2;300;11276185599;S
20241008;163438;1274.2;40;11276185600;S
20241008;163438;1274;2;11276185601;S
20241008;163438;1274;4;11276185602;S
20241008;163438;1274;2;11276185603;S
20241008;163438;1274;2;11276185604;S
20241008;163438;1274;5;11276185605;S
20241008;163438;1273.6;19;11276185606;S
20241008;163438;1273.6;3;11276185607;S
20241008;163438;1273.6;78;11276185608;S
20241008;163438;1273.6;200;11276185609;S
20241008;163438;1273.4;400;11276185610;S
20241008;163438;1273.4;400;11276185611;S
20241008;163438;1273.4;400;11276185612;S
20241008;163438;1273.2;400;11276185613;S
20241008;163438;1273.2;400;11276185614;S
20241008;163438;1273;1;11276185615;S
20241008;163438;1273;1;11276185616;S
20241008;163438;1273;39;11276185617;S
20241008;163438;1272.8;7;11276185618;S
20241008;163438;1272.8;1;11276185619;S
20241008;163438;1272.8;5;11276185620;S
20241008;163438;1272.6;5;11276185621;S
20241008;163438;1272.4;1;11276185622;S
20241008;163438;1272.4;5;11276185623;S
20241008;163438;1272.2;2;11276185624;S
20241008;163438;1272.2;1;11276185625;S
20241008;163438;1272.2;5;11276185626;S
20241008;163438;1272;1;11276185627;S
20241008;163438;1272;1200;11276185628;S
20241008;163438;1272;1;11276185629;S
20241008;163438;1272;36;11276185630;S
20241008;163438;1272;50;11276185631;S
20241008;163438;1272;2;11276185632;S
20241008;163438;1271;1;11276185633;S
20241008;163438;1271;50;11276185634;S
20241008;163438;1271;500;11276185635;S
20241008;163438;1270.8;1;11276185636;S
20241008;163438;1270.8;5;11276185637;S
20241008;163438;1270.6;75;11276185638;S
20241008;163438;1270.4;55;11276185639;S
20241008;163438;1270.4;2;11276185640;S
20241008;163438;1270.4;5;11276185641;S
20241008;163438;1270.2;5;11276185642;S
20241008;163438;1270.2;5;11276185643;S
20241008;163438;1270.2;5;11276185644;S
20241008;163438;1270.2;1;11276185645;S
20241008;163438;1270;1;11276185646;S
20241008;163438;1270;1;11276185647;S
20241008;163438;1270;10;11276185648;S
20241008;163438;1270;1;11276185649;S
20241008;163438;1270;3;11276185650;S
20241008;163438;1270;2;11276185651;S
20241008;163438;1270;2;11276185652;S
20241008;163438;1270;1;11276185653;S
20241008;163438;1270;1;11276185654;S
20241008;163438;1270;3;11276185655;S
20241008;163438;1270;5;11276185656;S
20241008;163438;1270;200;11276185657;B
20241008;163438;1270;41;11276185658;B
20241008;163438;1270;52;11276185659;B
20241008;163438;1270;195;11276185660;B
20241008;163438;1270;129;11276185661;B
20241008;163438;1270;160;11276185662;B
20241008;163438;1270;45;11276185663;B
20241008;163438;1270;48;11276185664;B
20241008;163438;1269.2;1;11276185665;S
20241008;163438;1269;2;11276185666;S
20241008;163438;1269;19;11276185667;S
20241008;163438;1268.8;1;11276185672;S
20241008;163438;1268.2;1;11276185673;S
20241008;163438;1268.4;1;11276185679;B
20241008;163438;1268.2;9;11276185680;S
20241008;163438;1268.6;8;11276185681;B
20241008;163438;1268.2;38;11276185684;S
20241008;163439;1269.2;10;11276185687;B
20241008;163439;1268.2;54;11276185688;S
20241008;163439;1268.2;6;11276185689;S
20241008;163439;1268.2;34;11276185690;S
20241008;163439;1268;1;11276185691;S
20241008;163439;1268;3;11276185692;S
20241008;163439;1268;42;11276185693;S
20241008;163439;1268;5;11276185697;S
20241008;163439;1268;2;11276185698;S
20241008;163439;1268;7;11276185704;S
20241008;163439;1268.8;5;11276185705;B
20241008;163439;1268.8;2;11276185706;B
20241008;163439;1268.8;4;11276185707;B
20241008;163439;1269;1;11276185708;B
20241008;163439;1268;1;11276185709;S
20241008;163439;1268;1;11276185710;S
20241008;163439;1268;3;11276185711;S
20241008;163439;1268.8;1;11276185715;B
20241008;163439;1268.4;2;11276185727;B
20241008;163439;1268.4;1;11276185736;B
20241008;163439;1268.4;1;11276185737;B
20241008;163445;1268.6;1;11276186047;S
20241008;163450;1268.8;1;11276186291;B
20241008;163451;1268.8;18;11276186376;B
20241008;163451;1269;7;11276186377;B
20241008;163453;1269;5;11276186434;S
20241008;163453;1269;5;11276186435;S
20241008;163453;1269.2;1;11276186471;S
20241008;163456;1269.6;9;11276186642;B
20241008;163457;1269.6;6;11276186700;S
20241008;163507;1269.6;25;11276187135;B
20241008;163507;1269.4;5;11276187142;S
20241008;163507;1269.4;10;11276187143;S
20241008;163507;1269.4;3;11276187144;S
20241008;163507;1269.2;4;11276187145;S
20241008;163507;1269.2;5;11276187146;S
20241008;163507;1269.2;5;11276187147;S
20241008;163507;1269.2;14;11276187148;S
20241008;163507;1269.2;26;11276187158;S
20241008;163507;1269.2;10;11276187159;S
20241008;163507;1268.8;10;11276187160;S
20241008;163507;1268.8;46;11276187161;S
20241008;163507;1268.8;13;11276187163;S
20241008;163507;1268.6;2;11276187164;S
20241008;163507;1268.6;5;11276187165;S
20241008;163507;1268.6;2;11276187166;S
20241008;163507;1268.6;14;11276187167;S
20241008;163507;1269;1;11276187171;B
20241008;163508;1268.6;1;11276187177;B
20241008;163512;1268.6;82;11276187425;B
20241008;163512;1268.6;13;11276187426;B
20241008;163512;1268.8;38;11276187427;B
20241008;163516;1269;3;11276187572;B
20241008;163517;1268.2;10;11276187646;S
20241008;163517;1268.2;40;11276187647;S
20241008;163529;1268;8;11276188125;S
20241008;163533;1268;30;11276188306;S
20241008;163537;1268;1;11276188451;S
20241008;163537;1268;6;11276188452;S
20241008;163537;1267.8;26;11276188453;S
20241008;163547;1267.8;3;11276188915;S
20241008;163547;1267.8;40;11276188916;S
20241008;163547;1267.8;3;11276188917;S
20241008;163547;1267.8;3;11276188918;S
20241008;163547;1267.6;3;11276188919;S
20241008;163547;1267.4;10;11276188920;S
20241008;163547;1267.6;3;11276188928;B
20241008;163548;1267.6;1;11276188936;B
20241008;163548;1267.6;3;11276188938;B
20241008;163548;1267.6;3;11276188944;B
20241008;163548;1267.6;2;11276188950;B
20241008;163548;1267.6;1;11276188952;B
20241008;163548;1267.8;2;11276188953;B
20241008;163549;1267.4;3;11276188980;B
20241008;163550;1267.4;2;11276188996;B
20241008;163551;1267.2;1;11276189042;S
20241008;163551;1267.2;6;11276189043;S
20241008;163551;1267.4;3;11276189048;B
20241008;163551;1267.4;2;11276189055;B
20241008;163551;1267.4;6;11276189058;B
20241008;163551;1267.4;2;11276189063;B
20241008;163552;1267.4;2;11276189099;B
20241008;163556;1267.8;2;11276189262;S
20241008;163556;1267.8;40;11276189263;S
20241008;163556;1267.8;2;11276189264;S
20241008;163556;1267.8;2;11276189265;S
20241008;163556;1267.8;2;11276189266;S
20241008;163556;1267.8;2;11276189267;S
20241008;163556;1267.8;2;11276189268;S
20241008;163556;1267.8;1;11276189269;S
20241008;163556;1267.8;1;11276189270;S
20241008;163556;1267.6;29;11276189271;S
20241008;163556;1267.4;29;11276189272;S
20241008;163556;1267.2;1;11276189273;S
20241008;163556;1267;20;11276189274;S
20241008;163556;1267;2;11276189280;S
20241008;163556;1267;1;11276189287;S
20241008;163557;1267.2;3;11276189321;S
20241008;163557;1267.2;5;11276189333;S
20241008;163557;1267.2;8;11276189334;S
20241008;163557;1267.2;27;11276189335;S
20241008;163557;1267;27;11276189336;S
20241008;163557;1267;46;11276189337;S
20241008;163557;1267;20;11276189338;S
20241008;163557;1267;24;11276189339;S
20241008;163557;1267;2;11276189340;S
20241008;163557;1266.8;10;11276189341;S
20241008;163557;1266.8;1;11276189342;S
20241008;163557;1266.8;24;11276189343;S
20241008;163557;1266.6;25;11276189344;S
20241008;163557;1266.6;10;11276189345;S
20241008;163557;1266.2;1;11276189346;S
20241008;163557;1266.2;10;11276189347;S
20241008;163557;1266.2;6;11276189348;S
20241008;163557;1266;5;11276189349;S
20241008;163557;1266;5;11276189350;S
20241008;163557;1265.8;1;11276189351;S
20241008;163557;1265.6;25;11276189352;S
20241008;163557;1265.6;13;11276189353;S
20241008;163557;1265.4;2;11276189354;S
20241008;163557;1265.4;20;11276189355;S
20241008;163557;1265.2;5;11276189356;S
20241008;163557;1265.2;78;11276189357;S
20241008;163557;1265.2;7;11276189358;S
20241008;163557;1265.2;5;11276189359;S
20241008;163557;1265.2;66;11276189360;B
20241008;163557;1265.2;121;11276189361;B
20241008;163557;1265.2;3;11276189362;B
20241008;163557;1265.2;103;11276189363;B
20241008;163558;1265.4;60;11276189391;S
20241008;163558;1265.4;5;11276189395;S
20241008;163603;1266;13;11276189587;B
20241008;163603;1266;60;11276189588;B
20241008;163603;1266;10;11276189589;B
20241008;163603;1266;67;11276189590;B
20241008;163604;1266;1;11276189637;B
20241008;163607;1265.6;3;11276189839;S
20241008;163607;1265.6;1;11276189840;S
20241008;163608;1265.8;5;11276189862;B
20241008;163609;1265.8;2;11276189894;B
20241008;163609;1265.8;1;11276189895;B
20241008;163611;1265.8;2;11276190029;B
20241008;163612;1265.8;2;11276190123;B
20241008;163613;1265.4;50;11276190167;S
20241008;163613;1265.8;1;11276190171;B
20241008;163617;1265.8;4;11276190377;B
20241008;163617;1266;5;11276190378;B
20241008;163617;1265.4;37;11276190397;S
20241008;163617;1265.4;6;11276190398;S
20241008;163617;1265.4;21;11276190399;S
20241008;163619;1265.6;3;11276190486;B
20241008;163624;1265.8;10;11276190722;B
20241008;163631;1265.8;1;11276191146;S
20241008;163631;1265.6;1;11276191147;S
20241008;163631;1265.4;1;11276191148;S
20241008;163637;1265.8;5;11276191466;S
20241008;163647;1265.6;5;11276192077;S
20241008;163647;1265.6;16;11276192078;S
20241008;163653;1265.8;12;11276192377;B
20241008;163656;1265.4;5;11276192541;S
20241008;163656;1265.4;1;11276192542;S
20241008;163656;1265.4;1;11276192543;S
20241008;163656;1265.2;1;11276192544;S
20241008;163656;1265.2;4;11276192545;S
20241008;163657;1265.4;18;11276192674;S
20241008;163657;1265.2;12;11276192675;S
20241008;163707;1265.2;18;11276193201;S
20241008;163708;1265.4;7;11276193219;B
20241008;163714;1265.8;1;11276193513;B
20241008;163717;1265.2;78;11276193674;S
20241008;163727;1265.2;1;11276194101;S
20241008;163727;1265.2;3;11276194102;S
20241008;163728;1265.2;7;11276194128;S
20241008;163728;1265;1;11276194129;S
20241008;163728;1265;8;11276194130;S
20241008;163728;1265;21;11276194145;S
20241008;163728;1265;221;11276194146;S
20241008;163728;1265;6;11276194147;S
20241008;163728;1265;2;11276194148;S
20241008;163728;1264.6;1;11276194149;S
20241008;163728;1264.6;1;11276194150;S
20241008;163728;1264.4;1;11276194151;S
20241008;163728;1264.4;19;11276194152;S
20241008;163728;1264.2;166;11276194153;S
20241008;163728;1264.2;1;11276194154;S
20241008;163728;1264;1;11276194155;S
20241008;163728;1264;1;11276194156;S
20241008;163728;1263.8;5;11276194157;S
20241008;163728;1263.4;2;11276194158;S
20241008;163728;1263.4;1;11276194159;S
20241008;163728;1263.4;1;11276194160;S
20241008;163728;1263.4;1;11276194161;S
20241008;163728;1263.4;50;11276194162;S
20241008;163728;1263.4;13;11276194163;S
20241008;163728;1263.2;1;11276194164;S
20241008;163728;1263.2;25;11276194165;S
20241008;163728;1263.2;12;11276194166;S
20241008;163728;1263.4;3;11276194168;S
20241008;163728;1263.4;75;11276194169;S
20241008;163728;1263.2;68;11276194170;S
20241008;163728;1263;4;11276194171;S
20241008;163728;1262.6;1;11276194172;S
20241008;163728;1262.4;3;11276194173;S
20241008;163728;1262.2;10;11276194174;S
20241008;163728;1262.2;13;11276194175;S
20241008;163728;1262;26;11276194176;S
20241008;163728;1263.2;13;11276194188;B
20241008;163728;1263.2;22;11276194190;S
20241008;163729;1263.2;17;11276194191;S
20241008;163729;1262.8;12;11276194212;S
20241008;163729;1263.6;13;11276194215;B
20241008;163729;1263.6;12;11276194216;B
20241008;163729;1263.8;5;11276194217;B
20241008;163729;1263.8;1;11276194218;B
20241008;163729;1262.8;3;11276194220;S
20241008;163729;1262.2;7;11276194221;S
20241008;163730;1262.4;1;11276194287;S
20241008;163730;1262.2;71;11276194288;S
20241008;163730;1262;263;11276194289;S
20241008;163732;1262;11;11276194367;S
20241008;163734;1262.2;1;11276194450;B
20241008;163735;1262.4;2;11276194504;B
20241008;163737;1261.8;5;11276194699;S
20241008;163737;1261.8;1;11276194700;S
20241008;163737;1261.6;5;11276194701;S
20241008;163737;1261.4;1;11276194705;S
20241008;163747;1261.4;100;11276195370;S
20241008;163747;1261.4;13;11276195371;S
20241008;163747;1261.4;19;11276195372;S
20241008;163748;1261.4;1;11276195405;S
20241008;163748;1261.2;5;11276195406;S
20241008;163748;1261.2;1;11276195407;S
20241008;163748;1261.2;1;11276195408;S
20241008;163748;1261;1;11276195409;S
20241008;163748;1261;5;11276195410;S
20241008;163748;1261;78;11276195411;S
20241008;163748;1261;19;11276195412;S
20241008;163754;1261.4;1;11276195706;S
20241008;163754;1261.4;22;11276195707;S
20241008;163754;1261;1;11276195708;S
20241008;163754;1261;9;11276195709;S
20241008;163754;1260.8;22;11276195710;S
20241008;163757;1261.2;20;11276195884;S
20241008;163805;1261.6;22;11276196243;B
20241008;163805;1261.6;50;11276196291;B
20241008;163807;1261.6;22;11276196348;B
20241008;163807;1261.4;5;11276196378;S
20241008;163807;1261.4;5;11276196379;S
20241008;163807;1261.4;10;11276196380;S
20241008;163807;1261.4;10;11276196381;S
20241008;163809;1261.6;22;11276196409;B
20241008;163811;1261.6;22;11276196539;B
20241008;163812;1261.6;25;11276196585;B
20241008;163813;1261.6;22;11276196621;B
20241008;163815;1261.6;105;11276196704;B
20241008;163815;1261.6;22;11276196705;B
20241008;163817;1261.4;10;11276196826;S
20241008;163817;1261.4;10;11276196827;S
20241008;163817;1261.4;1;11276196828;S
20241008;163817;1261.6;22;11276196833;B
20241008;163818;1261.6;10;11276196862;B
20241008;163818;1261.6;14;11276196872;B
20241008;163820;1261.4;5;11276196979;B
20241008;163821;1261.4;9;11276197026;B
20241008;163821;1261.6;13;11276197027;B
20241008;163824;1261.6;22;11276197195;B
20241008;163826;1261.6;5;11276197281;B
20241008;163827;1261.2;19;11276197311;S
20241008;163827;1261.2;5;11276197312;S
20241008;163837;1261;8;11276197906;S
20241008;163837;1261;5;11276197907;S
20241008;163837;1261;19;11276197908;S
20241008;163837;1260.8;1;11276197909;S
20241008;163837;1260.8;2;11276197910;S
20241008;163837;1260.8;1;11276197911;S
20241008;163837;1260.8;5;11276197912;S
20241008;163837;1260.8;5;11276197913;S
20241008;163837;1260.8;20;11276197914;S
20241008;163837;1260.4;5;11276197915;S
20241008;163837;1260.4;1;11276197916;S
20241008;163837;1260.4;1;11276197917;S
20241008;163837;1260.4;13;11276197918;S
20241008;163837;1260.4;78;11276197919;S
20241008;163837;1260.2;1;11276197920;S
20241008;163837;1260.2;5;11276197921;S
20241008;163837;1260.2;250;11276197922;S
20241008;163837;1260.2;20;11276197923;S
20241008;163837;1260;1;11276197924;S
20241008;163837;1260;50;11276197925;S
20241008;163837;1260;6;11276197926;S
20241008;163837;1260;1;11276197927;S
20241008;163837;1260;1;11276197928;S
20241008;163837;1260;10;11276197929;S
20241008;163837;1260;1;11276197930;S
20241008;163837;1259.6;3;11276197931;S
20241008;163837;1259.4;10;11276197932;S
20241008;163837;1259.4;50;11276197933;S
20241008;163837;1259.4;10;11276197934;S
20241008;163837;1259.4;10;11276197935;S
20241008;163837;1259.4;10;11276197936;S
20241008;163837;1259.4;10;11276197937;S
20241008;163837;1259.2;2;11276197938;S
20241008;163837;1259.2;25;11276197939;S
20241008;163837;1259.2;1;11276197940;S
20241008;163837;1259.2;100;11276197941;S
20241008;163837;1259.2;100;11276197942;S
20241008;163837;1259.2;100;11276197943;S
20241008;163837;1259.2;100;11276197944;S
20241008;163837;1259.2;827;11276197945;S
20241008;163837;1259;11;11276197946;S
20241008;163837;1259;1121;11276197947;S
20241008;163837;1259.2;8;11276197948;S
20241008;163837;1259.2;10;11276197954;S
20241008;163838;1259.2;1;11276197968;S
20241008;163838;1260;1;11276197983;B
20241008;163838;1260;4;11276198004;S
20241008;163847;1259.8;1;11276198400;B
20241008;163847;1259.4;5;11276198444;S
20241008;163847;1259.4;10;11276198445;S
20241008;163851;1259.2;20;11276198599;S
20241008;163851;1259.4;1;11276198632;B
20241008;163852;1259.4;12;11276198661;B
20241008;163900;1259.8;1;11276199109;B
20241008;163902;1259.8;3;11276199163;B
20241008;163903;1259.8;11;11276199253;B
20241008;163903;1260;5;11276199254;B
20241008;163903;1260;10;11276199255;B
20241008;163903;1260.2;2;11276199256;B
20241008;163903;1260.2;2;11276199257;B
20241008;163907;1259.8;10;11276199485;S
20241008;163911;1260.4;30;11276199730;B
20241008;163914;1260.6;1;11276199856;B
20241008;163914;1260.8;1;11276199857;B
20241008;163914;1261;24;11276199858;B
20241008;163914;1261;13;11276199859;B
20241008;163914;1261.2;20;11276199860;B
20241008;163914;1261.2;10;11276199861;B
20241008;163914;1261.2;14;11276199862;B
20241008;163914;1261.4;5;11276199863;B
20241008;163914;1261.4;412;11276199864;B
20241008;163914;1261.4;240;11276199865;B
20241008;163914;1261.4;240;11276199866;B
20241008;163914;1261.6;250;11276199867;B
20241008;163914;1261.6;400;11276199868;B
20241008;163914;1262;1;11276199869;B
20241008;163914;1262.4;2;11276199870;B
20241008;163914;1262.6;2;11276199871;B
20241008;163914;1262.8;5;11276199872;B
20241008;163914;1262.8;385;11276199873;B
20241008;163914;1263;430;11276199874;B
20241008;163914;1263;433;11276199875;B
20241008;163914;1263.2;5;11276199876;B
20241008;163914;1263.2;107;11276199877;B
20241008;163914;1261;11;11276199878;S
20241008;163915;1262;1;11276199933;B
20241008;163915;1262.6;13;11276199934;B
20241008;163915;1262.6;6;11276199935;B
20241008;163917;1262;10;11276200034;S
20241008;163921;1263;1;11276200224;B
20241008;163921;1263;1;11276200225;B
20241008;163921;1263.4;77;11276200226;B
20241008;163927;1262.6;1;11276200617;S
20241008;163937;1262;1;11276201114;S
20241008;163938;1261.8;1;11276201130;S
20241008;163947;1262.4;25;11276201626;S
20241008;163957;1262.4;16;11276202078;B
20241008;163957;1262.6;1;11276202079;B
20241008;163957;1263;1;11276202080;B
20241008;163957;1263.2;5;11276202081;B
20241008;163957;1263.2;7;11276202082;B
20241008;163957;1262.2;78;11276202106;S
20241008;164003;1263.2;4;11276202434;B
20241008;164006;1263.4;10;11276202616;B
20241008;164006;1262.4;1;11276202642;S
20241008;164006;1262.4;2;11276202643;S
20241008;164007;1262;5;11276202695;S
20241008;164007;1262;78;11276202696;S
20241008;164017;1262;1;11276203246;S
20241008;164026;1262;1;11276203600;B
20241008;164027;1261.8;5;11276203679;S
20241008;164027;1261.8;1;11276203680;S
20241008;164037;1261.6;1;11276204121;S
20241008;164037;1261.6;20;11276204122;S
20241008;164043;1262;1;11276207389;B
20241008;164047;1261.6;21;11276212745;S
20241008;164057;1261.4;1;11276223177;S
20241008;164057;1261.4;20;11276223178;S
20241008;164057;1261.4;20;11276223179;S
20241008;164117;1261.4;192;11276245450;S
20241008;164127;1261.8;18;11276256464;B
20241008;164127;1262;38;11276256465;B
20241008;164131;1262.8;1;11276260241;B
20241008;164131;1263;4;11276260242;B
20241008;164132;1262.6;2;11276260880;S
20241008;164137;1262.8;10;11276266633;S
20241008;164137;1262.8;25;11276266634;S
20241008;164142;1263;40;11276269307;B
20241008;164147;1262.6;2;11276274412;S
20241008;164147;1262.6;4;11276274413;S
20241008;164147;1262.6;4;11276274414;S
20241008;164150;1262.8;5;11276275960;B
20241008;164157;1262.4;10;11276283297;S
20241008;164200;1262.8;20;11276285488;B
20241008;164208;1262.2;29;11276293294;S
20241008;164218;1262;277;11276304080;S
20241008;164218;1262;31;11276304081;S
20241008;164218;1261.8;2;11276304253;S
20241008;164238;1261.8;4;11276325992;S
20241008;164248;1261.4;1;11276333472;S
20241008;164248;1261.4;13;11276333473;S
20241008;164308;1261.2;96;11276334484;S
20241008;164316;1261.4;23;11276334898;B
20241008;164318;1261.2;2;11276334929;S
20241008;164321;1261.4;4;11276335120;B
20241008;164323;1261.2;8;11276335223;S
20241008;164333;1261.2;10;11276335627;B
20241008;164338;1261;1;11276335783;S
20241008;164338;1261;16;11276335784;S
20241008;164338;1261;10;11276335785;S
20241008;164340;1261;12;11276335908;B
20241008;164340;1261.2;8;11276335909;B
20241008;164346;1261.2;21;11276336328;B
20241008;164348;1261;20;11276336410;S
20241008;164348;1261;44;11276336451;S
20241008;164353;1260.8;1;11276336653;S
20241008;164353;1260.8;10;11276336654;S
20241008;164353;1260.8;1;11276336655;S
20241008;164353;1260.8;22;11276336656;S
20241008;164357;1260.6;1;11276336974;S
20241008;164357;1260.6;2;11276336975;S
20241008;164357;1260.6;1;11276336976;S
20241008;164357;1260.6;10;11276336977;S
20241008;164357;1260.6;1;11276336978;S
20241008;164357;1260.6;10;11276336979;S
20241008;164358;1260.6;10;11276337002;S
20241008;164358;1260.4;1;11276337003;S
20241008;164358;1260.4;11;11276337004;S
20241008;164358;1260.4;1;11276337005;S
20241008;164358;1260.4;2;11276337006;S
20241008;164408;1260.4;9;11276337685;S
20241008;164408;1260.4;10;11276337686;S
20241008;164408;1260.4;78;11276337687;S
20241008;164408;1260.4;1;11276337742;S
20241008;164412;1260.4;5;11276337990;S
20241008;164412;1260.4;26;11276337991;S
20241008;164412;1260.4;5;11276337992;S
20241008;164418;1260.2;151;11276338348;S
20241008;164419;1260.2;50;11276338452;S
20241008;164422;1260.2;35;11276338631;S
20241008;164427;1260.2;112;11276338907;S
20241008;164428;1260.2;53;11276338923;S
20241008;164430;1260.4;5;11276339171;B
20241008;164435;1260.4;10;11276339395;B
20241008;164438;1260.2;10;11276339508;S
20241008;164439;1260.2;40;11276339578;S
20241008;164440;1260.2;75;11276339659;S
20241008;164446;1260.2;41;11276339922;S
20241008;164446;1260.4;1;11276339988;B
20241008;164448;1260.2;26;11276340055;S
20241008;164448;1260.2;7;11276340065;S
20241008;164450;1260.4;1;11276340157;B
20241008;164452;1260.4;10;11276340273;B
20241008;164455;1260.4;1;11276340387;B
20241008;164455;1260.4;3;11276340388;B
20241008;164458;1260.8;1;11276340549;B
20241008;164508;1260.8;3;11276341004;S
20241008;164508;1260.8;5;11276341005;S
20241008;164511;1261;1;11276341142;S
20241008;164518;1260.8;1;11276341458;S
20241008;164518;1260.8;1;11276341459;S
20241008;164530;1261.4;5;11276342072;B
20241008;164530;1261.4;8;11276342073;B
20241008;164530;1261.6;10;11276342074;B
20241008;164530;1261.6;5;11276342075;B
20241008;164530;1261.6;8;11276342076;B
20241008;164530;1261.8;18;11276342077;B
20241008;164530;1262;1;11276342078;B
20241008;164530;1262;13;11276342079;B
20241008;164530;1262.4;20;11276342080;B
20241008;164530;1262.6;1;11276342081;B
20241008;164530;1262.6;2;11276342082;B
20241008;164530;1262.8;1;11276342083;B
20241008;164530;1262.8;1;11276342084;B
20241008;164530;1262.8;78;11276342085;B
20241008;164530;1262.8;29;11276342086;B
20241008;164538;1261.8;1;11276342610;S
20241008;164544;1262.6;1;11276343100;B
20241008;164544;1262.6;9;11276343101;B
20241008;164548;1261.6;1;11276343267;S
20241008;164554;1261.6;1;11276343569;S
20241008;164559;1261.2;3;11276343816;S
20241008;164608;1261.8;33;11276344257;S
20241008;164616;1262;11;11276344796;S
20241008;164618;1262;9;11276344875;S
20241008;164634;1262.2;6;11276345784;B
20241008;164634;1262.4;13;11276345785;B
20241008;164634;1262.4;6;11276345786;B
20241008;164634;1262.6;11;11276345787;B
20241008;164634;1262.6;14;11276345788;B
20241008;164634;1262.6;26;11276345792;B
20241008;164634;1262.6;13;11276345793;B
20241008;164638;1262.6;10;11276346018;S
20241008;164640;1262;12;11276346235;S
20241008;164643;1262.4;3;11276346613;B
20241008;164648;1262;13;11276346956;S
20241008;164655;1262.2;5;11276347344;B
20241008;164658;1262.4;7;11276347519;B
20241008;164658;1262.6;13;11276347520;B
20241008;164703;1262.6;1;11276347906;B
20241008;164708;1262.4;8;11276348436;S
20241008;164714;1262.4;1;11276348666;B
20241008;164718;1262;2;11276348884;S
20241008;164718;1262.4;2;11276348901;B
20241008;164719;1262.6;5;11276348959;B
20241008;164724;1262;6;11276349461;S
20241008;164724;1262;27;11276349469;S
20241008;164724;1262;16;11276349470;S
20241008;164724;1261.8;17;11276349481;S
20241008;164738;1260.8;5;11276350441;S
20241008;164748;1260.6;2;11276351070;S
20241008;164748;1260.6;1;11276351071;S
20241008;164748;1260.6;3;11276351072;S
20241008;164749;1261.4;2;11276351149;B
20241008;164800;1261.2;2;11276351642;B
20241008;164800;1261.4;18;11276351643;B
20241008;164800;1261.4;5;11276351644;B
20241008;164800;1261.4;20;11276351645;B
20241008;164800;1261.6;5;11276351646;B
20241008;164800;1261.6;20;11276351647;B
20241008;164800;1261.8;13;11276351648;B
20241008;164800;1261.8;16;11276351649;B
20241008;164808;1260.8;3;11276352100;S
20241008;164808;1260.8;1;11276352101;S
20241008;164818;1261;13;11276352519;S
20241008;164822;1261;4;11276352762;S
20241008;164822;1261;33;11276352767;S
20241008;164822;1261;5;11276352768;S
20241008;164823;1261;12;11276352786;B
20241008;164823;1261.2;4;11276352787;B
20241008;164823;1261.4;4;11276352788;B
