<DATE>;<TIME>;<LAST>;<VOL>;<ID>;<OPER>
20241009;095949;1244.6;1;11277256119;B
20241009;095949;1244.6;30;11277256120;S
20241009;095949;1244.6;8;11277256121;S
20241009;095949;1244.6;2;11277256122;S
20241009;095949;1244.6;1;11277256123;S
20241009;095949;1244.6;1;11277256124;S
20241009;095949;1244.6;1;11277256125;S
20241009;095949;1244.6;1;11277256126;S
20241009;095949;1244.6;16;11277256127;S
20241009;100000;1245;18;11277257840;B
20241009;100001;1246;1;11277258339;S
20241009;100002;1246;1;11277258524;S
20241009;100002;1244.8;1;11277258527;S
20241009;100002;1244.8;3;11277258532;S
20241009;100002;1244.8;5;11277258628;S
20241009;100002;1246.2;1;11277258730;S
20241009;100003;1244.6;1;11277259152;S
20241009;100003;1244.6;1;11277259575;S
20241009;100004;1244.6;7;11277259830;S
20241009;100004;1244.6;3;11277260077;S
20241009;100004;1247;12;11277260361;B
20241009;100005;1244.6;3;11277261490;S
20241009;100005;1244.6;25;11277261557;S
20241009;100006;1244.8;2;11277262850;S
20241009;100006;1244.6;1;11277263057;S
20241009;100006;1244.6;5;11277263217;S
20241009;100007;1244.6;1;11277263431;S
20241009;100007;1244.6;2;11277263524;S
20241009;100021;1246;1;11277266388;B
20241009;100021;1247;9;11277266389;B
20241009;100031;1247;17;11277268926;S
20241009;100107;1247.2;5;11277278529;S
20241009;100107;1247.2;6;11277278589;S
20241009;100115;1247;50;11277280129;S
20241009;100116;1247;13;11277280183;S
20241009;100116;1247;1;11277280184;S
20241009;100116;1246.6;6;11277280185;S
20241009;100116;1246.4;5;11277280186;S
20241009;100116;1246.2;60;11277280187;S
20241009;100116;1245.4;13;11277280188;S
20241009;100116;1245;20;11277280189;S
20241009;100116;1245;1;11277280190;S
20241009;100116;1244.8;1;11277280191;S
20241009;100116;1244.6;15;11277280192;S
20241009;100116;1244.6;32;11277280193;S
20241009;100116;1244.6;263;11277280194;S
20241009;100116;1244.6;11;11277280196;S
20241009;100116;1245.4;1;11277280266;B
20241009;100116;1244.6;20;11277280278;S
20241009;100116;1244.6;26;11277280279;S
20241009;100116;1244.6;26;11277280285;S
20241009;100116;1244.6;26;11277280289;S
20241009;100116;1244.6;26;11277280308;S
20241009;100116;1244.6;26;11277280312;S
20241009;100116;1244.6;26;11277280313;S
20241009;100116;1244.6;1;11277280314;S
20241009;100116;1243.6;1;11277280315;S
20241009;100116;1243;1;11277280316;S
20241009;100116;1242.6;1;11277280326;S
20241009;100116;1242.4;1;11277280345;S
20241009;100116;1242.2;1;11277280346;S
20241009;100116;1242;1;11277280347;S
20241009;100116;1241.6;5;11277280348;S
20241009;100116;1241.6;3;11277280349;S
20241009;100116;1241.4;17;11277280350;S
20241009;100116;1241.2;1;11277280351;S
20241009;100116;1241.2;5;11277280352;S
20241009;100116;1240.6;40;11277280353;S
20241009;100116;1240;1;11277280354;S
20241009;100116;1240;1;11277280355;S
20241009;100116;1240;24;11277280356;S
20241009;100116;1240;26;11277280357;S
20241009;100116;1240;15;11277280358;S
20241009;100116;1240;5;11277280359;S
20241009;100116;1240;10;11277280360;S
20241009;100116;1240;144;11277280361;S
20241009;100117;1241.4;2;11277280401;S
20241009;100117;1240.2;80;11277280417;S
20241009;100117;1240.2;6;11277280418;S
20241009;100117;1240;28;11277280419;S
20241009;100117;1240;87;11277280420;S
20241009;100117;1240;1;11277280421;S
20241009;100117;1240;26;11277280486;S
20241009;100117;1240;20;11277280498;S
20241009;100117;1240;26;11277280499;S
20241009;100117;1240.4;1;11277280529;B
20241009;100117;1240;26;11277280530;S
20241009;100117;1240.4;1;11277280533;B
20241009;100117;1240.2;1;11277280540;S
20241009;100117;1240;114;11277280541;S
20241009;100117;1240;71;11277280542;S
20241009;100117;1240;26;11277280544;S
20241009;100117;1242.2;1;11277280581;B
20241009;100117;1240;6;11277280582;S
20241009;100117;1242.2;1;11277280583;B
20241009;100117;1240.4;10;11277280586;S
20241009;100117;1242.2;1;11277280596;B
20241009;100118;1242.2;3;11277280638;B
20241009;100132;1244.2;1;11277283467;B
20241009;100135;1243;5;11277283865;S
20241009;100135;1242;1;11277283866;B
20241009;100140;1244.6;3;11277284923;B
20241009;100157;1244.8;10;11277288733;B
20241009;100157;1245.8;13;11277288734;B
20241009;100157;1246.4;7;11277288735;B
20241009;100159;1243.8;1;11277289060;S
20241009;100211;1245.6;3;11277291704;B
20241009;100223;1244.2;2;11277294066;S
20241009;100223;1244.2;3;11277294067;S
20241009;100235;1246;1;11277296559;B
20241009;100249;1244.4;1;11277299097;S
20241009;100301;1245.4;1;11277301047;B
20241009;100301;1245.6;1;11277301048;B
20241009;100324;1245.6;4;11277305435;B
20241009;100324;1246;41;11277305436;B
20241009;100326;1245.2;2;11277305992;S
20241009;100335;1245.6;1;11277307848;S
20241009;100335;1245.2;6;11277307849;S
20241009;100335;1245;50;11277307850;S
20241009;100335;1245;6;11277307851;S
20241009;100335;1244.4;13;11277307852;S
20241009;100335;1244.2;10;11277307853;S
20241009;100335;1244;17;11277307854;S
20241009;100335;1242.6;20;11277307855;S
20241009;100335;1242.2;10;11277307856;S
20241009;100335;1242.2;8;11277307857;S
20241009;100335;1242;59;11277307858;S
20241009;100337;1245;2;11277308275;B
20241009;100355;1245.8;3;11277311531;B
20241009;100400;1244.6;5;11277312402;B
20241009;100416;1244.6;7;11277315502;S
20241009;100421;1245;5;11277316558;B
20241009;100421;1245.8;2;11277316559;B
20241009;100424;1245.8;8;11277317226;B
20241009;100431;1245;1;11277318432;S
20241009;100431;1244.8;2;11277318433;S
20241009;100446;1244.8;6;11277321253;S
20241009;100447;1244.6;7;11277321333;S
20241009;100457;1244.8;34;11277323392;B
20241009;100515;1244.8;1;11277327329;B
20241009;100515;1244.8;4;11277327330;B
20241009;100518;1244.6;10;11277328098;S
20241009;100525;1244.6;10;11277329294;S
20241009;100525;1244.6;6;11277329426;S
20241009;100528;1243;1;11277329901;B
20241009;100533;1242.2;1;11277330839;S
20241009;100533;1242.2;1;11277330840;S
20241009;100533;1242.2;7;11277330841;S
20241009;100541;1242.2;1;11277332406;B
20241009;100603;1242.2;10;11277336320;B
20241009;100611;1242;1;11277337941;S
20241009;100611;1242;1;11277337942;S
20241009;100611;1242;1;11277337943;S
20241009;100611;1241.8;2;11277337944;S
20241009;100611;1241.8;41;11277337945;S
20241009;100639;1241.8;1;11277342909;S
20241009;100647;1242.2;10;11277343938;B
20241009;100647;1242.2;4;11277343939;B
20241009;100655;1241.8;8;11277345357;S
20241009;100655;1241.6;1;11277345358;S
20241009;100655;1241.4;5;11277345359;S
20241009;100655;1241.2;2;11277345360;S
20241009;100655;1241.2;5;11277345361;S
20241009;100655;1241.2;13;11277345362;S
20241009;100655;1241;10;11277345363;S
20241009;100655;1240.8;1;11277345364;S
20241009;100655;1240.8;2;11277345365;S
20241009;100655;1240.8;3;11277345366;S
20241009;100700;1241.6;11;11277346011;B
20241009;100700;1241.6;4;11277346012;B
20241009;100700;1241.8;4;11277346013;B
20241009;100700;1242.2;1;11277346014;B
20241009;100700;1243.2;30;11277346015;B
20241009;100700;1241.4;4;11277346073;B
20241009;100709;1241.6;2;11277347135;B
20241009;100715;1242;3;11277348306;B
20241009;100717;1242;13;11277348826;S
20241009;100718;1242.4;1;11277348991;B
20241009;100720;1241.8;10;11277349375;S
20241009;100725;1241.6;49;11277349988;S
20241009;100725;1241;3;11277349989;S
20241009;100725;1240.8;7;11277349990;S
20241009;100725;1240.8;3;11277349991;S
20241009;100731;1240.2;5;11277350758;S
20241009;100731;1240.2;20;11277350759;S
20241009;100731;1240.2;2;11277350760;S
20241009;100731;1240.2;2;11277350761;S
20241009;100731;1240;26;11277350762;S
20241009;100731;1240;1;11277350763;S
20241009;100731;1240;4;11277350764;S
20241009;100732;1240;1;11277350866;S
20241009;100732;1240;1;11277350867;S
20241009;100732;1240;1;11277350868;S
20241009;100732;1240;9;11277350869;S
20241009;100742;1240;100;11277352415;S
20241009;100742;1240.4;1;11277352516;B
20241009;100745;1240;32;11277352883;S
20241009;100801;1240;67;11277355611;S
20241009;100801;1240;1;11277355612;S
20241009;100801;1240;5;11277355613;S
20241009;100806;1240;2;11277356371;S
20241009;100808;1240.2;1;11277356608;B
20241009;100811;1240;20;11277357010;S
20241009;100820;1240;10;11277358474;S
20241009;100824;1240.2;1;11277359238;B
20241009;100828;1240.2;3;11277359727;B
20241009;100828;1240.2;14;11277359728;B
20241009;100837;1240.4;3;11277360730;B
20241009;100902;1240.4;2;11277364508;B
20241009;100902;1240.4;1;11277364509;B
20241009;100902;1240.8;5;11277364510;B
20241009;100905;1240.8;3;11277364931;B
20241009;100908;1240.2;6;11277365609;S
20241009;100924;1240.8;10;11277369005;B
20241009;100924;1240.8;20;11277369080;B
20241009;100937;1241.2;5;11277371600;B
20241009;100937;1241.6;1;11277371601;B
20241009;100937;1242.2;1;11277371690;B
20241009;100941;1242.8;1;11277372536;B
20241009;100941;1242.8;2;11277372538;S
20241009;100953;1243;21;11277374259;S
20241009;100953;1242.4;6;11277374260;S
20241009;100953;1242.2;13;11277374261;S
20241009;100953;1242.2;1;11277374262;S
20241009;100953;1241;76;11277374263;S
20241009;100956;1242.8;1;11277374718;B
20241009;100956;1243;3;11277374719;B
20241009;100956;1243;5;11277374720;B
20241009;101007;1243.4;1;11277376135;B
20241009;101007;1243.6;1;11277376136;B
20241009;101007;1243.6;10;11277376137;B
20241009;101022;1243.2;13;11277378086;S
20241009;101024;1243.2;5;11277378367;B
20241009;101027;1243.2;2;11277378994;B
20241009;101028;1243.6;1;11277379137;B
20241009;101029;1243.6;2;11277379218;B
20241009;101029;1243.8;3;11277379219;B
20241009;101029;1243.8;6;11277379220;B
20241009;101029;1243.8;2;11277379221;B
20241009;101030;1244;13;11277379610;B
20241009;101030;1244.2;1;11277379733;B
20241009;101030;1244.4;8;11277379734;B
20241009;101030;1244.6;1;11277379735;B
20241009;101030;1244.6;8;11277379736;B
20241009;101040;1244.6;10;11277381413;B
20241009;101041;1244.6;5;11277381468;B
20241009;101041;1244.8;1;11277381469;B
20241009;101041;1244.8;3;11277381470;B
20241009;101106;1245;2;11277384997;B
20241009;101123;1244.8;2;11277386571;B
20241009;101135;1244.4;1;11277387516;S
20241009;101324;1244.4;1;11277401022;S
20241009;101359;1244.2;1;11277405936;B
20241009;101433;1244;2;11277411824;B
20241009;101434;1244.2;3;11277412037;B
20241009;101434;1244.6;28;11277412038;B
20241009;101434;1244.6;31;11277412191;B
20241009;101434;1244.6;8;11277412227;B
20241009;101453;1244;9;11277415336;S
20241009;101453;1244;1;11277415337;S
20241009;101454;1244.4;2;11277415393;B
20241009;101455;1244.4;2;11277415574;B
20241009;101510;1243.2;1;11277418810;S
20241009;101510;1243.2;1;11277418811;S
20241009;101510;1243;1;11277418812;S
20241009;101511;1243;15;11277419164;S
20241009;101528;1243;9;11277424611;S
20241009;101531;1243;10;11277425796;S
20241009;101538;1244;14;11277427400;B
20241009;101538;1244;17;11277427475;B
20241009;101542;1243;163;11277428646;S
20241009;101546;1243;2;11277429450;S
20241009;101546;1243;1;11277429451;S
20241009;101546;1242.2;1;11277429452;S
20241009;101546;1242;5;11277429453;S
20241009;101546;1242;1;11277429454;S
20241009;101551;1242.2;1;11277430224;S
20241009;101602;1241.8;1;11277432244;S
20241009;101608;1241.8;1;11277433398;S
20241009;101608;1241.6;1;11277433399;S
20241009;101608;1241.6;1;11277433400;S
20241009;101608;1241.6;1;11277433401;S
20241009;101608;1241.6;1;11277433402;S
20241009;101608;1241.6;1;11277433403;S
20241009;101608;1241.4;13;11277433404;S
20241009;101608;1241.4;1;11277433405;S
20241009;101610;1241.4;1;11277433730;S
20241009;101616;1242.8;16;11277434968;B
20241009;101617;1241.4;4;11277435036;S
20241009;101639;1241.6;31;11277439048;S
20241009;101639;1241.4;13;11277439049;S
20241009;101641;1241.2;1;11277439238;S
20241009;101641;1241.2;1;11277439239;S
20241009;101641;1241;1;11277439240;S
20241009;101649;1241.4;1;11277441280;B
20241009;101652;1241.2;13;11277441651;S
20241009;101652;1241;49;11277441652;S
20241009;101652;1241;5;11277441653;S
20241009;101652;1241;8;11277441654;S
20241009;101652;1240.8;25;11277441655;S
20241009;101747;1241;1;11277449006;S
20241009;101752;1241;3;11277449743;S
20241009;101804;1241;4;11277451460;S
20241009;101805;1241;3;11277451554;S
20241009;101805;1241;8;11277451555;S
20241009;101805;1240.8;137;11277451556;S
20241009;101805;1240.8;4;11277451557;S
20241009;101805;1240.8;1;11277451558;S
20241009;101805;1240.8;13;11277451559;S
20241009;101805;1240.8;8;11277451560;S
20241009;101805;1240.6;2;11277451561;S
20241009;101805;1240.6;6;11277451562;S
20241009;101805;1240.6;9;11277451563;S
20241009;101805;1240.4;3;11277451564;S
20241009;101805;1240.4;16;11277451565;S
20241009;101812;1240.6;8;11277452370;S
20241009;101813;1241;1;11277452561;B
20241009;101827;1240.6;10;11277454340;S
20241009;101840;1241;1;11277455918;B
20241009;101852;1240.6;11;11277457240;S
20241009;101852;1240.6;13;11277457241;S
20241009;101852;1240.6;4;11277457242;S
20241009;101852;1240.6;20;11277457243;S
20241009;101904;1240.4;24;11277458707;S
20241009;101933;1240.4;2;11277463615;S
20241009;101944;1240.6;29;11277464734;B
20241009;101944;1241;4;11277464735;B
20241009;101944;1241.4;5;11277464736;B
20241009;101944;1242;1;11277464737;B
20241009;101944;1242.2;3;11277464738;B
20241009;101945;1240.8;3;11277464891;S
20241009;102018;1242.2;1;11277469092;B
20241009;102030;1240.6;1;11277473051;S
20241009;102043;1241.8;1;11277479739;B
20241009;102057;1242;1;11277486796;B
20241009;102150;1242.2;1;11277505521;B
20241009;102150;1242.8;5;11277505522;B
20241009;102225;1241.4;13;11277510257;S
20241009;102236;1241.2;1;11277511434;B
20241009;102400;1241.4;1;11277521585;B
20241009;102432;1240.8;15;11277525955;S
20241009;102446;1240.8;4;11277527694;S
20241009;102608;1240.6;10;11277539088;S
20241009;102608;1240.6;1;11277539089;S
20241009;102608;1240.6;17;11277539090;S
20241009;102608;1240.6;12;11277539091;S
20241009;102616;1240.6;1;11277540138;S
20241009;102616;1240.6;11;11277540139;S
20241009;102628;1241;1;11277541479;B
20241009;102646;1240.6;1;11277543595;S
20241009;102711;1240.6;23;11277545751;S
20241009;102711;1240.4;258;11277545752;S
20241009;102711;1240.4;13;11277545753;S
20241009;102711;1240.4;10;11277545754;S
20241009;102714;1240.2;1;11277545932;S
20241009;102716;1240.2;9;11277546139;S
20241009;102716;1240.2;1;11277546140;S
20241009;102716;1240.2;81;11277546141;S
20241009;102728;1240.2;19;11277547280;S
20241009;102746;1240;6;11277548828;S
20241009;102800;1240;1;11277550067;S
20241009;102802;1240.2;1;11277550350;B
20241009;102802;1240;10;11277550351;S
20241009;102806;1240.2;10;11277550723;B
20241009;102807;1240.2;1;11277550863;B
20241009;102816;1240;7;11277551783;S
20241009;102823;1240;39;11277552674;S
20241009;102823;1240;10;11277552675;S
20241009;102823;1240;20;11277552676;S
20241009;102823;1240;5;11277552677;S
20241009;102823;1240;1;11277552678;S
20241009;102845;1240;10;11277555078;S
20241009;102846;1240;25;11277555146;S
20241009;102949;1240;62;11277561962;S
20241009;102949;1240;10;11277561963;S
20241009;102956;1239.8;1;11277562462;S
20241009;102956;1239.8;2;11277562463;S
20241009;102956;1239.8;1;11277562464;S
20241009;103016;1239.4;1;11277565019;S
20241009;103016;1239.2;1;11277565020;S
20241009;103016;1239.2;1;11277565021;S
20241009;103016;1239;12;11277565022;S
20241009;103016;1239;2;11277565023;S
20241009;103016;1239;6;11277565024;S
20241009;103016;1239;1;11277565094;S
20241009;103030;1239;31;11277566848;S
20241009;103046;1239;5;11277568955;S
20241009;103046;1239;1;11277568956;S
20241009;103046;1239;4;11277568957;S
20241009;103115;1239;8;11277572414;S
20241009;103116;1239;2;11277572456;S
20241009;103142;1239.6;2;11277576358;B
20241009;103146;1239.2;1;11277576859;S
20241009;103205;1239.4;1;11277580380;S
20241009;103235;1239.4;2;11277585308;B
20241009;103246;1239.4;1;11277586599;S
20241009;103252;1239.4;10;11277587677;S
20241009;103311;1239.4;1;11277590167;S
20241009;103316;1239.4;3;11277590755;S
20241009;103318;1239.4;1;11277590948;S
20241009;103404;1239.6;2;11277597054;B
20241009;103416;1239.4;1;11277598181;S
20241009;103537;1239.4;6;11277609901;S
20241009;103546;1239.4;2;11277610800;S
20241009;103547;1239.6;1;11277610929;B
20241009;103547;1239.6;5;11277610930;B
20241009;103547;1239.6;1;11277610931;B
20241009;103547;1239.8;1;11277610932;B
20241009;103547;1239.8;1;11277610933;B
20241009;103547;1240;16;11277610934;B
20241009;103605;1240;1;11277613390;B
20241009;103616;1239.8;7;11277614752;S
20241009;103635;1239.8;1;11277617311;S
20241009;103635;1239.8;35;11277617312;S
20241009;103646;1239.8;11;11277618299;S
20241009;103709;1240;85;11277621499;B
20241009;103709;1240;10;11277621500;B
20241009;103709;1240;5;11277621501;B
20241009;103709;1240.4;1;11277621502;B
20241009;103709;1240.8;1;11277621504;B
20241009;103709;1240.8;20;11277621505;B
20241009;103716;1240.6;37;11277622504;S
20241009;103743;1241.2;5;11277626236;B
20241009;103743;1241.4;3;11277626237;B
20241009;103743;1241.4;1;11277626238;B
20241009;103743;1241.8;1;11277626239;B
20241009;103743;1242;1;11277626240;B
20241009;103743;1242.2;6;11277626241;B
20241009;103743;1242.2;81;11277626242;B
20241009;103743;1242.2;9;11277626243;B
20241009;103743;1242.4;1;11277626244;B
20241009;103743;1242.4;40;11277626245;B
20241009;103743;1242.4;233;11277626246;B
20241009;103743;1242.4;81;11277626247;B
20241009;103743;1242.6;5;11277626248;B
20241009;103743;1242.6;323;11277626249;B
20241009;103743;1243;60;11277626250;B
20241009;103743;1243;1;11277626251;B
20241009;103743;1243;1;11277626252;B
20241009;103743;1243;13;11277626253;B
20241009;103743;1243.2;431;11277626254;B
20241009;103743;1243.2;427;11277626255;B
20241009;103743;1243.4;6;11277626256;B
20241009;103743;1243.4;38;11277626257;S
20241009;103743;1243.6;3;11277626260;S
20241009;103743;1243.6;18;11277626261;S
20241009;103746;1243.6;5;11277626662;S
20241009;103746;1243.6;21;11277626663;S
20241009;103746;1243.4;233;11277626664;S
20241009;103746;1243.4;21;11277626665;S
20241009;103746;1242.4;20;11277626666;S
20241009;103746;1241.8;238;11277626667;S
20241009;103826;1243;1;11277630417;B
20241009;103827;1243.8;1;11277630750;B
20241009;103827;1243.8;12;11277630751;B
20241009;103827;1244;10;11277630752;B
20241009;103827;1244;1;11277630753;B
20241009;103827;1244;3;11277630754;B
20241009;103832;1243.6;1;11277631259;S
20241009;103846;1243.4;7;11277632830;S
20241009;103849;1243.6;81;11277633374;B
20241009;103849;1243.6;40;11277633375;B
20241009;103849;1243.8;20;11277633376;B
20241009;103849;1244;6;11277633377;B
20241009;103849;1244;81;11277633378;B
20241009;103849;1244.2;18;11277633380;B
20241009;103849;1244.2;108;11277633381;B
20241009;103849;1244.2;22;11277633382;B
20241009;103849;1245;1;11277633383;B
20241009;103849;1245;1;11277633384;B
20241009;103849;1245;1;11277633385;B
20241009;103849;1245;7;11277633386;B
20241009;103849;1244.4;12;11277633387;B
20241009;103916;1242.8;13;11277637044;S
20241009;103916;1242.6;3;11277637045;S
20241009;103916;1242.2;20;11277637046;S
20241009;103916;1242.2;10;11277637047;S
20241009;103916;1242;74;11277637048;S
20241009;103942;1243.2;12;11277640174;B
20241009;103942;1243.4;81;11277640175;B
20241009;103942;1243.6;40;11277640176;B
20241009;103942;1243.6;21;11277640177;B
20241009;103946;1243.6;46;11277640519;S
20241009;104030;1244;15;11277645855;S
20241009;104046;1244;4;11277647797;S
20241009;104050;1244.2;2;11277648431;B
20241009;104050;1244.4;1;11277648432;B
20241009;104050;1244.6;1;11277648433;B
20241009;104051;1244;1;11277648488;S
20241009;104116;1244;2;11277651290;S
20241009;104155;1244.8;1;11277656004;B
20241009;104155;1244.8;6;11277656005;B
20241009;104155;1245;3;11277656006;B
20241009;104155;1245;1;11277656007;B
20241009;104155;1245;38;11277656008;B
20241009;104155;1245.2;81;11277656009;B
20241009;104155;1245.2;7;11277656010;B
20241009;104155;1245.2;40;11277656011;B
20241009;104155;1245.2;13;11277656012;B
20241009;104155;1245.4;1;11277656013;B
20241009;104155;1245.4;1;11277656014;B
20241009;104155;1245.4;100;11277656015;B
20241009;104155;1245.4;8;11277656016;S
20241009;104212;1245;22;11277658839;B
20241009;104212;1245;40;11277658840;B
20241009;104212;1245.6;13;11277658841;B
20241009;104212;1245.8;1;11277658842;B
20241009;104212;1245.8;10;11277658843;B
20241009;104212;1246;1;11277658858;S
20241009;104215;1246.2;2;11277659174;B
20241009;104215;1246.4;1;11277659175;B
20241009;104215;1246.8;1;11277659176;B
20241009;104215;1246.8;36;11277659177;B
20241009;104216;1246.2;13;11277659241;S
20241009;104216;1246;115;11277659242;S
20241009;104244;1246;2;11277662507;S
20241009;104259;1246;31;11277665542;S
20241009;104303;1246;12;11277667325;S
20241009;104303;1246;1;11277667407;S
20241009;104304;1246;9;11277667501;S
20241009;104304;1246;4;11277667633;S
20241009;104304;1246;13;11277667768;S
20241009;104304;1246;136;11277667807;S
20241009;104304;1246;3;11277667808;S
20241009;104306;1244;1;11277668518;S
20241009;104310;1243.6;1;11277669361;S
20241009;104310;1243;1;11277669362;S
20241009;104310;1243;5;11277669363;S
20241009;104310;1242.8;5;11277669364;S
20241009;104310;1242.8;5;11277669365;S
20241009;104310;1242.6;1;11277669392;S
20241009;104310;1242.6;13;11277669393;S
20241009;104314;1242.4;1;11277670600;B
20241009;104316;1242.2;1;11277670913;S
20241009;104316;1241.6;1;11277670914;S
20241009;104316;1241.4;1;11277670915;S
20241009;104316;1241.2;13;11277670916;S
20241009;104316;1241.2;31;11277670917;S
20241009;104316;1241;1;11277670918;S
20241009;104316;1241;25;11277670919;S
20241009;104320;1241;40;11277671785;B
20241009;104320;1241;9;11277671786;B
20241009;104320;1241;11;11277671787;B
20241009;104332;1242.2;10;11277674011;B
20241009;104332;1242.2;40;11277674012;B
20241009;104346;1242.4;13;11277675841;S
20241009;104346;1242.4;16;11277675842;S
20241009;104346;1242.2;4;11277675843;S
20241009;104419;1242.2;2;11277680227;B
20241009;104440;1243;2;11277682647;B
20241009;104440;1243;3;11277682648;B
20241009;104440;1243.2;1;11277682649;B
20241009;104446;1242.2;3;11277683624;S
20241009;104544;1242.2;29;11277691776;S
20241009;104544;1242;1;11277691777;S
20241009;104544;1241.8;4;11277691778;S
20241009;104544;1241.6;1;11277691779;S
20241009;104546;1241.6;10;11277692013;S
20241009;104602;1242.6;1;11277694762;B
20241009;104602;1243;10;11277694763;B
20241009;104602;1243;20;11277694764;B
20241009;104612;1243;20;11277695916;S
20241009;104616;1243;30;11277696503;S
20241009;104616;1243;24;11277696535;S
20241009;104620;1243;3;11277697143;S
20241009;104624;1243;22;11277697628;S
20241009;104624;1242.6;8;11277697629;S
20241009;104624;1242.4;8;11277697630;S
20241009;104624;1242;12;11277697631;S
20241009;104646;1242;3;11277700267;S
20241009;104646;1242;13;11277700268;S
20241009;104720;1242.6;1;11277704657;B
20241009;104731;1242.6;12;11277705930;S
20241009;104731;1241.6;1;11277706117;S
20241009;104732;1241.6;20;11277706399;S
20241009;104732;1241.4;10;11277706400;S
20241009;104746;1241.2;1;11277708280;S
20241009;104746;1241;1;11277708281;S
20241009;104746;1240.8;1;11277708282;S
20241009;104746;1240.8;7;11277708283;S
20241009;104746;1240.6;3;11277708284;S
20241009;104818;1242;5;11277712504;B
20241009;104818;1242.2;6;11277712505;B
20241009;104818;1242.2;1;11277712506;B
20241009;104818;1242.4;1;11277712507;B
20241009;104818;1242.4;1;11277712508;B
20241009;104818;1242.4;5;11277712509;B
20241009;104846;1241.4;6;11277716016;S
20241009;105009;1241.4;1;11277727079;S
20241009;105009;1241.2;1;11277727080;S
20241009;105009;1241.2;1;11277727081;S
20241009;105009;1241.2;28;11277727082;S
20241009;105009;1241.2;8;11277727175;S
20241009;105009;1241;1;11277727255;S
20241009;105009;1241;8;11277727259;S
20241009;105016;1240.6;5;11277728391;S
20241009;105016;1240.6;1;11277728392;S
20241009;105016;1240.6;9;11277728393;S
20241009;105113;1240.6;87;11277735749;S
20241009;105113;1240.4;1;11277735750;S
20241009;105113;1240.4;50;11277735751;S
20241009;105113;1240.4;5;11277735752;S
20241009;105113;1240.4;13;11277735753;S
20241009;105113;1240.2;1;11277735754;S
20241009;105113;1240.2;4;11277735755;S
20241009;105113;1240.2;1;11277735756;S
20241009;105113;1240.2;9;11277735757;S
20241009;105113;1240.2;5;11277735758;S
20241009;105113;1240;824;11277735759;S
20241009;105114;1240;75;11277735857;S
20241009;105114;1240;4;11277735858;S
20241009;105114;1240;1;11277735859;S
20241009;105114;1240;1;11277735860;S
20241009;105114;1240;3;11277735861;S
20241009;105114;1239.8;6;11277735862;S
20241009;105114;1239.6;6;11277735863;S
20241009;105114;1239.4;1;11277735864;S
20241009;105114;1239.4;1;11277735865;S
20241009;105114;1239.4;2;11277735866;S
20241009;105116;1239.2;10;11277735967;S
20241009;105116;1239.2;10;11277735968;S
20241009;105116;1239.2;1;11277735969;S
20241009;105116;1239.2;1;11277735970;S
20241009;105116;1239.2;1;11277735971;S
20241009;105116;1239.2;2;11277735972;S
20241009;105116;1239.2;33;11277735973;S
20241009;105116;1239.4;1;11277736058;B
20241009;105117;1239;34;11277736108;S
20241009;105117;1239;1;11277736109;S
20241009;105117;1239;1;11277736110;S
20241009;105117;1239;1;11277736111;S
20241009;105117;1239;10;11277736112;S
20241009;105117;1239;1;11277736113;S
20241009;105117;1239;50;11277736114;S
20241009;105117;1238.8;1;11277736115;S
20241009;105117;1238.8;1;11277736116;S
20241009;105117;1238.6;1;11277736117;S
20241009;105117;1238.6;2;11277736118;S
20241009;105117;1238.4;3;11277736119;S
20241009;105117;1238.4;6;11277736120;S
20241009;105117;1238.4;1;11277736121;S
20241009;105117;1238.4;1;11277736122;S
20241009;105117;1238.4;36;11277736123;S
20241009;105118;1238.2;2;11277736170;S
20241009;105118;1238;1;11277736171;S
20241009;105118;1238;5;11277736172;S
20241009;105118;1238;10;11277736173;S
20241009;105118;1238;1;11277736174;S
20241009;105118;1238;15;11277736175;S
20241009;105118;1238;14;11277736176;S
20241009;105118;1237.8;2;11277736177;S
20241009;105118;1237.8;40;11277736178;S
20241009;105118;1237.6;50;11277736179;S
20241009;105118;1237.6;60;11277736180;S
20241009;105118;1238;3;11277736231;S
20241009;105118;1237.6;2;11277736232;S
20241009;105118;1237.6;38;11277736234;S
20241009;105118;1237.6;2;11277736235;S
20241009;105118;1237.4;1;11277736236;S
20241009;105118;1237.4;2;11277736237;S
20241009;105118;1237.4;1;11277736238;S
20241009;105118;1237.4;40;11277736239;S
20241009;105118;1237.2;2;11277736240;S
20241009;105118;1237;1;11277736241;S
20241009;105118;1237;82;11277736242;S
20241009;105119;1237;18;11277736274;S
20241009;105119;1237;7;11277736275;S
20241009;105119;1236.6;2;11277736286;S
20241009;105119;1236.6;1;11277736287;S
20241009;105119;1236.6;2;11277736288;S
20241009;105119;1236.6;1;11277736289;S
20241009;105119;1236.4;2;11277736290;S
20241009;105119;1236.4;16;11277736296;S
20241009;105119;1236.4;9;11277736297;S
20241009;105119;1236.2;1;11277736298;S
20241009;105119;1236.2;24;11277736299;S
20241009;105119;1236.2;39;11277736300;S
20241009;105119;1236;3;11277736301;S
20241009;105119;1236;3;11277736302;S
20241009;105119;1236;150;11277736303;S
20241009;105119;1236;1;11277736304;S
20241009;105119;1235.4;85;11277736305;S
20241009;105119;1235.2;3;11277736306;S
20241009;105119;1235.2;1;11277736307;S
20241009;105119;1236;2;11277736309;B
20241009;105119;1235.2;42;11277736313;S
20241009;105119;1235.2;40;11277736314;S
20241009;105119;1235;2;11277736315;S
20241009;105119;1235;16;11277736316;S
20241009;105120;1235;9;11277736328;S
20241009;105120;1235;2;11277736329;S
20241009;105120;1235;5;11277736330;S
20241009;105120;1235;150;11277736331;S
20241009;105120;1235;40;11277736332;S
20241009;105120;1234.6;2;11277736333;S
20241009;105120;1234.6;100;11277736334;S
20241009;105120;1234.2;1;11277736335;S
20241009;105120;1234;2;11277736336;S
20241009;105120;1234;50;11277736337;S
20241009;105120;1234;9;11277736338;S
20241009;105120;1234;1;11277736339;S
20241009;105120;1234;41;11277736340;S
20241009;105120;1234;159;11277736341;S
20241009;105120;1233.8;13;11277736342;S
20241009;105120;1233.6;21;11277736343;S
20241009;105120;1233.4;45;11277736344;S
20241009;105120;1233.4;205;11277736352;S
20241009;105120;1233.2;1;11277736353;S
20241009;105120;1233.2;3;11277736354;S
20241009;105120;1233;291;11277736355;S
20241009;105120;1233;16;11277736356;S
20241009;105120;1233.2;2;11277736357;S
20241009;105120;1233;58;11277736358;S
20241009;105120;1233.6;6;11277736361;B
20241009;105120;1233;5;11277736364;S
20241009;105120;1233;30;11277736366;S
20241009;105120;1233;40;11277736367;S
20241009;105120;1232.8;400;11277736368;S
20241009;105120;1232.2;3;11277736369;S
20241009;105120;1232;3;11277736370;S
20241009;105120;1231.6;3;11277736371;S
20241009;105120;1231.4;21;11277736372;S
20241009;105120;1231.4;5;11277736378;S
20241009;105120;1232.2;2;11277736381;B
20241009;105120;1231.4;54;11277736386;S
20241009;105120;1231.2;10;11277736387;S
20241009;105120;1230.6;16;11277736388;S
20241009;105120;1230.6;81;11277736389;S
20241009;105120;1230.4;2;11277736390;S
20241009;105120;1230.4;1;11277736391;S
20241009;105120;1230.4;400;11277736392;S
20241009;105120;1230.2;1;11277736393;S
20241009;105120;1230.2;10;11277736394;S
20241009;105120;1230.2;5;11277736395;S
20241009;105120;1230.2;22;11277736396;S
20241009;105120;1230.2;81;11277736397;S
20241009;105120;1230;1;11277736398;S
20241009;105120;1230;3;11277736399;S
20241009;105120;1230;1;11277736400;S
20241009;105120;1230;1;11277736401;S
20241009;105120;1230;1;11277736402;S
20241009;105120;1230;30;11277736403;S
20241009;105120;1230;5;11277736404;S
20241009;105120;1230;1;11277736405;S
20241009;105120;1230;4;11277736406;S
20241009;105120;1230.2;1;11277736421;S
20241009;105120;1230;2;11277736451;S
20241009;105120;1230;3;11277736452;S
20241009;105120;1230.4;5;11277736453;B
20241009;105120;1230.6;13;11277736454;B
20241009;105120;1230.6;9;11277736455;B
20241009;105120;1230.8;3;11277736456;B
20241009;105120;1230.8;1;11277736457;B
20241009;105121;1231;5;11277736462;B
20241009;105121;1231.2;1;11277736464;B
20241009;105121;1231.2;2;11277736483;B
20241009;105121;1231.2;1;11277736486;B
20241009;105121;1231;1;11277736487;S
20241009;105121;1231;2;11277736492;S
20241009;105121;1231.2;46;11277736501;B
20241009;105121;1231.2;1;11277736502;B
20241009;105121;1231.8;73;11277736510;B
20241009;105121;1231.8;28;11277736521;B
20241009;105121;1231.2;1;11277736523;S
20241009;105121;1231.2;3;11277736532;S
20241009;105121;1231.2;22;11277736533;S
20241009;105121;1233;13;11277736534;B
20241009;105121;1233;3;11277736535;B
20241009;105121;1233.4;13;11277736536;B
20241009;105121;1233.4;221;11277736537;B
20241009;105123;1233;1;11277736666;B
20241009;105123;1233;2;11277736683;B
20241009;105123;1233;150;11277736779;B
20241009;105124;1232.8;14;11277736856;S
20241009;105125;1233;150;11277736994;B
20241009;105125;1233;25;11277737055;B
20241009;105126;1233;72;11277737090;B
20241009;105126;1233.4;5;11277737148;S
20241009;105126;1233.4;40;11277737149;S
20241009;105126;1233.2;28;11277737150;S
20241009;105126;1233.2;13;11277737151;S
20241009;105133;1233.4;1;11277737856;B
20241009;105133;1233.6;217;11277737857;B
20241009;105133;1233.6;77;11277737858;B
20241009;105133;1234.8;1;11277737948;B
20241009;105134;1234.8;50;11277737997;B
20241009;105135;1234.8;100;11277738043;B
20241009;105135;1234.8;50;11277738048;B
20241009;105135;1234.8;49;11277738052;B
20241009;105135;1234.8;1;11277738053;B
20241009;105135;1234.6;1;11277738140;B
20241009;105136;1234.6;5;11277738206;B
20241009;105141;1234.6;14;11277739004;B
20241009;105141;1234.8;36;11277739005;B
20241009;105142;1234.8;50;11277739138;B
20241009;105143;1234.6;20;11277739225;S
20241009;105145;1235.8;26;11277739513;B
20241009;105145;1235.8;2;11277739514;B
20241009;105145;1236;8;11277739515;B
20241009;105146;1234.6;50;11277739575;S
20241009;105146;1234.6;40;11277739576;S
20241009;105146;1234.6;5;11277739577;S
20241009;105146;1234.6;1;11277739578;S
20241009;105150;1234.2;5;11277740048;S
20241009;105150;1234.2;5;11277740049;S
20241009;105156;1234.6;20;11277740734;S
20241009;105156;1234.6;40;11277740735;S
20241009;105156;1234.2;40;11277740736;S
20241009;105209;1234;1;11277742108;B
20241009;105216;1233.2;70;11277742723;S
20241009;105216;1233.2;40;11277742724;S
20241009;105216;1233;4;11277742725;S
20241009;105221;1232.6;1;11277743131;S
20241009;105221;1232.6;9;11277743132;S
20241009;105221;1232.8;1;11277743152;B
20241009;105225;1232;10;11277743410;S
20241009;105225;1232;1;11277743530;S
20241009;105226;1232.6;8;11277743578;S
20241009;105226;1232.6;40;11277743579;S
20241009;105226;1232.2;13;11277743580;S
20241009;105242;1233;1;11277745125;B
20241009;105246;1232.2;1;11277745484;S
20241009;105246;1232.2;40;11277745485;S
20241009;105247;1232;12;11277745535;S
20241009;105247;1232;40;11277745536;S
20241009;105247;1232;1;11277745552;B
20241009;105252;1232;1;11277746384;B
20241009;105253;1232;1;11277746415;B
20241009;105254;1231.8;50;11277746653;S
20241009;105254;1231.8;2;11277746654;S
20241009;105254;1231.8;40;11277746655;S
20241009;105256;1231.6;1;11277747029;S
20241009;105256;1231.6;25;11277747030;S
20241009;105256;1231.6;40;11277747031;S
20241009;105257;1231.8;8;11277747168;B
20241009;105257;1232;174;11277747169;B
20241009;105257;1232;1;11277747170;B
20241009;105305;1232.4;2;11277748108;S
20241009;105305;1232.4;21;11277748109;S
20241009;105315;1233.4;1;11277749192;B
20241009;105315;1233.4;3;11277749193;B
20241009;105315;1233.8;5;11277749194;B
20241009;105315;1234;4;11277749195;B
20241009;105315;1234;1;11277749196;B
20241009;105315;1234;10;11277749197;B
20241009;105315;1234;7;11277749198;B
20241009;105315;1234.2;200;11277749199;B
20241009;105315;1234.2;13;11277749200;B
20241009;105316;1234.4;81;11277749283;S
20241009;105316;1234.2;356;11277749284;S
20241009;105326;1233.6;1;11277750492;S
20241009;105329;1234.8;1;11277750843;B
20241009;105343;1235;1;11277752454;S
20241009;105343;1234.8;13;11277752455;S
20241009;105345;1233.6;13;11277752560;S
20241009;105345;1233.4;20;11277752561;S
20241009;105345;1233.2;125;11277752562;S
20241009;105345;1233;62;11277752563;S
20241009;105345;1233;221;11277752564;S
20241009;105345;1233;59;11277752565;S
20241009;105346;1233;81;11277752642;S
20241009;105346;1233;431;11277752643;S
20241009;105346;1232.8;26;11277752644;S
20241009;105347;1232.8;1;11277752671;S
20241009;105347;1232.8;100;11277752675;S
20241009;105347;1232.8;373;11277752720;S
20241009;105347;1232.2;34;11277752721;S
20241009;105347;1231.8;81;11277752722;S
20241009;105347;1231.6;12;11277752723;S
20241009;105348;1231.6;1;11277752827;S
20241009;105349;1231.6;487;11277752890;S
20241009;105349;1231.6;1;11277752891;S
20241009;105349;1231.4;2;11277752892;S
20241009;105349;1231.2;4;11277752893;S
20241009;105349;1231.2;2;11277752894;S
20241009;105349;1231;1;11277752895;S
20241009;105349;1231;2;11277752896;S
20241009;105349;1231;9;11277752897;S
20241009;105349;1231;11;11277752898;S
20241009;105349;1230.8;16;11277752899;S
20241009;105349;1230.8;500;11277752900;S
20241009;105349;1230.6;1;11277752901;S
20241009;105349;1230.6;13;11277752902;S
20241009;105349;1230.2;26;11277752903;S
20241009;105349;1230.2;44;11277752904;S
20241009;105350;1230.2;6;11277752970;S
20241009;105351;1230.4;2;11277753048;B
20241009;105352;1231.2;1;11277753128;B
20241009;105359;1230.4;5;11277753678;S
20241009;105359;1230.4;13;11277753679;S
20241009;105409;1231;33;11277754507;S
20241009;105409;1230.2;24;11277754508;S
20241009;105409;1230.2;3;11277754509;S
20241009;105409;1230.2;1;11277754510;S
20241009;105409;1230.2;8;11277754511;S
20241009;105409;1230;111;11277754512;S
20241009;105409;1230;6;11277754513;S
20241009;105409;1230;2;11277754514;S
20241009;105409;1230;2;11277754515;S
20241009;105409;1230;2;11277754516;S
20241009;105409;1230;150;11277754517;S
20241009;105409;1230;1;11277754518;S
20241009;105409;1230;1;11277754519;S
20241009;105409;1230;50;11277754520;S
20241009;105409;1230;3;11277754521;S
20241009;105409;1230;1;11277754522;S
20241009;105409;1230;1;11277754523;S
20241009;105409;1230;1;11277754524;S
20241009;105416;1230;240;11277755104;S
20241009;105416;1230;10;11277755105;S
20241009;105416;1230;646;11277755137;S
20241009;105416;1229.6;1;11277755138;S
20241009;105418;1229.4;4;11277755393;S
20241009;105419;1229.2;2;11277755400;S
20241009;105422;1229.6;13;11277755815;B
20241009;105422;1230;167;11277755816;B
20241009;105425;1230.4;5;11277756039;S
20241009;105425;1230.2;12;11277756040;S
20241009;105425;1230;144;11277756041;S
20241009;105425;1230;12;11277756042;S
20241009;105425;1229.2;7;11277756043;S
20241009;105425;1229;1;11277756044;S
20241009;105425;1229;1;11277756045;S
20241009;105425;1229;13;11277756046;S
20241009;105425;1229;5;11277756047;S
20241009;105426;1230.4;1;11277756110;B
20241009;105426;1229.2;13;11277756242;S
20241009;105428;1228.8;10;11277756586;S
20241009;105428;1228.8;50;11277756587;S
20241009;105428;1228.6;1;11277756588;S
20241009;105428;1228.6;11;11277756589;S
20241009;105428;1228.4;7;11277756590;S
20241009;105428;1228.2;2;11277756591;S
20241009;105428;1228.2;15;11277756592;S
20241009;105428;1228.2;81;11277756593;S
20241009;105428;1228.2;3;11277756594;S
20241009;105428;1228;4;11277756595;S
20241009;105428;1228;11;11277756596;S
20241009;105429;1228.2;2;11277756736;S
20241009;105429;1228;25;11277756748;S
20241009;105429;1228;1;11277756751;S
20241009;105429;1228;50;11277756765;S
20241009;105429;1228;21;11277756766;S
20241009;105429;1228.2;5;11277756771;B
20241009;105429;1228.4;1;11277756772;B
20241009;105429;1228.4;15;11277756773;B
20241009;105429;1228.6;9;11277756774;B
20241009;105430;1228;392;11277756917;S
20241009;105430;1228;15;11277756918;S
20241009;105430;1228;1;11277756919;S
20241009;105430;1228;1;11277756920;S
20241009;105433;1227.4;122;11277757270;S
20241009;105433;1227.4;5;11277757271;S
20241009;105433;1227.4;4;11277757272;S
20241009;105433;1227.2;1;11277757273;S
20241009;105433;1227;3;11277757274;S
20241009;105433;1226.6;65;11277757275;S
20241009;105437;1227.2;1;11277757686;S
20241009;105442;1227.2;1;11277758445;S
20241009;105443;1227.2;16;11277758529;S
20241009;105443;1227;1;11277758530;S
20241009;105443;1227;2;11277758531;S
20241009;105443;1226.8;1;11277758532;S
20241009;105443;1226.8;81;11277758533;S
20241009;105443;1226.8;43;11277758534;S
20241009;105446;1227.2;1;11277758792;S
20241009;105446;1227;1;11277758793;S
20241009;105448;1227;2;11277759095;S
20241009;105448;1226.8;10;11277759096;S
20241009;105448;1226.8;81;11277759097;S
20241009;105448;1226.6;3;11277759098;S
20241009;105448;1226.6;100;11277759099;S
20241009;105448;1226.6;4;11277759100;S
20241009;105448;1226.4;6;11277759101;S
20241009;105448;1226.4;1;11277759102;S
20241009;105448;1226.4;93;11277759103;S
20241009;105449;1227;8;11277759226;S
20241009;105449;1226.4;7;11277759227;S
20241009;105449;1226.4;1;11277759228;S
20241009;105449;1226.2;100;11277759229;S
20241009;105449;1226.2;115;11277759230;S
20241009;105450;1227.4;13;11277759393;B
20241009;105450;1227.6;38;11277759394;B
20241009;105450;1227.6;48;11277759395;B
20241009;105450;1227.6;6;11277759396;B
20241009;105450;1228;6;11277759397;B
20241009;105450;1227;1;11277759415;S
20241009;105450;1227;1;11277759416;S
20241009;105450;1226.8;1;11277759417;S
20241009;105450;1226.8;13;11277759418;S
20241009;105450;1226.6;12;11277759419;S
20241009;105450;1226.6;12;11277759420;S
20241009;105454;1226.4;31;11277759999;S
20241009;105454;1227.2;1;11277760066;S
20241009;105454;1226.4;8;11277760067;S
20241009;105455;1227.2;1;11277760255;S
20241009;105456;1227.2;1;11277760410;S
20241009;105456;1227.2;1;11277760411;S
20241009;105456;1227.2;1;11277760412;S
20241009;105456;1226.6;2;11277760413;S
20241009;105457;1226.4;2;11277760589;S
20241009;105503;1227.4;5;11277761238;B
20241009;105503;1227.8;4;11277761239;B
20241009;105504;1228;1;11277761259;B
20241009;105505;1227.8;23;11277761473;S
20241009;105505;1228;26;11277761483;B
20241009;105505;1228;10;11277761484;B
20241009;105505;1228.4;1;11277761485;B
20241009;105506;1229;100;11277761571;B
20241009;105506;1229.2;1;11277761572;B
20241009;105508;1228.4;2;11277761639;S
20241009;105508;1228.2;13;11277761640;S
20241009;105508;1228;100;11277761641;S
20241009;105508;1227.8;185;11277761642;S
20241009;105509;1229;10;11277761716;B
20241009;105509;1229;14;11277761717;B
20241009;105509;1229.2;75;11277761718;B
20241009;105509;1229.2;13;11277761719;B
20241009;105509;1229.8;20;11277761720;B
20241009;105509;1230;4;11277761721;B
20241009;105509;1230;4;11277761722;B
20241009;105509;1230;4;11277761723;B
20241009;105509;1230.2;106;11277761724;B
20241009;105510;1229.6;1;11277761883;S
20241009;105510;1229.4;26;11277761884;S
20241009;105510;1229.2;250;11277761885;S
20241009;105510;1228.8;13;11277761886;S
20241009;105510;1228.6;2;11277761887;S
20241009;105510;1228.6;8;11277761888;S
20241009;105516;1228.6;1;11277762414;S
20241009;105526;1229.8;10;11277763158;S
20241009;105528;1230;1;11277763285;B
20241009;105528;1230.4;1;11277763286;B
20241009;105528;1230.8;5;11277763287;B
20241009;105529;1231.8;50;11277763434;B
20241009;105529;1232;13;11277763435;B
20241009;105530;1233.2;13;11277763503;B
20241009;105530;1233.4;8;11277763504;B
20241009;105530;1233.8;29;11277763505;B
20241009;105530;1232.2;1;11277763527;S
20241009;105532;1233.6;13;11277763598;B
20241009;105532;1233.8;40;11277763599;B
20241009;105532;1234;105;11277763600;B
20241009;105532;1234;112;11277763601;S
20241009;105532;1234;15;11277763602;S
20241009;105534;1234.2;1;11277763774;S
20241009;105534;1234;113;11277763832;S
20241009;105534;1234;2;11277763840;S
20241009;105543;1233.8;1;11277764566;S
20241009;105545;1233.6;1;11277764764;S
20241009;105546;1233.6;31;11277764891;S
20241009;105556;1232.2;1;11277765924;S
20241009;105557;1231.2;1;11277765982;S
20241009;105605;1230.6;20;11277766926;S
20241009;105616;1231.2;5;11277768492;S
20241009;105626;1230.8;16;11277769742;S
20241009;105646;1230.6;2;11277771842;S
20241009;105646;1230.6;10;11277771843;S
20241009;105656;1230.8;1;11277772768;S
20241009;105716;1231.2;1;11277774914;S
20241009;105724;1230.6;1;11277775703;S
20241009;105726;1230.6;44;11277775923;S
20241009;105746;1230.4;33;11277778055;S
20241009;105746;1230.4;21;11277778056;S
20241009;105755;1231.4;2;11277778975;B
20241009;105756;1230.2;23;11277779044;S
20241009;105756;1230.2;32;11277779045;S
20241009;105816;1230.2;3;11277780953;S
20241009;105816;1230.2;23;11277780954;S
20241009;105816;1230.2;13;11277780955;S
20241009;105826;1230.2;13;11277781890;S
20241009;105826;1230.2;17;11277781891;S
20241009;105846;1230.2;14;11277784415;S
20241009;105846;1230.2;1;11277784416;S
20241009;105846;1230.2;30;11277784417;S
20241009;105856;1230.6;42;11277785618;S
20241009;105905;1231;1;11277786604;B
20241009;105912;1231;9;11277787411;B
20241009;105912;1231.6;4;11277787412;B
20241009;105912;1231.8;1;11277787413;B
20241009;105912;1232;15;11277787414;B
20241009;105912;1232;50;11277787415;B
20241009;105912;1232;5;11277787416;B
20241009;105912;1232;13;11277787417;B
20241009;105912;1232;33;11277787418;S
20241009;105916;1230.8;13;11277787868;S
20241009;105921;1232.4;3;11277788405;B
20241009;105926;1231.2;16;11277788930;S
20241009;105926;1231.2;11;11277788931;S
20241009;105946;1231.2;21;11277790217;S
20241009;105946;1231.2;15;11277790218;S
20241009;105956;1231.2;19;11277790954;S
20241009;110012;1232.2;2;11277792941;B
20241009;110016;1231.2;27;11277793336;S
20241009;110026;1231;129;11277794627;S
20241009;110026;1231;13;11277794628;S
20241009;110026;1231;19;11277794629;S
20241009;110031;1231.6;2;11277795155;B
20241009;110046;1230.4;2;11277797201;S
20241009;110047;1231.4;1;11277797245;B
20241009;110047;1231.6;1;11277797246;B
20241009;110056;1230.2;68;11277798261;S
20241009;110056;1230.2;13;11277798262;S
20241009;110056;1230.2;11;11277798263;S
20241009;110110;1231.6;5;11277799790;B
20241009;110115;1231.6;2;11277800242;B
20241009;110116;1230.2;19;11277800361;S
20241009;110116;1230.2;1;11277800362;S
20241009;110116;1230.2;7;11277800363;S
20241009;110116;1230.2;81;11277800364;S
20241009;110116;1230.2;13;11277800365;S
20241009;110118;1231.4;1;11277800519;B
20241009;110126;1230.2;13;11277801645;S
20241009;110126;1230.2;8;11277801646;S
20241009;110138;1230.2;2;11277803439;S
20241009;110138;1230;8;11277803440;S
20241009;110146;1230;92;11277804664;S
20241009;110146;1230;1;11277804665;S
20241009;110146;1230;20;11277804666;S
20241009;110146;1230;3;11277804667;S
20241009;110146;1230;1;11277804668;S
20241009;110146;1230;20;11277804669;S
20241009;110156;1230.2;1;11277806129;S
20241009;110156;1230.2;8;11277806130;S
20241009;110216;1229.2;30;11277823158;S
20241009;110226;1229;5;11277832110;S
20241009;110226;1229;1;11277832111;S
20241009;110240;1229;1;11277846409;B
20241009;110241;1229;1;11277847672;B
20241009;110244;1229;25;11277850363;B
20241009;110244;1229.2;13;11277850516;S
20241009;110244;1229.2;37;11277850517;S
20241009;110244;1229;450;11277850518;S
20241009;110246;1229;25;11277853009;S
20241009;110256;1228.4;1;11277862942;S
20241009;110256;1228.4;4;11277862943;S
20241009;110256;1228.4;40;11277862944;S
20241009;110310;1228.2;1;11277875451;S
20241009;110316;1228.2;31;11277881248;S
20241009;110316;1228.2;166;11277881249;S
20241009;110316;1228.2;1;11277881250;S
20241009;110322;1228;1;11277886498;S
20241009;110322;1228;1;11277886499;S
20241009;110322;1228;20;11277886500;S
20241009;110323;1228;1;11277887507;S
20241009;110324;1227.6;1;11277887933;S
20241009;110324;1227.2;10;11277887934;S
20241009;110324;1228;1;11277888428;B
20241009;110327;1228;7;11277890603;B
20241009;110327;1228.2;10;11277890604;B
20241009;110327;1228.2;7;11277890605;B
20241009;110327;1228.2;13;11277890606;B
20241009;110327;1228.6;47;11277890607;B
20241009;110332;1228.4;1;11277894918;S
20241009;110332;1228.4;1;11277894919;S
20241009;110346;1228.2;5;11277909462;S
20241009;110356;1228.4;50;11277919127;S
20241009;110409;1229.4;1;11277932091;B
20241009;110409;1229.8;1;11277932092;B
20241009;110409;1229.8;2;11277932093;B
20241009;110416;1228.8;47;11277939827;S
20241009;110421;1229.4;1;11277945187;B
20241009;110426;1228.8;3;11277949697;S
20241009;110436;1229.4;3;11277959337;S
20241009;110442;1229.8;1;11277965942;B
20241009;110442;1230;49;11277965943;B
20241009;110442;1230;10;11277965944;B
20241009;110442;1230;13;11277965945;B
20241009;110442;1230;2;11277965946;B
20241009;110446;1229.8;1;11277969251;S
20241009;110446;1229.8;1;11277969252;S
20241009;110446;1229.8;13;11277969253;S
20241009;110446;1229.8;6;11277969254;S
20241009;110456;1230;1;11277976736;S
20241009;110456;1230;44;11277976737;S
20241009;110456;1230;20;11277976738;S
20241009;110516;1229.4;57;11277993710;S
20241009;110535;1230;44;11278008669;S
20241009;110546;1229.4;13;11278019088;S
20241009;110546;1229.4;101;11278019091;S
20241009;110558;1229.4;6;11278030223;S
20241009;110558;1229.4;6;11278030436;B
20241009;110616;1228.8;1;11278048544;S
20241009;110626;1228.4;33;11278057180;S
20241009;110636;1228.4;1;11278066870;S
20241009;110646;1228.4;1;11278077405;S
20241009;110647;1228.4;2;11278077551;S
20241009;110652;1228.4;1;11278082842;B
20241009;110653;1228.2;1;11278083670;S
20241009;110654;1228.2;4;11278084629;S
20241009;110654;1228.2;1;11278084630;S
20241009;110654;1228.2;44;11278084631;S
20241009;110658;1228.2;1;11278088882;B
20241009;110711;1228.2;1;11278101589;B
20241009;110714;1228;1;11278104051;S
20241009;110714;1228;1;11278104052;S
20241009;110714;1227.8;20;11278104053;S
20241009;110714;1227.8;1;11278104054;S
20241009;110714;1227.8;2;11278104055;S
20241009;110716;1227.6;1;11278106265;S
20241009;110716;1227.6;1;11278106266;S
20241009;110716;1227.6;19;11278106467;S
20241009;110716;1227.8;3;11278106605;B
20241009;110718;1227.8;10;11278108436;B
20241009;110718;1228;110;11278108437;B
20241009;110718;1228.2;130;11278108438;B
20241009;110720;1227.4;1;11278110234;S
20241009;110720;1227.2;40;11278110235;S
20241009;110720;1227.2;1;11278110236;S
20241009;110720;1227.2;32;11278110237;S
20241009;110720;1227.2;24;11278110238;S
20241009;110720;1227;1;11278110239;S
20241009;110720;1227;1;11278110240;S
20241009;110720;1227;13;11278110241;S
20241009;110720;1227;24;11278110242;S
20241009;110720;1226.8;50;11278110243;S
20241009;110720;1226.8;2;11278110244;S
20241009;110720;1226.8;36;11278110245;S
20241009;110720;1226.8;200;11278110246;S
20241009;110721;1226.6;2;11278111227;S
20241009;110721;1226.6;5;11278111228;S
20241009;110721;1226;1;11278111229;S
20241009;110721;1226;3;11278111230;S
20241009;110721;1226;1;11278111231;S
20241009;110721;1226;4;11278111387;B
20241009;110722;1226;2;11278111781;B
20241009;110722;1225.8;10;11278111784;S
20241009;110722;1225.6;3;11278111785;S
20241009;110722;1225.6;17;11278111786;S
20241009;110722;1225.6;48;11278111787;S
20241009;110722;1226;1;11278112043;B
20241009;110722;1226;20;11278112299;B
20241009;110723;1226;1;11278112546;B
20241009;110731;1225.8;1;11278120466;S
20241009;110731;1225.6;35;11278120467;S
20241009;110731;1225.6;44;11278120468;S
20241009;110732;1225.4;4;11278121433;S
20241009;110732;1225.2;3;11278121434;S
20241009;110733;1225;22;11278121956;S
20241009;110733;1225;3;11278121972;S
20241009;110733;1225.2;24;11278121981;B
20241009;110733;1225.2;17;11278122603;S
20241009;110733;1225;38;11278122604;S
20241009;110733;1225;1;11278122605;S
20241009;110733;1225;40;11278122606;S
20241009;110733;1225;1;11278122607;S
20241009;110733;1224.8;15;11278122608;S
20241009;110743;1225.2;14;11278132137;S
20241009;110743;1225;1;11278132138;S
20241009;110743;1225;1;11278132139;S
20241009;110743;1225;30;11278132140;S
20241009;110743;1225;7;11278132141;S
20241009;110743;1225;100;11278132142;S
20241009;110743;1225;2;11278132143;S
20241009;110743;1224.8;9;11278132144;S
20241009;110743;1224.6;2;11278132145;S
20241009;110743;1224.6;2;11278132146;S
20241009;110743;1224.6;13;11278132147;S
20241009;110743;1224.6;9;11278132148;S
20241009;110743;1224.6;29;11278132149;S
20241009;110743;1224.4;100;11278132150;S
20241009;110743;1224.2;1;11278132151;S
20241009;110743;1224;20;11278132152;S
20241009;110743;1223.6;10;11278132153;S
20241009;110743;1222.6;20;11278132154;S
20241009;110743;1222.4;15;11278132155;S
20241009;110743;1222.4;81;11278132156;S
20241009;110743;1222.4;65;11278132157;S
20241009;110743;1223.4;4;11278132166;S
20241009;110743;1224;1;11278132649;S
20241009;110743;1223.4;12;11278132650;S
20241009;110744;1223.4;34;11278133080;S
20241009;110744;1223.2;16;11278133081;S
20241009;110744;1223.4;21;11278133395;S
20241009;110745;1223;8;11278134234;S
20241009;110745;1222.8;3;11278134235;S
20241009;110745;1222.4;2;11278134236;S
20241009;110746;1222.2;5;11278135385;S
20241009;110746;1222.2;100;11278135386;S
20241009;110747;1223.6;1;11278136639;B
20241009;110750;1223.6;1;11278138654;B
20241009;110756;1222.6;12;11278145260;S
20241009;110756;1222.6;111;11278145261;S
20241009;110804;1222.4;3;11278152769;S
20241009;110804;1222.4;44;11278152770;S
20241009;110804;1222.2;1;11278152771;S
20241009;110804;1222;1;11278152772;S
20241009;110804;1222;70;11278152773;S
20241009;110804;1221.6;5;11278152774;S
20241009;110804;1221.6;1;11278152775;S
20241009;110804;1221.6;13;11278152776;S
20241009;110804;1221.2;1;11278152777;S
20241009;110804;1221.2;5;11278152778;S
20241009;110804;1221.2;1;11278152779;S
20241009;110804;1221.2;10;11278152780;S
20241009;110804;1221;10;11278152781;S
20241009;110804;1221;1;11278152782;S
20241009;110804;1220.8;90;11278152783;S
20241009;110804;1220.4;20;11278152784;S
20241009;110804;1220.4;81;11278152785;S
20241009;110804;1220.2;172;11278152786;S
20241009;110804;1220.2;10;11278152787;S
20241009;110804;1220.2;1;11278152788;S
20241009;110804;1220.2;104;11278152789;S
20241009;110804;1221;3;11278153457;B
20241009;110804;1221;3;11278153466;B
20241009;110804;1221;1;11278153470;B
20241009;110804;1221;2;11278153471;B
20241009;110805;1221;1;11278154196;B
20241009;110806;1220.6;1;11278155020;S
20241009;110806;1220.2;2;11278155242;S
20241009;110807;1221;2;11278155605;B
20241009;110814;1220.8;2;11278161661;B
20241009;110814;1220.8;3;11278161662;B
20241009;110814;1221;18;11278161666;B
20241009;110814;1221;52;11278161667;B
20241009;110816;1220.6;13;11278163360;S
20241009;110821;1221;1;11278166911;B
20241009;110821;1220.8;1;11278166953;S
20241009;110821;1220.8;14;11278166954;S
20241009;110821;1220.6;81;11278166955;S
20241009;110821;1220.6;14;11278166956;S
20241009;110821;1220.4;4;11278166957;S
20241009;110821;1220.4;19;11278166958;S
20241009;110826;1220.8;81;11278171095;S
20241009;110826;1220.6;409;11278171096;S
20241009;110826;1220.6;5;11278171118;S
20241009;110830;1221;47;11278174475;B
20241009;110830;1221;1;11278174476;B
20241009;110830;1221;2;11278174477;B
20241009;110833;1220.8;1;11278177307;S
20241009;110833;1220.8;16;11278177308;S
20241009;110836;1220.6;86;11278179612;S
20241009;110836;1220.6;50;11278179613;S
20241009;110836;1220.6;16;11278179614;S
20241009;110836;1220.4;45;11278179615;S
20241009;110836;1220.4;16;11278179616;S
20241009;110836;1220.4;322;11278179617;S
20241009;110836;1220.4;13;11278179618;S
20241009;110836;1220.2;144;11278179619;S
20241009;110836;1220.2;70;11278179620;S
20241009;110836;1220.2;2;11278179621;S
20241009;110836;1220;1;11278179622;S
20241009;110836;1220;1;11278179623;S
20241009;110836;1220;334;11278179624;S
20241009;110837;1220;40;11278180255;S
20241009;110837;1220.8;10;11278180256;B
20241009;110839;1220.8;15;11278182238;B
20241009;110844;1220;50;11278186102;S
20241009;110846;1220;426;11278188131;S
20241009;110851;1220;104;11278192319;S
20241009;110851;1220;46;11278192320;S
20241009;110851;1220;1;11278192321;S
20241009;110851;1220;1;11278192322;S
20241009;110851;1220;1;11278192323;S
20241009;110851;1220;1;11278192324;S
20241009;110851;1220;1;11278192325;S
20241009;110851;1220;5;11278192326;S
20241009;110851;1220;1;11278192327;S
20241009;110851;1220;1;11278192328;S
20241009;110851;1220;1;11278192329;S
20241009;110851;1220;1;11278192330;S
20241009;110851;1220;1;11278192331;S
20241009;110851;1220;5;11278192332;S
20241009;110851;1220;10;11278192333;S
20241009;110851;1219.8;1;11278192334;S
20241009;110851;1219.4;6;11278192335;S
20241009;110852;1219.2;1;11278192664;S
20241009;110852;1218.4;15;11278192770;S
20241009;110852;1219.4;13;11278193233;B
20241009;110852;1219.4;160;11278193234;B
20241009;110852;1219.6;10;11278193235;B
20241009;110852;1219.6;20;11278193236;B
20241009;110902;1220.4;13;11278201462;S
20241009;110902;1220.2;7;11278201463;S
20241009;110903;1220.6;3;11278202031;B
20241009;110904;1220.2;1;11278202748;S
20241009;110904;1220.2;44;11278202749;S
20241009;110904;1219.6;5;11278202951;S
20241009;110910;1220;1;11278208240;B
20241009;110911;1220;1;11278209378;B
20241009;110916;1219.6;144;11278215117;S
20241009;110920;1219.6;1;11278218648;S
20241009;110924;1219.6;36;11278222056;S
20241009;110924;1219.6;4;11278222057;S
20241009;110927;1219.8;2;11278225554;B
20241009;110934;1220;253;11278232174;B
20241009;110934;1220;100;11278232175;B
20241009;110934;1220;13;11278232176;B
20241009;110946;1220;10;11278244296;S
20241009;110946;1220;1;11278244297;S
20241009;110946;1220;112;11278244298;B
20241009;111007;1220.6;1;11278265390;B
20241009;111007;1221;8;11278265391;B
20241009;111007;1221.2;41;11278265392;B
20241009;111011;1221.2;2;11278269791;B
20241009;111016;1220.6;16;11278274666;S
20241009;111022;1221;1;11278279908;B
20241009;111035;1220.6;1;11278293054;S
20241009;111035;1220.6;40;11278293055;S
20241009;111035;1220.4;3;11278293056;S
20241009;111035;1220.4;40;11278293057;S
20241009;111035;1220.2;60;11278293058;S
20241009;111035;1220.2;100;11278293059;S
20241009;111035;1220.2;3;11278293060;S
20241009;111035;1220;1;11278293061;S
20241009;111035;1220;2;11278293062;S
20241009;111035;1220;10;11278293063;S
20241009;111035;1219.8;1;11278293064;S
20241009;111035;1219.6;44;11278293065;S
20241009;111035;1219.6;20;11278293066;S
20241009;111035;1219.6;10;11278293067;S
20241009;111035;1219.6;13;11278293068;S
20241009;111035;1219;1;11278293069;S
20241009;111035;1218.8;2;11278293070;S
20241009;111035;1218.6;20;11278293071;S
20241009;111035;1218.4;2;11278293072;S
20241009;111035;1218.4;17;11278293073;S
20241009;111040;1218.8;4;11278298147;B
20241009;111040;1219;4;11278298148;B
20241009;111046;1218.2;1;11278304718;S
20241009;111046;1218.2;2;11278304719;S
20241009;111046;1218.2;1;11278304720;S
20241009;111046;1218.2;1;11278304721;S
20241009;111056;1218.8;10;11278314920;S
20241009;111116;1218.4;12;11278334511;S
20241009;111116;1218.4;15;11278334512;S
20241009;111117;1218.4;14;11278336417;B
20241009;111119;1218.4;1;11278337793;B
20241009;111120;1218.4;1;11278338759;B
20241009;111122;1218.4;2;11278340231;B
20241009;111123;1218;5;11278340603;S
20241009;111123;1218;1;11278340604;S
20241009;111123;1218;25;11278340605;S
20241009;111123;1218.4;1;11278340640;B
20241009;111123;1218.4;4;11278340699;B
20241009;111123;1218.8;15;11278340700;B
20241009;111123;1219;21;11278340701;B
20241009;111123;1219;60;11278340702;B
20241009;111123;1219;20;11278340717;B
20241009;111128;1220.8;50;11278343949;B
20241009;111128;1220.8;14;11278343950;B
20241009;111128;1220.8;13;11278343951;B
20241009;111128;1221;3;11278343952;B
20241009;111128;1219.4;1;11278344220;S
20241009;111146;1220;2;11278360146;S
20241009;111156;1219.8;10;11278368819;S
20241009;111156;1219.8;7;11278368820;S
20241009;111216;1219.6;10;11278386676;S
20241009;111226;1219.4;10;11278396020;S
20241009;111226;1219.4;4;11278396021;S
20241009;111237;1219.4;1;11278407120;B
20241009;111238;1219.4;1;11278407667;B
20241009;111243;1219.4;1;11278413243;B
20241009;111246;1219.2;10;11278416617;S
20241009;111249;1219.4;10;11278419222;B
20241009;111256;1219;10;11278426563;S
20241009;111302;1219.2;13;11278432117;B
20241009;111302;1219.2;6;11278432118;B
20241009;111302;1219.4;43;11278432119;B
20241009;111305;1219.2;3;11278435436;B
20241009;111305;1219.4;44;11278435437;B
20241009;111305;1220;9;11278435438;B
20241009;111316;1219.8;81;11278446635;S
20241009;111316;1219.8;30;11278446636;S
20241009;111323;1219.6;10;11278454043;S
20241009;111323;1219.6;30;11278454044;S
20241009;111323;1219.6;7;11278454045;S
20241009;111323;1219.4;10;11278454046;S
20241009;111323;1219.4;7;11278454047;S
20241009;111323;1219.2;1;11278454048;S
20241009;111324;1219.2;1;11278454436;B
20241009;111324;1219.2;1;11278455024;B
20241009;111335;1219.2;50;11278465967;B
20241009;111337;1219.2;5;11278467851;B
20241009;111346;1219.4;2;11278478147;S
20241009;111348;1220;2;11278480411;B
20241009;111356;1219.2;5;11278488714;S
20241009;111356;1219.2;5;11278488715;S
20241009;111359;1219;13;11278491315;S
20241009;111359;1219;5;11278491316;S
20241009;111359;1218.8;10;11278491317;S
20241009;111359;1218.8;5;11278491318;S
20241009;111359;1218.8;2;11278491319;S
20241009;111359;1218.6;25;11278491320;S
20241009;111401;1218.6;56;11278493968;S
20241009;111401;1218.6;5;11278493969;S
20241009;111404;1218.6;1;11278497716;B
20241009;111406;1218.4;10;11278499021;S
20241009;111406;1218.4;55;11278499022;S
20241009;111409;1218.4;15;11278502189;S
20241009;111416;1218.4;111;11278510088;S
20241009;111416;1218.4;1;11278510089;S
20241009;111422;1218.4;1;11278515810;B
20241009;111425;1218.4;3;11278517964;B
20241009;111425;1218.4;10;11278517965;B
20241009;111425;1218.6;68;11278517966;B
20241009;111425;1218.6;5;11278517967;B
20241009;111438;1218.2;8;11278528506;S
20241009;111442;1218.4;37;11278531802;B
20241009;111442;1218.6;12;11278531803;B
20241009;111442;1218.6;51;11278531804;B
20241009;111444;1218.6;700;11278534276;B
20241009;111446;1218.2;2;11278535982;S
20241009;111446;1218.2;1;11278535983;S
20241009;111446;1218.2;9;11278535984;S
20241009;111446;1218.2;81;11278535985;S
20241009;111446;1218.2;5;11278535986;S
20241009;111456;1218.4;2;11278544792;S
20241009;111502;1218;1;11278549841;S
20241009;111516;1218;13;11278562738;S
20241009;111516;1218;1;11278562897;S
20241009;111516;1218;15;11278562898;S
20241009;111516;1218;100;11278562899;S
20241009;111516;1218;2;11278562900;S
20241009;111516;1218;130;11278562901;S
20241009;111516;1218;100;11278562902;S
20241009;111516;1218;2;11278562903;S
20241009;111516;1218;1;11278562904;S
20241009;111516;1218;20;11278562905;S
20241009;111516;1217.8;1;11278562936;S
20241009;111516;1217.8;1;11278562937;S
20241009;111516;1217.8;10;11278562938;S
20241009;111516;1217.6;5;11278562939;S
20241009;111516;1217.6;3;11278562940;S
20241009;111516;1217.6;1;11278562941;S
20241009;111517;1217.4;1;11278562954;S
20241009;111517;1218;1;11278564343;B
20241009;111524;1218;70;11278571005;S
20241009;111526;1217;2;11278573303;S
20241009;111526;1216.6;4;11278573385;S
20241009;111526;1216.6;3;11278573386;S
20241009;111526;1216.4;8;11278573387;S
20241009;111527;1216.4;12;11278573786;S
20241009;111534;1216.4;17;11278581231;S
20241009;111536;1216.4;13;11278583626;S
20241009;111536;1216.4;15;11278583627;S
20241009;111536;1216.2;1;11278583629;S
20241009;111536;1216.2;4;11278583630;S
20241009;111536;1216.2;29;11278583631;S
20241009;111538;1216.2;11;11278585310;S
20241009;111538;1216.2;1;11278585311;S
20241009;111538;1216.2;1;11278585312;S
20241009;111538;1216.2;1;11278585313;S
20241009;111538;1216;2;11278585314;S
20241009;111538;1216;16;11278585315;S
20241009;111539;1216;1;11278586947;S
20241009;111539;1216;9;11278586998;S
20241009;111540;1216;1;11278587184;S
20241009;111540;1216;1;11278587185;S
20241009;111540;1215.8;1;11278587186;S
20241009;111540;1215.8;3;11278587187;S
20241009;111540;1215.6;1;11278587188;S
20241009;111540;1215.6;2;11278587189;S
20241009;111540;1215.4;1;11278587190;S
20241009;111540;1215.4;15;11278587191;S
20241009;111540;1215.4;12;11278587194;S
20241009;111544;1215.4;8;11278592071;S
20241009;111544;1215.2;1;11278592072;S
20241009;111544;1215.2;1;11278592073;S
20241009;111544;1215.4;1;11278592606;B
20241009;111545;1215.4;1;11278593138;B
20241009;111546;1215.2;4;11278594751;S
20241009;111550;1215.4;1;11278597627;S
20241009;111550;1215.2;1;11278597683;B
20241009;111551;1215.2;1;11278599534;B
20241009;111551;1215;4;11278599773;S
20241009;111552;1215.2;1;11278599984;B
20241009;111552;1215.2;2;11278600500;B
20241009;111552;1215.2;185;11278600958;B
20241009;111556;1215.4;1;11278604862;S
20241009;111556;1215.4;1;11278604863;S
20241009;111601;1215.2;44;11278609407;S
20241009;111616;1216.2;25;11278625049;S
20241009;111626;1216.2;25;11278634533;S
20241009;111633;1216;25;11278641858;S
20241009;111633;1215.6;25;11278641859;S
20241009;111633;1215.4;81;11278641860;S
20241009;111633;1215.4;1;11278641861;S
20241009;111633;1215.4;1;11278641862;S
20241009;111633;1215.4;1;11278641863;S
20241009;111633;1215.4;13;11278641864;S
20241009;111633;1215.2;13;11278641865;S
20241009;111633;1215.2;5;11278641866;S
20241009;111633;1215.2;128;11278641867;S
20241009;111633;1215.2;292;11278641868;S
20241009;111646;1215.4;81;11278655946;S
20241009;111648;1216;1;11278657579;B
20241009;111648;1216.2;50;11278657580;B
20241009;111648;1216.2;13;11278657581;B
20241009;111648;1216.8;22;11278657582;B
20241009;111648;1216.8;14;11278657583;B
20241009;111651;1215.4;1;11278661052;S
20241009;111651;1215.4;5;11278661140;S
20241009;111652;1215.4;2;11278661283;S
20241009;111652;1215.2;4;11278661284;S
20241009;111654;1215.4;15;11278663706;B
20241009;111655;1215.4;35;11278665084;B
20241009;111655;1215.4;1;11278665399;B
20241009;111656;1215.4;13;11278666843;S
20241009;111659;1215.4;9;11278669770;S
20241009;111659;1215.4;3;11278669907;S
20241009;111705;1216;1;11278676190;B
20241009;111707;1216;1;11278678335;B
20241009;111709;1216;1;11278680110;B
20241009;111709;1216.8;19;11278680111;B
20241009;111710;1215.6;1;11278680588;S
20241009;111711;1216.6;1;11278682054;B
20241009;111711;1216.8;49;11278682055;B
20241009;111711;1217;32;11278682056;B
20241009;111712;1215.8;1;11278683041;S
20241009;111712;1215.8;1;11278683548;S
20241009;111712;1216;5;11278683551;B
20241009;111713;1216.2;1;11278683682;S
20241009;111715;1216.2;1;11278686582;S
20241009;111716;1216.2;79;11278688016;S
20241009;111717;1216;1;11278688204;S
20241009;111719;1217;68;11278690168;B
20241009;111719;1217;10;11278690169;B
20241009;111719;1217;1;11278690170;B
20241009;111719;1217;2;11278690171;B
20241009;111719;1217.2;1;11278690172;B
20241009;111719;1217.4;26;11278690658;B
20241009;111719;1217.6;49;11278690659;B
20241009;111719;1217.6;33;11278690660;B
20241009;111719;1217.6;13;11278690661;B
20241009;111719;1217.8;99;11278690662;B
20241009;111719;1217.8;40;11278690663;B
20241009;111719;1218;27;11278690664;B
20241009;111719;1218.2;13;11278690665;B
20241009;111726;1216.6;87;11278695891;S
20241009;111746;1216.6;8;11278713326;S
20241009;111756;1216.2;10;11278722238;S
20241009;111757;1217;12;11278722385;B
20241009;111757;1217.2;13;11278722386;B
20241009;111757;1217.2;36;11278722387;B
20241009;111816;1217.6;100;11278740597;S
20241009;111816;1217.6;9;11278740598;S
20241009;111826;1217.4;44;11278750135;S
20241009;111826;1217.4;7;11278750136;S
20241009;111839;1217.8;1;11278762704;B
20241009;111843;1217.8;11;11278767332;B
20241009;111846;1217.8;139;11278770483;S
20241009;111858;1217.2;4;11278781658;S
20241009;111858;1217.2;4;11278781659;S
20241009;111858;1217.2;2;11278781660;S
20241009;111858;1217.2;5;11278781661;S
20241009;111859;1217.6;5;11278783809;B
20241009;111859;1217.6;1;11278783810;B
20241009;111859;1217.6;13;11278783811;B
20241009;111859;1217.8;10;11278783812;B
20241009;111859;1217.8;5;11278783813;B
20241009;111859;1217.8;108;11278783814;B
20241009;111859;1218.2;143;11278783815;B
20241009;111859;1218.4;40;11278783816;B
20241009;111859;1218.6;1;11278783817;B
20241009;111859;1218.8;1;11278783818;B
20241009;111859;1218.8;1;11278783819;B
20241009;111859;1218.8;7;11278783820;B
20241009;111859;1218.8;10;11278783821;B
20241009;111859;1219;1;11278783822;B
20241009;111859;1219;1;11278783823;B
20241009;111859;1219;43;11278783824;B
20241009;111900;1219;13;11278784029;B
20241009;111900;1219.2;10;11278784030;B
20241009;111900;1219.2;58;11278784031;B
20241009;111901;1219.2;25;11278784360;B
20241009;111902;1219.2;163;11278786029;B
20241009;111903;1219.2;50;11278787176;B
20241009;111908;1219;4;11278792749;B
20241009;111908;1219.2;204;11278792750;B
20241009;111908;1219.2;10;11278792751;B
20241009;111914;1219.4;1;11278798394;B
20241009;111914;1219.4;10;11278798395;B
20241009;111914;1219.6;3;11278798396;B
20241009;111914;1219.8;1;11278798397;B
20241009;111914;1219.8;7;11278798398;B
20241009;111915;1219.8;1;11278799136;B
20241009;111916;1219.8;1;11278800132;B
20241009;111916;1219.8;1;11278800248;B
20241009;111916;1219.8;1;11278800257;B
20241009;111916;1219.8;1;11278800282;B
20241009;111916;1219.8;21;11278800287;B
20241009;111916;1219.8;49;11278800288;B
20241009;111916;1220.2;1;11278800300;B
20241009;111916;1220.4;1;11278800504;B
20241009;111916;1220.4;1;11278800821;B
20241009;111916;1220;7;11278800930;S
20241009;111916;1220;48;11278800931;S
20241009;111916;1219.8;13;11278800932;S
20241009;111916;1219.8;7;11278800933;S
20241009;111916;1219.6;78;11278800934;S
20241009;111916;1219.4;20;11278800935;S
20241009;111916;1219.4;81;11278800936;S
20241009;111916;1219.4;62;11278800937;B
20241009;111917;1220.6;1;11278801113;B
20241009;111917;1220.6;1;11278801414;B
20241009;111917;1220.6;12;11278801593;B
20241009;111917;1220.6;40;11278801594;B
20241009;111917;1220.8;48;11278801595;B
20241009;111917;1220.8;1;11278801599;B
20241009;111917;1220.2;1;11278801637;B
20241009;111917;1220.2;1;11278801639;B
20241009;111917;1220.4;1;11278801649;B
20241009;111917;1220.4;1;11278801706;B
20241009;111918;1220.8;1;11278801739;B
20241009;111918;1220.8;1;11278802088;B
20241009;111919;1220.8;1;11278803330;B
20241009;111919;1220.6;1;11278803539;B
20241009;111926;1220.4;24;11278809824;B
20241009;111926;1220.4;4;11278809825;B
20241009;111926;1220.6;20;11278809826;B
20241009;111926;1220.6;1;11278809827;B
20241009;111926;1220.6;50;11278809828;B
20241009;111926;1220.8;1;11278809829;B
20241009;111928;1220.6;81;11278811270;B
20241009;111928;1220.8;50;11278811271;B
20241009;111928;1220.8;15;11278811272;B
20241009;111928;1220.6;31;11278812579;B
20241009;111928;1220.8;10;11278812580;B
20241009;111928;1220.8;2;11278812581;B
20241009;111928;1220.8;10;11278812582;B
20241009;111928;1220.8;10;11278812583;B
20241009;111928;1220.8;4;11278812584;B
20241009;111928;1220.8;11;11278812585;B
20241009;111928;1220.8;4;11278812586;B
20241009;111929;1220.8;77;11278812597;B
20241009;111929;1220.8;1;11278812674;S
20241009;111931;1220.8;22;11278814356;S
20241009;111934;1220.6;3;11278818477;B
20241009;111934;1220.6;81;11278818478;B
20241009;111934;1220.8;28;11278818479;B
20241009;111934;1220.8;20;11278818480;B
20241009;111934;1220.8;13;11278818481;B
20241009;111934;1220.8;5;11278818482;B
20241009;111935;1220;1;11278818651;S
20241009;111935;1220;25;11278818652;B
20241009;111935;1220.6;1;11278819231;B
20241009;111935;1220.8;35;11278819232;B
20241009;111935;1220.8;50;11278819233;B
20241009;111935;1221;10;11278819234;B
20241009;111935;1220.8;1;11278820111;S
20241009;111941;1220;10;11278824641;S
20241009;111941;1220;40;11278824642;S
20241009;111942;1220;42;11278826485;S
20241009;111942;1220;8;11278826486;S
20241009;111946;1220;12;11278831235;S
20241009;111946;1220;5;11278831236;S
20241009;111948;1220.4;5;11278833239;B
20241009;111951;1220.4;50;11278836678;B
20241009;111952;1220.6;20;11278836778;B
20241009;111954;1220.6;1;11278838918;B
20241009;111954;1220.6;19;11278838919;B
20241009;111956;1220.6;21;11278841211;B
20241009;111956;1220.6;15;11278841212;B
20241009;111956;1220.6;4;11278841213;B
20241009;111956;1220.6;10;11278841214;B
20241009;111956;1220.6;50;11278841229;S
20241009;111956;1220.8;41;11278841342;B
20241009;111956;1220.6;100;11278841729;S
20241009;111957;1220.6;13;11278842693;B
20241009;111957;1220.6;106;11278842694;B
20241009;111957;1220.8;9;11278842695;B
20241009;111957;1220.8;100;11278842696;B
20241009;111957;1220.8;40;11278842697;B
20241009;111957;1221;163;11278842698;B
20241009;111957;1221;10;11278842699;B
20241009;111957;1221.2;10;11278842700;B
20241009;111957;1221.4;82;11278842701;B
20241009;111957;1221.4;1;11278842702;B
20241009;111957;1221.8;3;11278842703;B
20241009;111957;1221.8;2;11278842704;B
20241009;111957;1222;6;11278842705;B
20241009;111957;1222;1;11278842706;B
20241009;111957;1222;163;11278842707;B
20241009;111957;1222.4;19;11278842708;B
20241009;111957;1222.4;242;11278842709;B
20241009;111957;1222.4;81;11278842710;B
20241009;111957;1222.4;49;11278842711;B
20241009;111958;1222.4;29;11278842802;B
20241009;111958;1222.4;3;11278842803;B
20241009;111958;1222.6;68;11278842804;B
20241009;112003;1221.4;50;11278848143;B
20241009;112003;1222;99;11278848144;B
20241009;112003;1222.2;40;11278848145;B
20241009;112003;1222.4;10;11278848146;B
20241009;112003;1222.4;13;11278848147;B
20241009;112003;1222.6;14;11278848148;B
20241009;112003;1222.6;41;11278848149;B
20241009;112003;1222.6;10;11278848150;B
20241009;112003;1222.8;1;11278848151;B
20241009;112003;1222.8;41;11278848152;B
20241009;112003;1223;10;11278848153;B
20241009;112003;1223;41;11278848154;B
20241009;112003;1223;10;11278848155;B
20241009;112003;1223.2;10;11278848156;B
20241009;112003;1223.4;10;11278848157;B
20241009;112003;1223.4;6;11278848158;B
20241009;112003;1223.6;94;11278848159;B
20241009;112015;1221.6;13;11278860860;S
20241009;112016;1220.6;13;11278862760;S
20241009;112016;1220.6;10;11278862761;S
20241009;112016;1220.6;10;11278862762;S
20241009;112016;1220.6;6;11278862763;S
20241009;112019;1220;100;11278864955;S
20241009;112021;1220;13;11278866082;S
20241009;112021;1219.8;2;11278866083;S
20241009;112021;1219.6;7;11278866084;S
20241009;112027;1219.4;13;11278870634;S
20241009;112032;1219.4;2;11278875605;S
20241009;112032;1219.2;3;11278875606;S
20241009;112039;1220;5;11278881670;S
20241009;112040;1220;5;11278882141;B
20241009;112042;1220;3;11278884305;B
20241009;112047;1219.4;3;11278888062;S
20241009;112047;1219.4;30;11278888063;S
20241009;112047;1219.8;15;11278888610;B
20241009;112047;1220;14;11278888611;B
20241009;112047;1220;3;11278888630;B
20241009;112047;1220;10;11278888631;B
20241009;112047;1220;10;11278888635;B
20241009;112047;1220.2;16;11278888636;B
20241009;112047;1220.2;13;11278888637;B
20241009;112047;1220.4;5;11278888641;B
20241009;112048;1220.4;30;11278890108;B
20241009;112048;1220.4;12;11278890109;B
20241009;112048;1220.4;39;11278890110;B
20241009;112048;1220.6;11;11278890111;B
20241009;112051;1220.6;23;11278891469;B
20241009;112051;1220.6;8;11278891473;B
20241009;112052;1220.4;1;11278893527;S
20241009;112057;1220.4;1;11278896454;S
20241009;112117;1219.6;23;11278915308;S
20241009;112117;1219.6;20;11278915309;S
20241009;112119;1220.2;4;11278917499;B
20241009;112121;1219.4;10;11278919491;B
20241009;112123;1219.4;2;11278922288;B
20241009;112125;1219;4;11278923274;S
20241009;112125;1219;11;11278923275;S
20241009;112127;1219;39;11278924654;S
20241009;112127;1219;28;11278924655;S
20241009;112129;1218.8;23;11278927443;S
20241009;112132;1219.4;1;11278931174;B
20241009;112132;1220;16;11278931175;B
20241009;112132;1220.2;4;11278931176;B
20241009;112135;1220.2;4;11278932920;B
20241009;112135;1220.4;19;11278932921;B
20241009;112135;1220.4;17;11278933850;B
20241009;112140;1219.4;8;11278937964;S
20241009;112147;1219.6;81;11278943957;S
20241009;112153;1219.4;24;11278944639;S
20241009;112154;1220.4;1;11278944768;B
20241009;112155;1220.4;1;11278944847;B
20241009;112157;1219.4;176;11278945057;S
20241009;112157;1219.4;5;11278945058;S
20241009;112157;1219.4;27;11278945059;S
20241009;112217;1219;40;11278947448;S
20241009;112220;1219.8;12;11278947881;B
20241009;112220;1220;18;11278947882;B
20241009;112227;1219.4;13;11278948595;S
20241009;112227;1219;19;11278948596;S
20241009;112227;1219;1;11278948597;S
20241009;112230;1220;1;11278949009;B
20241009;112232;1220;124;11278949187;B
20241009;112232;1220.2;76;11278949188;B
20241009;112238;1220.2;1;11278950100;B
20241009;112247;1219.4;13;11278951223;S
20241009;112257;1219.4;13;11278952326;S
20241009;112257;1220.2;14;11278952359;B
20241009;112317;1219.2;13;11278954661;S
20241009;112317;1219.2;12;11278954662;S
20241009;112319;1220;10;11278954879;B
20241009;112319;1220;15;11278954880;B
20241009;112319;1220.2;4;11278954881;B
20241009;112327;1219.2;113;11278955333;S
20241009;112327;1219.2;17;11278955334;S
20241009;112327;1219.2;1;11278955335;S
20241009;112344;1219.2;8;11278956723;S
20241009;112347;1219.2;42;11278956907;S
20241009;112347;1219.2;1;11278956908;S
20241009;112347;1219.2;12;11278956909;S
20241009;112357;1219;30;11278957596;S
20241009;112357;1219.4;3;11278957621;B
20241009;112357;1219.4;5;11278957624;B
20241009;112417;1218.8;59;11278959073;S
20241009;112417;1218.8;10;11278959074;S
20241009;112417;1218.8;3;11278959075;S
20241009;112417;1218.6;55;11278959076;S
20241009;112422;1218.6;1;11278959494;S
20241009;112427;1218.6;19;11278959737;S
20241009;112427;1218.6;12;11278959738;S
20241009;112427;1218.6;2;11278959739;S
20241009;112435;1218.4;10;11278960685;S
20241009;112435;1218.4;1;11278960702;S
20241009;112436;1218.4;30;11278960710;S
20241009;112436;1218.4;20;11278960711;S
20241009;112436;1218.4;24;11278960712;S
20241009;112436;1218.4;26;11278960713;S
20241009;112436;1218.4;94;11278960769;S
20241009;112436;1218.4;30;11278960770;S
20241009;112436;1218.4;22;11278960771;S
20241009;112438;1218.4;178;11278960944;S
20241009;112438;1218.4;5;11278960945;S
20241009;112438;1218.4;20;11278960946;S
20241009;112438;1218.2;20;11278960947;S
20241009;112438;1218.2;3;11278960948;S
20241009;112438;1218.2;18;11278960949;S
20241009;112438;1218;164;11278960950;S
20241009;112438;1218;5;11278960987;S
20241009;112439;1218.2;18;11278961058;S
20241009;112440;1218.2;2;11278961116;S
20241009;112440;1218;80;11278961117;S
20241009;112447;1218;351;11278961636;S
20241009;112447;1218;100;11278961637;S
20241009;112447;1218;23;11278961638;S
20241009;112448;1218;50;11278961729;S
20241009;112501;1218;27;11278962753;S
20241009;112501;1218;3;11278962754;S
20241009;112503;1218.4;1;11278962971;B
20241009;112506;1218;5;11278963208;S
20241009;112513;1218;42;11278964167;S
20241009;112513;1218;1;11278964168;S
20241009;112513;1218;360;11278964169;S
20241009;112513;1218;3;11278964170;S
20241009;112513;1218;1;11278964171;S
20241009;112514;1217.8;1;11278964251;B
20241009;112516;1217.8;1;11278964834;B
20241009;112517;1217.2;2;11278964896;S
20241009;112517;1217.2;4;11278964897;S
20241009;112517;1217.2;30;11278964898;S
20241009;112517;1217.2;30;11278964899;S
20241009;112523;1216.4;9;11278966326;S
20241009;112523;1216.4;5;11278966327;S
20241009;112523;1216.4;6;11278966328;S
20241009;112523;1216.4;5;11278966329;S
20241009;112523;1216.2;75;11278966330;S
20241009;112524;1217;5;11278966375;B
20241009;112530;1216;83;11278966961;S
20241009;112530;1216;3;11278966993;S
20241009;112531;1216;3;11278967049;S
20241009;112531;1216;26;11278967050;S
20241009;112531;1216;29;11278967052;S
20241009;112531;1216;1;11278967053;S
20241009;112531;1216;1;11278967054;S
20241009;112531;1216;19;11278967055;S
20241009;112533;1216;29;11278967309;S
20241009;112533;1216;30;11278967311;S
20241009;112533;1216;10;11278967312;S
20241009;112533;1216;12;11278967313;S
20241009;112533;1216;5;11278967319;S
20241009;112534;1216;2;11278967526;S
20241009;112535;1216;83;11278967637;S
20241009;112535;1216;13;11278967639;S
20241009;112535;1216;23;11278967640;S
20241009;112535;1216;8;11278967641;S
20241009;112539;1216;871;11278967998;S
20241009;112539;1216;1;11278967999;S
20241009;112539;1216;1;11278968000;S
20241009;112539;1215.6;1;11278968002;S
20241009;112541;1215.8;75;11278968217;B
20241009;112541;1215.8;13;11278968218;B
20241009;112541;1216;12;11278968219;B
20241009;112541;1216;3;11278968222;B
20241009;112543;1215.6;30;11278968411;B
20241009;112544;1215.8;2;11278968484;B
20241009;112545;1215.8;2;11278968716;B
20241009;112547;1215.4;20;11278968817;S
20241009;112547;1215.4;1;11278968818;S
20241009;112547;1215.4;4;11278968819;S
20241009;112550;1215.4;13;11278969260;B
20241009;112550;1215.8;19;11278969261;B
20241009;112551;1215.2;40;11278969389;S
20241009;112551;1215.2;1;11278969390;S
20241009;112551;1215.2;2;11278969391;S
20241009;112551;1215.2;26;11278969392;S
20241009;112551;1215;1;11278969393;S
20241009;112551;1215;5;11278969394;S
20241009;112551;1215;20;11278969395;S
20241009;112551;1215;5;11278969396;S
20241009;112551;1215;4;11278969397;S
20241009;112551;1215;2;11278969398;S
20241009;112551;1215;1;11278969399;S
20241009;112551;1215;100;11278969400;S
20241009;112551;1215;1;11278969401;S
20241009;112551;1215;26;11278969402;S
20241009;112551;1215;13;11278969403;S
20241009;112551;1214.8;1;11278969404;S
20241009;112551;1214.8;3;11278969405;S
20241009;112551;1214.6;1;11278969406;S
20241009;112551;1214.6;3;11278969407;S
20241009;112551;1214.6;15;11278969408;S
20241009;112551;1214.4;30;11278969409;S
20241009;112552;1214.6;4;11278969510;S
20241009;112552;1214.6;2;11278969511;S
20241009;112552;1214.6;60;11278969549;S
20241009;112554;1215.4;2;11278969698;B
20241009;112557;1214.4;131;11278969988;S
20241009;112557;1214.4;164;11278969989;S
20241009;112601;1214;30;11278970432;S
20241009;112601;1214;50;11278970433;S
20241009;112601;1214;2;11278970434;S
20241009;112601;1214;180;11278970435;S
20241009;112603;1213.8;6;11278970568;S
20241009;112603;1213.8;1;11278970569;S
20241009;112603;1213.6;10;11278970570;S
20241009;112603;1213.6;3;11278970571;S
20241009;112603;1213.6;7;11278970574;S
20241009;112603;1213.6;1;11278970575;S
20241009;112603;1213.6;3;11278970576;S
20241009;112603;1213.6;3;11278970577;S
20241009;112604;1213.4;10;11278970618;S
20241009;112604;1213.4;10;11278970619;S
20241009;112604;1213.8;6;11278970620;B
20241009;112607;1213.8;2;11278970913;B
20241009;112607;1214;1;11278970963;B
20241009;112612;1213.6;1;11278971488;S
20241009;112612;1213.4;20;11278971489;S
20241009;112617;1213.2;20;11278972009;S
20241009;112617;1213.2;40;11278972010;S
20241009;112623;1214;4;11278972628;S
20241009;112625;1213;1;11278972745;S
20241009;112627;1213;4;11278972874;S
20241009;112627;1213;1;11278972875;S
20241009;112627;1213;40;11278972876;S
20241009;112628;1212.8;50;11278972979;S
20241009;112631;1213;5;11278973197;B
20241009;112632;1213;5;11278973312;B
20241009;112634;1212.6;1;11278973505;S
20241009;112634;1212.6;4;11278973506;S
20241009;112635;1212.4;3;11278973558;S
20241009;112635;1212.4;3;11278973559;S
20241009;112635;1213;1;11278973601;B
20241009;112636;1213;50;11278973659;B
20241009;112636;1213;17;11278973660;B
20241009;112647;1213.8;135;11278974578;S
20241009;112649;1213.6;3;11278974829;S
20241009;112649;1213.4;81;11278974830;S
20241009;112649;1213.4;81;11278974831;S
20241009;112649;1213.2;250;11278974832;S
20241009;112649;1213;13;11278974833;S
20241009;112649;1212.8;105;11278974834;S
20241009;112649;1212.6;63;11278974835;S
20241009;112702;1213.8;132;11278975871;S
20241009;112706;1213.8;118;11278976273;S
20241009;112706;1213.6;1;11278976274;S
20241009;112706;1213.6;5;11278976275;S
20241009;112706;1213.6;25;11278976276;S
20241009;112711;1213.6;1;11278976933;B
20241009;112716;1214.2;1;11278977370;B
20241009;112716;1214;49;11278977433;S
20241009;112716;1213.8;20;11278977434;S
20241009;112716;1213.6;20;11278977435;S
20241009;112716;1213.6;11;11278977436;S
20241009;112726;1213.6;8;11278978148;S
20241009;112727;1213.6;64;11278978232;S
20241009;112727;1213.8;81;11278978267;B
20241009;112727;1213.8;19;11278978312;S
20241009;112727;1213.8;1;11278978313;S
20241009;112735;1214.2;2;11278978992;B
20241009;112735;1214.2;4;11278978993;B
20241009;112735;1214.4;4;11278978994;B
20241009;112735;1215;14;11278978995;B
20241009;112735;1215.2;13;11278978996;B
20241009;112735;1215.2;14;11278978997;B
20241009;112735;1215.2;10;11278978998;B
20241009;112735;1215.2;71;11278978999;S
20241009;112738;1215.2;1;11278979281;S
20241009;112746;1215.8;1;11278980328;B
20241009;112747;1216;1;11278980675;B
20241009;112747;1216;2;11278980676;B
20241009;112751;1216.6;4;11278981153;B
20241009;112751;1216.6;10;11278981154;B
20241009;112751;1216.8;2;11278981155;B
20241009;112751;1216.8;91;11278981156;B
20241009;112751;1216.8;20;11278981157;B
20241009;112751;1217;24;11278981158;B
20241009;112751;1217;4;11278981159;B
20241009;112751;1217;110;11278981160;B
20241009;112751;1217;1;11278981161;B
20241009;112751;1217;1;11278981162;B
20241009;112756;1218;1;11278981878;B
20241009;112756;1218;5;11278981879;B
20241009;112756;1218;5;11278981880;B
20241009;112830;1218;5;11278985600;B
20241009;112830;1218;5;11278985601;B
20241009;112830;1218;4;11278985602;B
20241009;112830;1218.2;47;11278985603;B
20241009;112830;1218.4;39;11278985604;B
20241009;112848;1216.8;3;11278987199;S
20241009;112848;1216.8;10;11278987200;S
20241009;112848;1216.8;20;11278987201;S
20241009;112848;1216.6;1;11278987202;S
20241009;112848;1216.6;13;11278987203;S
20241009;112848;1216.6;3;11278987204;S
20241009;112848;1216.2;30;11278987205;S
20241009;112853;1215.8;1;11278987590;B
20241009;112853;1215.8;1;11278987591;B
20241009;112853;1216;7;11278987592;B
20241009;112907;1216;93;11278988768;B
20241009;112907;1216;7;11278988769;S
20241009;112908;1215.4;1;11278988864;S
20241009;112908;1215.4;136;11278988865;S
20241009;112908;1215.2;137;11278988866;S
20241009;112908;1215.2;5;11278988867;S
20241009;112908;1216.2;13;11278988875;B
20241009;112908;1216.4;40;11278988876;B
20241009;112908;1216.6;100;11278988877;B
20241009;112908;1217;119;11278988878;B
20241009;112908;1217.2;1;11278988879;B
20241009;112908;1217.2;20;11278988880;B
20241009;112908;1217.6;40;11278988881;B
20241009;112908;1217.8;5;11278988882;B
20241009;112908;1217.8;5;11278988883;B
20241009;112908;1217.8;137;11278988884;B
20241009;112923;1218.4;1;11278990458;S
20241009;112940;1217.8;2;11278991905;B
20241009;112940;1217.8;3;11278991906;S
20241009;112942;1217.8;13;11278992065;B
20241009;112943;1217.8;11;11278992116;S
20241009;112943;1217.8;2;11278992180;B
20241009;113016;1217.8;9;11278994700;B
20241009;113044;1217.2;3;11278996489;S
20241009;113044;1217;3;11278996490;S
20241009;113044;1217;1;11278996491;S
20241009;113044;1217;4;11278996492;S
20241009;113044;1216.8;4;11278996493;S
20241009;113044;1216.4;7;11278996494;S
20241009;113059;1216.2;58;11278997363;S
20241009;113059;1216;1;11278997364;S
20241009;113059;1216;4;11278997365;S
20241009;113059;1215.8;3;11278997366;S
20241009;113059;1215.8;4;11278997367;S
20241009;113059;1215.4;5;11278997368;S
20241009;113059;1215.4;10;11278997369;S
20241009;113059;1215.4;191;11278997370;S
20241009;113114;1215.6;1;11278998791;S
20241009;113115;1216.6;1;11278998911;B
20241009;113115;1216.8;1;11278998912;B
20241009;113150;1217;1;11279002667;B
20241009;113211;1216.8;1;11279004568;S
20241009;113247;1217;8;11279006962;B
20241009;113247;1217.4;5;11279006963;B
20241009;113247;1217.4;10;11279006964;B
20241009;113247;1217.6;5;11279006965;B
20241009;113247;1217.8;3;11279006966;B
20241009;113247;1217.8;40;11279006967;B
20241009;113247;1217.8;7;11279006968;B
20241009;113247;1218;13;11279006969;B
20241009;113251;1218.2;1;11279007145;B
20241009;113251;1218.2;4;11279007146;B
20241009;113305;1218.2;333;11279008081;B
20241009;113308;1218.2;2;11279008301;B
20241009;113311;1218.2;21;11279008513;B
20241009;113321;1218.2;1;11279009547;S
20241009;113349;1218.2;5;11279011880;S
20241009;113402;1218.4;1;11279012674;S
20241009;113417;1218.8;3;11279013847;B
20241009;113434;1218.8;120;11279015002;B
20241009;113434;1218.8;10;11279015003;B
20241009;113434;1218.8;2;11279015004;B
20241009;113434;1218.8;2;11279015021;B
20241009;113440;1218.8;1;11279015478;B
20241009;113440;1219;1;11279015496;B
20241009;113454;1219;5;11279016410;B
20241009;113454;1219;10;11279016411;B
20241009;113454;1219;1;11279016412;B
20241009;113454;1219.2;4;11279016420;B
20241009;113456;1219.2;4;11279016564;B
20241009;113456;1219.8;1;11279016565;B
20241009;113459;1219;9;11279016617;S
20241009;113459;1219;10;11279016618;S
20241009;113459;1219;1;11279016662;B
20241009;113459;1219;1;11279016734;B
20241009;113500;1219;1;11279016776;B
20241009;113500;1219;1;11279016797;B
20241009;113500;1219;1;11279016859;B
20241009;113500;1218.8;1;11279016860;S
20241009;113500;1218.8;1;11279016861;S
20241009;113500;1218.2;10;11279016862;S
20241009;113500;1218.2;2;11279016863;S
20241009;113520;1219;16;11279018364;B
20241009;113522;1219;3;11279018455;S
20241009;113539;1219;17;11279019908;B
20241009;113539;1219;10;11279019909;B
20241009;113553;1219.2;1;11279021300;S
20241009;113619;1219.2;3;11279023628;S
20241009;113619;1219.2;1;11279023629;B
20241009;113619;1219.2;1;11279023630;B
20241009;113619;1219.2;3;11279023631;B
20241009;113619;1219.8;1;11279023730;B
20241009;113633;1219.2;1;11279024897;S
20241009;113647;1219.2;3;11279026142;S
20241009;113647;1219.2;17;11279026143;B
20241009;113647;1219.2;22;11279026144;B
20241009;113650;1219.8;1;11279026416;B
20241009;113650;1219.8;2;11279026425;B
20241009;113651;1219.6;1;11279026618;S
20241009;113654;1219.8;2;11279027176;B
20241009;113700;1219.6;2;11279027763;S
20241009;113700;1219.6;10;11279027764;S
20241009;113703;1219.4;1;11279027964;S
20241009;113704;1219.6;8;11279028048;B
20241009;113704;1219.4;6;11279028068;S
20241009;113704;1219.4;2;11279028069;S
20241009;113704;1219.4;3;11279028070;S
20241009;113704;1219.2;19;11279028071;S
20241009;113725;1219.4;1;11279030295;S
20241009;113755;1219.6;25;11279032720;B
20241009;113755;1219.8;1;11279032753;B
20241009;113801;1219.8;3;11279033222;B
20241009;113806;1219.6;1;11279033594;S
20241009;113832;1219.8;1;11279035825;B
20241009;113832;1219.8;1;11279035841;B
20241009;113835;1219.6;1;11279035996;S
20241009;113845;1219.6;1;11279037499;S
20241009;113910;1219.6;1;11279040310;S
20241009;113910;1219.8;1;11279040333;B
20241009;113920;1219.6;1;11279041091;S
20241009;113945;1219.8;2;11279042751;B
20241009;113945;1219.8;9;11279042752;B
20241009;113945;1219.8;10;11279042753;B
20241009;113945;1220;5;11279042754;B
20241009;113945;1220;1;11279042755;B
20241009;113945;1220;3;11279042756;B
20241009;113945;1220;1;11279042757;B
20241009;113945;1220;19;11279042758;B
20241009;113947;1220;1;11279042958;B
20241009;113958;1219.6;1;11279043659;S
20241009;114009;1220;4;11279044714;B
20241009;114031;1220;25;11279046685;B
20241009;114031;1220;1;11279046695;B
20241009;114033;1219.6;3;11279046911;S
20241009;114040;1220;5;11279047389;B
20241009;114043;1220;1;11279047641;B
20241009;114043;1219.6;1;11279047673;S
20241009;114047;1220;64;11279047941;B
20241009;114047;1220;3;11279047942;B
20241009;114047;1220;3;11279047963;S
20241009;114053;1220.2;10;11279048511;B
20241009;114101;1220;5;11279049336;S
20241009;114102;1219.6;5;11279049586;S
20241009;114102;1219.6;39;11279049587;S
20241009;114102;1219.6;2;11279049588;S
20241009;114102;1219.6;1;11279049589;S
20241009;114102;1219.2;31;11279049591;S
20241009;114103;1219;15;11279049753;S
20241009;114103;1219;5;11279049754;S
20241009;114104;1219;1;11279049858;B
20241009;114106;1219.4;1;11279050024;B
20241009;114109;1219.2;4;11279050194;B
20241009;114242;1220.2;1;11279056339;B
20241009;114242;1220.2;2;11279056359;B
20241009;114309;1220.2;5;11279058012;B
20241009;114330;1219.6;2;11279059513;S
20241009;114330;1219.4;6;11279059514;S
20241009;114330;1219.4;2;11279059515;S
20241009;114330;1219.2;2;11279059516;S
20241009;114330;1219.2;8;11279059517;S
20241009;114335;1220.2;1;11279059789;B
20241009;114335;1220.4;1;11279059810;B
20241009;114335;1220.4;2;11279059811;B
20241009;114335;1220.6;2;11279059812;B
20241009;114346;1220.8;1;11279060465;B
20241009;114351;1219.8;2;11279060868;S
20241009;114407;1219.8;1;11279061865;S
20241009;114429;1220.8;2;11279063524;B
20241009;114429;1220.8;30;11279063525;B
20241009;114429;1221;1;11279063526;B
20241009;114429;1221;3;11279063527;B
20241009;114429;1221.2;3;11279063528;B
20241009;114429;1221.2;6;11279063529;B
20241009;114429;1221.4;82;11279063530;B
20241009;114429;1221.4;40;11279063531;B
20241009;114429;1221.4;13;11279063532;B
20241009;114429;1221.8;220;11279063533;B
20241009;114430;1221.8;2;11279063584;B
20241009;114458;1221;2;11279065363;B
20241009;114458;1221.2;2;11279065364;B
20241009;114458;1221.2;6;11279065365;B
20241009;114458;1221.4;81;11279065366;B
20241009;114458;1221.4;7;11279065367;B
20241009;114458;1221.4;1;11279065368;B
20241009;114458;1221.4;1;11279065369;B
20241009;114508;1221.2;32;11279065901;B
20241009;114508;1221.4;40;11279065902;B
20241009;114508;1221.4;13;11279065903;B
20241009;114508;1221.6;15;11279065904;B
20241009;114549;1221.4;1;11279068541;B
20241009;114553;1220.6;10;11279068783;S
20241009;114627;1221.6;40;11279071386;B
20241009;114632;1221.6;13;11279071749;B
20241009;114634;1221.2;1;11279072043;S
20241009;114649;1220.8;1;11279073151;S
20241009;114649;1220.8;9;11279073152;S
20241009;114649;1220.6;11;11279073153;S
20241009;114649;1220.6;1;11279073154;S
20241009;114649;1220.6;25;11279073155;S
20241009;114649;1220.6;23;11279073156;S
20241009;114840;1220.6;2;11279080425;S
20241009;114840;1220.6;1;11279080426;S
20241009;114840;1220;2;11279080427;S
20241009;114840;1220;5;11279080428;S
20241009;114840;1219.8;14;11279080429;S
20241009;114840;1219.8;5;11279080430;S
20241009;114840;1219.6;1;11279080431;S
20241009;114840;1220.6;1;11279080437;B
20241009;114912;1219.6;19;11279082385;S
20241009;114925;1219.6;1;11279083154;S
20241009;114925;1219.6;2;11279083155;S
20241009;114947;1220.4;1;11279085041;B
20241009;114947;1220.4;4;11279085042;S
20241009;115000;1220.6;1;11279085867;B
20241009;115021;1220.6;6;11279087393;S
20241009;115030;1220.6;2;11279088181;S
20241009;115039;1220.6;5;11279088684;S
20241009;115041;1220.6;20;11279088980;S
20241009;115058;1220.6;2;11279090016;S
20241009;115058;1220.2;7;11279090017;S
20241009;115100;1220.8;1;11279090115;B
20241009;115100;1220.8;1;11279090116;B
20241009;115116;1220.8;10;11279091031;S
20241009;115155;1219.8;2;11279094035;S
20241009;115155;1219.6;45;11279094036;S
20241009;115155;1219.6;2;11279094037;S
20241009;115211;1219.6;1;11279095194;B
20241009;115218;1220.6;2;11279095580;B
20241009;115250;1219.6;1;11279097764;S
20241009;115313;1219.6;2;11279099699;S
20241009;115338;1219.6;96;11279101097;S
20241009;115338;1219.4;4;11279101098;S
20241009;115350;1219.6;30;11279101842;B
20241009;115408;1219.6;3;11279103023;B
20241009;115430;1219.6;5;11279104280;B
20241009;115431;1219.4;3;11279104289;S
20241009;115435;1219.4;4;11279104586;S
20241009;115451;1219.6;7;11279105509;B
20241009;115521;1219.4;3;11279107353;S
20241009;115521;1219.6;3;11279107365;B
20241009;115525;1219.4;11;11279107574;S
20241009;115525;1219.4;50;11279107575;S
20241009;115525;1219.4;1;11279107576;S
20241009;115525;1219.4;5;11279107577;S
20241009;115525;1219.4;1;11279107578;S
20241009;115527;1219.4;2;11279107650;B
20241009;115534;1219.2;1;11279108060;S
20241009;115538;1219;5;11279108269;S
20241009;115618;1219.4;5;11279110843;B
20241009;115619;1219;3;11279110860;S
20241009;115628;1219;15;11279111483;S
20241009;115643;1219;3;11279112603;S
20241009;115643;1219.4;1;11279112616;B
20241009;115643;1219;1;11279112618;S
20241009;115655;1219;3;11279113379;S
20241009;115655;1219;2;11279113380;S
20241009;115709;1219.4;2;11279114392;B
20241009;115714;1219.4;27;11279114885;B
20241009;115728;1219;22;11279116099;S
20241009;115728;1219;1;11279116100;S
20241009;115728;1219;20;11279116101;S
20241009;115728;1219;1;11279116102;S
20241009;115728;1219;2;11279116103;S
20241009;115728;1219;1;11279116104;S
20241009;120004;1219.2;6;11279126949;B
20241009;120004;1219.2;2;11279126950;S
20241009;120005;1219.4;3;11279126969;B
20241009;120011;1218.8;5;11279127419;S
20241009;120011;1218.8;9;11279127426;S
20241009;120011;1218.8;1;11279127427;S
20241009;120011;1218.6;20;11279127428;S
20241009;120011;1218.6;3;11279127429;S
20241009;120011;1218.6;1;11279127430;S
20241009;120011;1218.4;1;11279127431;S
20241009;120011;1218.2;10;11279127432;S
20241009;120011;1218.2;1;11279127433;S
20241009;120011;1218.2;6;11279127434;S
20241009;120011;1218;1;11279127435;S
20241009;120011;1218;24;11279127436;S
20241009;120011;1218;1;11279127437;S
20241009;120011;1218;6;11279127438;S
20241009;120011;1217.6;1;11279127439;S
20241009;120011;1217.6;15;11279127440;S
20241009;120041;1218.8;3;11279129675;B
20241009;120041;1218.8;5;11279129676;B
20241009;120049;1217.8;1;11279130365;S
20241009;120051;1217.6;1;11279130503;S
20241009;120103;1217.6;16;11279131634;S
20241009;120126;1218.8;5;11279133584;B
20241009;120132;1217.8;1;11279134042;S
20241009;120154;1219;1;11279135571;B
20241009;120154;1217.8;1;11279135582;S
20241009;120154;1217.8;2;11279135583;S
20241009;120359;1219;2;11279144631;B
20241009;120401;1217.8;2;11279144847;S
20241009;120401;1217.8;6;11279144848;S
20241009;120411;1217.8;1;11279145803;B
20241009;120423;1217.6;1;11279146441;S
20241009;120437;1217.8;1;11279147388;B
20241009;120513;1217.6;1;11279149515;S
20241009;120526;1217.6;1;11279150376;S
20241009;120526;1217.6;1;11279150377;S
20241009;120526;1217.6;1;11279150378;S
20241009;120526;1217.4;47;11279150379;S
20241009;120527;1217.4;12;11279150417;S
20241009;120550;1217.8;3;11279152241;B
20241009;120604;1217.8;2;11279153244;B
20241009;120629;1217.8;2;11279155366;B
20241009;120701;1217.8;2;11279157935;B
20241009;120739;1217.6;2;11279160872;S
20241009;120741;1217.8;1;11279161086;B
20241009;120753;1217.8;5;11279162059;B
20241009;120753;1217.8;25;11279162060;B
20241009;120753;1217.8;8;11279162061;B
20241009;120753;1218;8;11279162062;B
20241009;120822;1218;1;11279164412;S
20241009;120834;1218;3;11279165195;S
20241009;120847;1218;17;11279166187;B
20241009;120847;1218;5;11279166188;B
20241009;121049;1218.4;1;11279179370;S
20241009;121059;1219;1;11279180151;B
20241009;121059;1219.2;8;11279180152;B
20241009;121059;1219.4;4;11279180185;B
20241009;121110;1219;1;11279180919;B
20241009;121110;1219.2;6;11279180920;B
20241009;121110;1219.4;10;11279181111;B
20241009;121113;1219.4;2;11279181711;B
20241009;121116;1219.4;46;11279181972;B
20241009;121116;1219.4;1;11279181973;B
20241009;121116;1219.6;52;11279181974;B
20241009;121116;1219.6;1;11279181975;B
20241009;121116;1219.8;1;11279181976;B
20241009;121116;1220;15;11279181977;B
20241009;121116;1220.2;7;11279181978;B
20241009;121116;1220.2;2;11279181979;B
20241009;121116;1220.2;9;11279181980;B
20241009;121116;1220.4;13;11279181981;B
20241009;121116;1220.4;16;11279181982;B
20241009;121116;1220.6;22;11279181983;B
20241009;121116;1220.6;242;11279181984;B
20241009;121116;1220.6;81;11279181985;B
20241009;121116;1220.8;168;11279181986;B
20241009;121116;1221;1;11279181987;B
20241009;121116;1221;2;11279181988;B
20241009;121116;1221;1;11279181989;B
20241009;121116;1221.2;20;11279181990;B
20241009;121119;1220.2;1;11279182210;S
20241009;121135;1220.4;2;11279183970;B
20241009;121137;1221;11;11279184136;B
20241009;121148;1220;8;11279184992;S
20241009;121204;1220;8;11279186023;S
20241009;121205;1220;2;11279186065;S
20241009;121206;1220;2;11279186145;S
20241009;121211;1220;1;11279186443;S
20241009;121213;1220;2;11279186541;S
20241009;121215;1220;1;11279186661;S
20241009;121215;1220;2;11279186690;S
20241009;121215;1220;2;11279186749;S
20241009;121216;1220;2;11279186777;S
20241009;121216;1220;3;11279186818;S
20241009;121218;1220;3;11279186936;S
20241009;121219;1220;15;11279187090;S
20241009;121219;1220;9;11279187091;S
20241009;121219;1220;1;11279187092;S
20241009;121226;1219.4;1;11279187676;S
20241009;121228;1219.4;1;11279187785;S
20241009;121231;1219.2;2;11279187997;S
20241009;121233;1219;1;11279188074;S
20241009;121233;1219;2;11279188118;S
20241009;121241;1220.2;1;11279188686;B
20241009;121241;1220.4;1;11279188687;B
20241009;121241;1220.6;1;11279188688;B
20241009;121241;1220.6;1;11279188689;B
20241009;121241;1220.6;13;11279188690;B
20241009;121241;1220.6;33;11279188691;B
20241009;121313;1219.2;5;11279191176;S
20241009;121313;1219;10;11279191177;S
20241009;121313;1219;10;11279191178;S
20241009;121313;1218.8;22;11279191179;S
20241009;121313;1218.4;3;11279191180;S
20241009;121340;1219.6;2;11279193415;B
20241009;121509;1219.6;4;11279200762;B
20241009;121509;1219.6;5;11279200763;B
20241009;121509;1219.6;1;11279200764;B
20241009;121509;1219.6;5;11279200765;B
20241009;121509;1219.8;1;11279200766;B
20241009;121509;1219.8;7;11279200767;B
20241009;121516;1219.2;4;11279201274;S
20241009;121516;1219.2;2;11279201275;S
20241009;121526;1219.4;2;11279201845;B
20241009;121527;1219.2;2;11279201905;S
20241009;121540;1219.4;1;11279202945;B
20241009;121546;1219.4;12;11279203262;B
20241009;121621;1219.8;5;11279205970;B
20241009;121622;1219.8;15;11279205978;S
20241009;121622;1219.6;5;11279205979;S
20241009;121720;1219.6;1;11279210943;S
20241009;121747;1220;1;11279213192;B
20241009;121803;1220.2;1;11279214358;B
20241009;121812;1220.4;1;11279215173;B
20241009;121831;1220.2;1;11279217450;B
20241009;121831;1220.2;9;11279217451;B
20241009;121844;1220;15;11279218522;S
20241009;121844;1219.6;4;11279218523;S
20241009;121844;1219.4;13;11279218524;S
20241009;121844;1219.4;2;11279218525;S
20241009;121844;1219.2;1;11279218526;S
20241009;121846;1219.2;2;11279218763;S
20241009;121958;1220;2;11279227182;B
