<DATE>;<TIME>;<LAST>;<VOL>;<ID>;<OPER>
20241016;095952;1240;1;11302961084;B
20241016;095952;1240;3;11302961085;B
20241016;095952;1240;1;11302961086;B
20241016;095952;1240;13;11302961087;B
20241016;100003;1238.6;1;11302963656;S
20241016;100005;1238.6;1;11302967155;S
20241016;100006;1238.6;1;11302968077;S
20241016;100008;1240;18;11302970377;B
20241016;100011;1238.8;1;11302971118;S
20241016;100032;1241.4;1;11302976074;B
20241016;100032;1242;1;11302976075;B
20241016;100032;1242.2;8;11302976076;B
20241016;100049;1240.6;1;11302979891;S
20241016;100049;1240.4;1;11302979892;S
20241016;100049;1239.8;1;11302979893;S
20241016;100049;1239.8;18;11302979894;S
20241016;100052;1240.2;1;11302980751;S
20241016;100053;1240.2;22;11302980877;S
20241016;100123;1240.2;20;11302987689;S
20241016;100147;1241.2;1;11302992445;B
20241016;100152;1240;2;11302993433;B
20241016;100206;1241.2;1;11302996665;B
20241016;100215;1241.2;1;11302998753;B
20241016;100247;1241.2;1;11303006919;B
20241016;100247;1242;7;11303006920;B
20241016;100255;1242;1;11303009320;B
20241016;100259;1242;1;11303010630;B
20241016;100259;1242;6;11303010631;B
20241016;100259;1242.2;12;11303010632;B
20241016;100306;1242.2;33;11303012199;B
20241016;100306;1242.2;1;11303012200;B
20241016;100306;1243.2;3;11303012201;B
20241016;100306;1243.6;13;11303012202;B
20241016;100310;1241.6;6;11303013230;S
20241016;100322;1243.6;1;11303017749;B
20241016;100325;1243.6;48;11303019061;B
20241016;100325;1243.8;3;11303019062;B
20241016;100325;1243.8;29;11303019063;B
20241016;100326;1242.4;1;11303019555;S
20241016;100326;1242.4;2;11303019556;S
20241016;100329;1242.2;1;11303020278;S
20241016;100329;1242.2;8;11303020279;S
20241016;100331;1242;2;11303020743;S
20241016;100332;1242;2;11303021104;S
20241016;100332;1242;1;11303021146;S
20241016;100332;1242;45;11303021194;S
20241016;100333;1242;2;11303021629;S
20241016;100334;1242;29;11303021769;S
20241016;100356;1242;42;11303028232;S
20241016;100444;1242.2;1;11303039329;S
20241016;100445;1242.2;1;11303039565;S
20241016;100505;1242.2;2;11303044447;S
20241016;100505;1242.2;3;11303044448;S
20241016;100508;1242.2;9;11303045042;S
20241016;100514;1242.2;1;11303046568;S
20241016;100514;1242.2;2;11303046607;S
20241016;100520;1242.4;15;11303047914;B
20241016;100520;1243.8;1;11303047915;B
20241016;100520;1244;1;11303047916;B
20241016;100520;1244;1;11303047917;B
20241016;100520;1244.4;13;11303047918;B
20241016;100520;1244.4;36;11303047919;B
20241016;100521;1244;6;11303048149;B
20241016;100521;1244.4;2;11303048150;B
20241016;100528;1242.8;7;11303049523;S
20241016;100528;1242.8;6;11303049524;S
20241016;100531;1242.2;6;11303050156;S
20241016;100531;1242.2;74;11303050157;S
20241016;100531;1242.2;7;11303050158;S
20241016;100554;1242.2;3;11303054397;S
20241016;100556;1242.2;1;11303054697;S
20241016;100619;1242.2;2;11303059746;S
20241016;100630;1241.4;12;11303061610;B
20241016;100631;1242.2;2;11303061669;B
20241016;100637;1241.2;16;11303062761;S
20241016;100637;1241;17;11303062762;S
20241016;100637;1241;2;11303062763;S
20241016;100637;1241;32;11303062764;S
20241016;100638;1241;68;11303063047;S
20241016;100638;1240;2;11303063048;S
20241016;100638;1239.8;1;11303063049;S
20241016;100638;1239.6;9;11303063050;S
20241016;100646;1240.4;13;11303064791;B
20241016;100646;1241.2;12;11303064792;B
20241016;100656;1241;1;11303066585;B
20241016;100709;1240;16;11303069030;S
20241016;100711;1240;2;11303069509;S
20241016;100729;1240.6;20;11303073136;B
20241016;100729;1241.8;6;11303073137;B
20241016;100729;1242;22;11303073138;B
20241016;100729;1242.2;33;11303073139;B
20241016;100847;1240.8;1;11303087572;B
20241016;100855;1240.2;6;11303088665;S
20241016;100855;1240;20;11303088666;S
20241016;100855;1240;23;11303088667;S
20241016;100855;1239.6;13;11303088668;S
20241016;100855;1238.8;17;11303088669;S
20241016;100930;1238.2;2;11303094496;S
20241016;100933;1238.2;3;11303095108;S
20241016;100935;1238;8;11303095381;S
20241016;100938;1238;1;11303096097;S
20241016;101012;1238;11;11303102130;S
20241016;101017;1238;33;11303103123;S
20241016;101025;1238;10;11303104196;S
20241016;101029;1238;3;11303105386;S
20241016;101035;1238;7;11303106386;S
20241016;101048;1238;17;11303108506;S
20241016;101127;1239;2;11303114375;B
20241016;101136;1238;10;11303115829;S
20241016;101136;1237.6;40;11303115830;S
20241016;101136;1237.2;5;11303115831;S
20241016;101242;1237.2;1;11303125118;S
20241016;101626;1237.2;3;11303171550;S
20241016;101632;1237.4;1;11303172960;B
20241016;101634;1237.4;1;11303173415;B
20241016;101635;1237.4;13;11303173661;B
20241016;101640;1237.2;1;11303174420;S
20241016;101701;1237.2;40;11303177604;S
20241016;101701;1237.2;59;11303177699;S
20241016;101701;1236.8;50;11303177721;S
20241016;101701;1236.2;7;11303177756;S
20241016;101701;1236;4;11303177757;S
20241016;101707;1236;12;11303178795;S
20241016;101707;1235.8;28;11303178796;S
20241016;101708;1235.8;2;11303179058;S
20241016;101710;1235.6;1;11303179354;S
20241016;101710;1235.6;1;11303179355;S
20241016;101710;1235.6;10;11303179356;S
20241016;101710;1235.6;28;11303179357;S
20241016;101715;1235.6;40;11303180035;S
20241016;101729;1235.8;20;11303182581;B
20241016;101729;1235.8;13;11303182582;B
20241016;101729;1236.2;40;11303182583;B
20241016;101729;1236.4;40;11303182584;B
20241016;101729;1238;8;11303182585;B
20241016;101811;1237.8;20;11303196339;B
20241016;101811;1237.8;20;11303196340;B
20241016;101811;1237.8;40;11303196341;B
20241016;101811;1237.8;10;11303196342;B
20241016;101818;1238.6;1;11303197976;B
20241016;101839;1238;10;11303201212;S
20241016;101913;1238;20;11303208653;B
20241016;101918;1238;1;11303210088;S
20241016;101923;1238;13;11303211198;S
20241016;101928;1238.4;2;11303212629;B
20241016;102001;1238;120;11303216949;S
20241016;102022;1238;13;11303220399;S
20241016;102024;1238;13;11303220940;S
20241016;102035;1238;20;11303226866;S
20241016;102035;1238;1;11303226867;S
20241016;102035;1238;2;11303226936;S
20241016;102036;1238;40;11303227366;S
20241016;102038;1238;7;11303228541;S
20241016;102038;1238;1;11303228633;S
20241016;102038;1238;108;11303228641;S
20241016;102038;1238;76;11303228647;S
20241016;102040;1238;40;11303230048;S
20241016;102041;1238;2;11303231063;S
20241016;102051;1238;3;11303237498;S
20241016;102104;1238;5;11303245210;S
20241016;102106;1238;3;11303246372;S
20241016;102107;1238;17;11303247106;S
20241016;102146;1238;40;11303267205;S
20241016;102201;1238.2;10;11303269603;B
20241016;102211;1238.2;13;11303271054;B
20241016;102211;1238.2;8;11303271055;B
20241016;102211;1238.2;20;11303271056;B
20241016;102211;1238.6;9;11303271057;B
20241016;102254;1238;10;11303276445;S
20241016;102307;1238;1;11303278382;S
20241016;102438;1238;2;11303290145;S
20241016;102526;1238;10;11303297272;S
20241016;102538;1238.4;2;11303299214;B
20241016;102637;1238.4;19;11303310095;B
20241016;102637;1238.4;20;11303310096;B
20241016;102637;1238.6;4;11303310097;B
20241016;102719;1238.8;2;11303316872;B
20241016;102740;1238.6;2;11303320552;S
20241016;102857;1238.6;1;11303335393;B
20241016;102857;1238.6;20;11303335394;B
20241016;102857;1238.6;40;11303335395;B
20241016;102857;1239;1;11303335396;B
20241016;102911;1239;1;11303337236;S
20241016;103002;1239.2;5;11303344386;B
20241016;103007;1239.2;1;11303345265;B
20241016;103034;1239.2;1;11303349543;B
20241016;103037;1239;1;11303350021;S
20241016;103038;1239;1;11303350156;S
20241016;103038;1239;9;11303350201;S
20241016;103038;1239;2;11303350246;S
20241016;103342;1239;1;11303381105;S
20241016;103352;1239;1;11303383138;S
20241016;103359;1239;22;11303384403;S
20241016;103359;1239;1;11303384404;S
20241016;103424;1239.6;1;11303387861;B
20241016;103445;1239;2;11303390821;S
20241016;103445;1238.2;3;11303390822;S
20241016;103445;1238.2;3;11303390823;S
20241016;103445;1238.2;2;11303390824;S
20241016;103611;1238.2;1;11303404233;S
20241016;103611;1238.2;7;11303404234;S
20241016;103611;1238.2;3;11303404289;S
20241016;103611;1238.2;6;11303404320;S
20241016;103613;1238.2;2;11303404962;S
20241016;103615;1238.2;2;11303406273;S
20241016;103615;1238;5;11303406307;S
20241016;103618;1238;2;11303407281;S
20241016;103618;1238;1;11303407337;S
20241016;103618;1238;21;11303407782;S
20241016;103619;1238;2;11303407944;S
20241016;103621;1238;2;11303409267;S
20241016;103621;1238;4;11303409268;S
20241016;103622;1238;1;11303409959;S
20241016;103622;1238;1;11303409960;S
20241016;103622;1238;29;11303409961;S
20241016;103622;1238;2;11303410013;S
20241016;103711;1238.2;1;11303419245;S
20241016;103711;1238.2;2;11303419248;S
20241016;103711;1238;12;11303419249;S
20241016;103807;1238;1;11303425379;S
20241016;103824;1238.2;7;11303426822;B
20241016;103858;1238;40;11303430076;S
20241016;103912;1238.2;2;11303431320;B
20241016;103913;1238;1;11303431433;S
20241016;103913;1238;29;11303431449;S
20241016;103913;1238;11;11303431450;S
20241016;103914;1238;1;11303431730;S
20241016;103919;1238;1;11303432243;S
20241016;103941;1238;1;11303434371;S
20241016;103945;1238.2;1;11303434828;B
20241016;103950;1238.2;1;11303435439;B
20241016;103951;1238.2;1;11303435521;B
20241016;103959;1238;1;11303436383;S
20241016;104001;1238.2;3;11303436547;B
20241016;104003;1238;14;11303436965;S
20241016;104003;1238;17;11303436997;S
20241016;104154;1238;6;11303456900;S
20241016;104215;1238.2;4;11303459784;B
20241016;104215;1238.2;20;11303459785;B
20241016;104347;1238.6;3;11303475064;S
20241016;104347;1238.6;5;11303475065;S
20241016;104349;1238.6;2;11303475280;B
20241016;104349;1238.6;2;11303475281;B
20241016;104423;1238.4;17;11303484742;S
20241016;104622;1239;2;11303511552;B
20241016;104650;1239;1;11303516407;B
20241016;104650;1239;20;11303516408;B
20241016;104650;1239;10;11303516409;B
20241016;104653;1239.8;10;11303516768;B
20241016;104708;1239.8;120;11303518596;B
20241016;104708;1239.8;10;11303518696;B
20241016;104713;1239.8;20;11303519391;B
20241016;104713;1239.8;9;11303519401;B
20241016;104713;1239.8;17;11303519402;B
20241016;104748;1239.8;1;11303524156;B
20241016;104809;1239.2;1;11303526428;S
20241016;104814;1239.2;2;11303527005;S
20241016;104814;1239;4;11303527006;S
20241016;104843;1238.4;5;11303530404;S
20241016;104853;1238.4;1;11303531500;S
20241016;104901;1238.4;5;11303532871;S
20241016;104901;1238.4;2;11303532930;S
20241016;104901;1238.4;1;11303532931;S
20241016;104901;1238.2;5;11303532932;S
20241016;104902;1238;2;11303532942;S
20241016;104904;1238;1;11303533338;S
20241016;104906;1238;7;11303533811;S
20241016;104907;1238;1;11303533972;S
20241016;104941;1238;4;11303538196;S
20241016;105018;1238.2;1;11303543020;B
20241016;105302;1238.8;4;11303568787;B
20241016;105314;1238;1;11303570428;S
20241016;105314;1238;1;11303570435;S
20241016;105314;1238;2;11303570440;S
20241016;105314;1238;2;11303570443;S
20241016;105314;1238;1;11303570453;S
20241016;105314;1238;2;11303570459;S
20241016;105314;1238;3;11303570460;S
20241016;105314;1238;3;11303570461;S
20241016;105318;1238;25;11303571089;S
20241016;105344;1239;10;11303574275;B
20241016;105401;1238.2;2;11303579349;S
20241016;105404;1239;1;11303579696;B
20241016;105428;1239;28;11303583401;B
20241016;105428;1239;20;11303583402;B
20241016;105444;1239.6;3;11303586985;B
20241016;105444;1239.6;169;11303586986;B
20241016;105444;1239.6;20;11303586987;B
20241016;105445;1239.8;1;11303587211;B
20241016;105457;1239.8;9;11303590380;B
20241016;105457;1239.8;93;11303590381;B
20241016;105457;1239.8;20;11303590382;B
20241016;105457;1240;2;11303590383;B
20241016;105457;1240;4;11303590384;B
20241016;105457;1240;6;11303590385;B
20241016;105457;1240;1;11303590386;B
20241016;105457;1240.2;1;11303590387;B
20241016;105457;1240.2;11;11303590388;B
20241016;105543;1241;10;11303600623;S
20241016;105558;1240.4;20;11303603962;B
20241016;105558;1240.6;5;11303603963;B
20241016;105558;1241;14;11303603964;B
20241016;105558;1241;40;11303603965;B
20241016;105600;1241;1;11303604347;S
20241016;105600;1241;9;11303604348;S
20241016;105621;1241;81;11303609278;B
20241016;105621;1241.2;39;11303609279;B
20241016;105646;1240;13;11303613556;S
20241016;105646;1240;78;11303613557;S
20241016;105647;1240;9;11303613636;B
20241016;105647;1240.6;6;11303613637;B
20241016;105808;1239.8;1;11303627446;S
20241016;105906;1239.8;1;11303645385;S
20241016;105906;1239.8;1;11303645386;S
20241016;105906;1239;18;11303645387;S
20241016;110053;1239.2;3;11303667437;S
20241016;110053;1238.8;21;11303667438;S
20241016;110053;1238.8;6;11303667439;S
20241016;110053;1238.6;30;11303667605;S
20241016;110053;1238.4;13;11303667825;S
20241016;110053;1238.2;6;11303667826;S
20241016;110103;1238;1;11303669554;S
20241016;110104;1238;1;11303669671;S
20241016;110105;1238;5;11303669853;S
20241016;110105;1238;1;11303669948;S
20241016;110108;1238;1;11303670538;S
20241016;110151;1238;10;11303680467;S
20241016;110214;1238;1;11303686592;S
20241016;110256;1238;1;11303697202;S
20241016;110314;1239;5;11303708235;B
20241016;110314;1239;10;11303708236;B
20241016;110314;1239;9;11303708237;B
20241016;110601;1239;1;11303870821;B
20241016;110624;1239.2;6;11303894480;B
20241016;110624;1239.6;4;11303894481;B
20241016;110658;1239.4;2;11303922946;B
20241016;110735;1238;2;11303959098;S
20241016;110736;1238;2;11303959718;S
20241016;110736;1238;2;11303960537;S
20241016;110736;1238;1;11303960612;S
20241016;110737;1238;1;11303961205;S
20241016;110738;1238;2;11303961873;S
20241016;110738;1238;2;11303962085;S
20241016;110738;1238;1;11303962518;S
20241016;110739;1238;2;11303963369;S
20241016;110740;1238;2;11303963664;S
20241016;110931;1239.2;1;11304075481;B
20241016;111042;1239.2;1;11304142315;S
20241016;111122;1239.6;1;11304182229;B
20241016;111134;1239.8;3;11304194410;B
20241016;111243;1239.2;1;11304265364;S
20241016;111255;1239;2;11304275508;S
20241016;111339;1238.2;1;11304316485;S
20241016;111351;1238.2;2;11304328448;S
20241016;111351;1238.2;1;11304328473;S
20241016;111351;1238.2;2;11304329100;S
20241016;111352;1238.2;2;11304329824;S
20241016;111353;1238.2;2;11304330601;S
20241016;111354;1238.2;1;11304331239;S
20241016;111354;1238.2;2;11304332150;S
20241016;111355;1238.2;6;11304332670;S
20241016;111355;1238.2;1;11304332710;S
20241016;111355;1238.2;1;11304332755;S
20241016;111355;1238.2;3;11304333691;S
20241016;111356;1238.2;2;11304333759;S
20241016;111356;1238.2;2;11304334234;S
20241016;111357;1238.2;1;11304335053;S
20241016;111358;1238.2;2;11304335570;S
20241016;111358;1238.2;2;11304336416;S
20241016;111359;1238.2;2;11304337150;S
20241016;111406;1238.2;16;11304345250;S
20241016;111406;1238.2;3;11304345305;S
20241016;111438;1238;1;11304377539;S
20241016;111439;1238;2;11304378023;S
20241016;111439;1238;1;11304378829;S
20241016;111443;1238;1;11304381616;S
20241016;111450;1238;2;11304388658;S
20241016;111512;1239;6;11304412588;B
20241016;111520;1238.2;4;11304420483;S
20241016;111521;1238;3;11304421688;S
20241016;111525;1238;1;11304425478;S
20241016;111528;1238;69;11304428311;S
20241016;111528;1238;1;11304428312;S
20241016;111542;1239;3;11304442450;B
20241016;111659;1239.4;1;11304513958;B
20241016;111659;1239.8;6;11304513959;B
20241016;111659;1240;30;11304513960;B
20241016;111716;1239;18;11304531045;S
20241016;111739;1239.4;1;11304553473;B
20241016;111814;1238.4;10;11304588534;S
20241016;111814;1238.2;20;11304588535;S
20241016;111828;1238.2;1;11304602680;S
20241016;111833;1238.2;9;11304607560;S
20241016;111835;1238;5;11304609680;S
20241016;111851;1238.2;2;11304626757;S
20241016;111921;1238.8;3;11304653457;B
20241016;111921;1239;7;11304653458;B
20241016;112002;1238.2;1;11304693974;S
20241016;112002;1238.2;1;11304694573;S
20241016;112002;1238.2;1;11304694653;S
20241016;112003;1238.2;1;11304695149;S
20241016;112004;1238.2;5;11304696817;S
20241016;112004;1238;9;11304696818;S
20241016;112004;1238;5;11304696878;S
20241016;112004;1238;53;11304696882;S
20241016;112004;1237.8;60;11304696889;S
20241016;112004;1237.8;1;11304696890;S
20241016;112004;1237.2;1;11304696898;S
20241016;112004;1237;1;11304697061;S
20241016;112004;1237;19;11304697795;S
20241016;112004;1236.8;3;11304697796;S
20241016;112004;1236.6;1;11304697797;S
20241016;112004;1236.6;3;11304697798;S
20241016;112005;1236;3;11304697967;S
20241016;112005;1236;1;11304697968;S
20241016;112005;1235.8;7;11304697969;S
20241016;112006;1236;6;11304699721;S
20241016;112006;1236.2;1;11304699732;B
20241016;112053;1235.8;3;11304751005;S
20241016;112053;1235.6;27;11304751006;S
20241016;112103;1235.6;6;11304762890;S
20241016;112103;1235.6;1;11304762891;S
20241016;112103;1235.6;1;11304762892;S
20241016;112103;1235.6;2;11304762893;S
20241016;112103;1235.8;10;11304762947;B
20241016;112105;1235.6;37;11304764270;S
20241016;112210;1235.6;2;11304829140;S
20241016;112242;1235.6;145;11304853314;S
20241016;112242;1235.6;1;11304853315;S
20241016;112242;1235.6;2;11304853316;S
20241016;112259;1235.8;6;11304855171;B
20241016;112259;1235.8;24;11304855172;B
20241016;112320;1236;2;11304857651;S
20241016;112320;1236.2;2;11304857716;S
20241016;112322;1237.2;1;11304858171;B
20241016;112335;1236.4;10;11304859889;B
20241016;112345;1236.2;1;11304860858;S
20241016;112350;1236.4;10;11304861396;B
20241016;112357;1236.4;2;11304862145;B
20241016;112514;1237.8;1;11304869845;B
20241016;112653;1237.2;13;11304882088;S
20241016;112653;1237.2;7;11304882089;S
20241016;112656;1236.6;2;11304882643;S
20241016;112657;1236.6;23;11304882679;S
20241016;112702;1237.6;1;11304883700;B
20241016;112710;1236.6;3;11304885249;S
20241016;112710;1236.6;8;11304885312;S
20241016;112711;1236.6;1;11304885735;S
20241016;112714;1236.6;1;11304886076;S
20241016;112721;1236.6;1;11304887284;S
20241016;112731;1236.6;7;11304888565;S
20241016;112731;1236.4;7;11304888591;S
20241016;112743;1236.4;3;11304890111;S
20241016;112810;1236.4;1;11304893401;S
20241016;112813;1236.4;1;11304893787;S
20241016;112817;1236.4;1;11304894324;S
20241016;112826;1237;12;11304895569;B
20241016;112826;1237.8;1;11304895570;B
20241016;112826;1238;13;11304895571;B
20241016;112826;1238.2;4;11304895572;B
20241016;112950;1237.4;4;11304906257;B
20241016;112950;1237.6;1;11304906258;B
20241016;113045;1236.4;6;11304913706;S
20241016;113050;1236.4;5;11304914689;S
20241016;113052;1236.2;3;11304915128;S
20241016;113052;1236.2;2;11304915196;S
20241016;113056;1236.2;15;11304916397;S
20241016;113058;1236.2;2;11304916735;S
20241016;113236;1236.4;2;11304930161;B
20241016;113301;1236.2;8;11304933150;S
20241016;113324;1236.4;1;11304935581;B
20241016;113331;1236.4;8;11304936509;B
20241016;113457;1236.4;7;11304948828;S
20241016;113721;1236.6;1;11304963504;S
20241016;113926;1237.4;1;11304976841;B
20241016;114012;1237;1;11304981478;S
20241016;114024;1237;1;11304982591;S
20241016;114024;1237;1;11304982592;S
20241016;114024;1236.8;2;11304982636;S
20241016;114025;1236.8;1;11304982691;S
20241016;114025;1236.8;11;11304982744;S
20241016;114045;1236.4;5;11304984692;S
20241016;114045;1236.2;2;11304984819;S
20241016;114045;1236.2;1;11304984856;S
20241016;114045;1236.2;6;11304984917;S
20241016;114220;1236.8;4;11304995826;B
20241016;114220;1237;1;11304995827;B
20241016;114230;1237;1;11304996776;B
20241016;114339;1236.2;1;11305003727;S
20241016;114340;1236.2;1;11305003791;S
20241016;114501;1236.2;1;11305012668;S
20241016;114834;1236.2;5;11305037385;S
20241016;114837;1236.6;2;11305037635;B
20241016;114902;1236.2;2;11305040207;S
20241016;114924;1236.2;1;11305042718;S
20241016;114929;1236.2;50;11305043211;S
20241016;114929;1236.2;5;11305043212;S
20241016;114958;1236.4;1;11305047366;B
20241016;114958;1236.2;2;11305047367;S
20241016;114958;1236.2;13;11305047368;S
20241016;114958;1236.2;1;11305047369;S
20241016;114958;1236.2;74;11305047370;S
20241016;114958;1236.2;7;11305047371;S
20241016;115114;1236.2;1;11305054813;S
20241016;115114;1236.2;1;11305054837;S
20241016;115116;1236.2;1;11305055005;S
20241016;115116;1236.2;9;11305055059;S
20241016;115116;1236.2;3;11305055139;S
20241016;115116;1236.2;4;11305055189;S
20241016;115117;1236.2;4;11305055274;S
20241016;115117;1236.2;6;11305055324;S
20241016;115118;1236.2;1;11305055542;S
20241016;115142;1236.2;1;11305058183;S
20241016;115146;1236.2;4;11305058814;S
20241016;115158;1236.4;20;11305060106;B
20241016;115158;1237.2;5;11305060107;B
20241016;115206;1236.2;1;11305061070;S
20241016;115213;1236.2;1;11305061701;S
20241016;115217;1236.2;36;11305062221;S
20241016;115217;1236;14;11305062222;S
20241016;115302;1236.2;6;11305067703;B
20241016;115320;1236.6;1;11305069720;B
20241016;115320;1236.4;1;11305069721;S
20241016;115320;1236.4;1;11305069722;S
20241016;115320;1236.4;1;11305069723;S
20241016;115320;1236.4;1;11305069724;S
20241016;115320;1236.4;1;11305069725;S
20241016;115404;1236.4;2;11305074737;B
20241016;115410;1236.2;1;11305075604;S
20241016;115421;1236.6;14;11305076997;B
20241016;115421;1237.2;32;11305076998;B
20241016;115421;1237.2;49;11305076999;B
20241016;115447;1237.2;5;11305080237;S
20241016;115621;1237;2;11305091255;S
20241016;115621;1236.4;1;11305091256;S
20241016;115635;1236;1;11305093412;S
20241016;115809;1236.2;6;11305104372;S
20241016;115954;1237.2;1;11305115015;B
20241016;115954;1237.4;1;11305115016;B
20241016;120059;1237.4;1;11305121769;B
20241016;120059;1237.4;5;11305121770;B
20241016;120059;1237.6;6;11305121771;B
20241016;120059;1238;2;11305121772;B
20241016;120059;1238.2;1;11305121773;B
20241016;120059;1238.4;12;11305121774;B
20241016;120059;1238.4;13;11305121775;B
20241016;120059;1238.6;40;11305121776;B
20241016;120059;1239;5;11305121777;B
20241016;120059;1239.2;10;11305121778;B
20241016;120059;1239.2;24;11305121779;B
20241016;120059;1239.4;1;11305121780;B
20241016;120059;1239.4;10;11305121781;B
20241016;120059;1239.4;6;11305121782;B
20241016;120059;1239.6;203;11305121783;B
20241016;120059;1239.6;122;11305121784;B
20241016;120059;1239.6;81;11305121785;B
20241016;120059;1239.8;400;11305121786;B
20241016;120059;1239.8;411;11305121787;B
20241016;120059;1239.8;347;11305121788;B
20241016;120138;1239.8;2;11305125968;B
20241016;120138;1239.8;81;11305125969;B
20241016;120138;1239.8;3;11305125970;B
20241016;120138;1240;125;11305125971;B
20241016;120138;1240;25;11305125972;B
20241016;120138;1240;2;11305125973;B
20241016;120235;1240;1;11305131809;S
20241016;120238;1240;1;11305132192;S
20241016;120238;1240;1;11305132193;S
20241016;120238;1240;1;11305132194;S
20241016;120238;1239.4;1;11305132214;S
20241016;120251;1240;1;11305134823;S
20241016;120436;1240.2;1;11305146411;B
20241016;120525;1240.6;40;11305152164;B
20241016;120525;1240.8;54;11305152165;B
20241016;120525;1241;6;11305152166;B
20241016;120555;1241;4;11305155411;B
20241016;120555;1241;40;11305155412;B
20241016;120608;1241;2;11305156909;S
20241016;120608;1240.8;2;11305156910;S
20241016;120609;1240.4;4;11305157087;B
20241016;120609;1240.4;40;11305157088;B
20241016;120927;1240.4;4;11305179216;S
20241016;120943;1241.2;2;11305180514;B
20241016;120943;1241.2;1;11305180515;B
20241016;120943;1241.2;27;11305180516;B
20241016;120943;1241.6;2;11305180517;B
20241016;120943;1241.6;40;11305180518;B
20241016;120943;1241.8;8;11305180519;B
20241016;121058;1240.4;1;11305188011;S
20241016;121109;1240.4;2;11305188813;B
20241016;121127;1240.4;8;11305190347;B
20241016;121234;1240.4;3;11305196455;S
20241016;121302;1240.4;1;11305198698;S
20241016;121309;1240;9;11305199268;S
20241016;121309;1240;1;11305199269;S
20241016;121309;1240;6;11305199270;S
20241016;121319;1239.8;1;11305200098;B
20241016;121319;1240;14;11305200099;B
20241016;121333;1240.2;1;11305201420;B
20241016;121333;1240.4;24;11305201421;B
20241016;121444;1240.2;7;11305208061;S
20241016;121444;1240;2;11305208126;S
20241016;121520;1240;1;11305211580;S
20241016;121529;1240;1;11305212473;S
20241016;121631;1240;6;11305218346;S
20241016;121631;1240;3;11305218347;S
20241016;121654;1240;2;11305220569;S
20241016;121654;1240;1;11305220599;S
20241016;121654;1240;2;11305220600;S
20241016;121718;1240;28;11305222966;S
20241016;121742;1239.6;5;11305225135;S
20241016;121830;1240;8;11305229616;B
20241016;121838;1239.6;1;11305230397;S
20241016;121922;1239.6;17;11305234860;B
20241016;121945;1240;1;11305237219;B
20241016;122051;1240;72;11305249061;B
20241016;122055;1240;1;11305250192;B
20241016;122102;1240;2;11305251692;B
20241016;122124;1239.4;10;11305255033;S
20241016;122126;1240;1;11305255233;B
20241016;122129;1240;32;11305255472;B
20241016;122129;1240;100;11305255473;B
20241016;122129;1240.4;2;11305255474;B
20241016;122259;1241.6;1;11305263031;B
20241016;122518;1241.2;5;11305277816;B
20241016;122518;1241.4;2;11305277817;B
20241016;122604;1241.2;1;11305283612;B
20241016;122906;1241;8;11305307597;S
20241016;122910;1241;1;11305308139;S
20241016;122918;1241;1;11305309624;S
20241016;122927;1241.2;14;11305311072;B
20241016;122927;1241.2;40;11305311073;B
20241016;122927;1241.2;126;11305311106;S
20241016;122935;1241.2;27;11305312782;S
20241016;122949;1241.2;18;11305315424;S
20241016;122951;1241.4;60;11305315733;B
20241016;123018;1241.2;83;11305320502;S
20241016;123151;1241.4;3;11305332467;B
20241016;123152;1241.4;20;11305332523;B
20241016;123202;1241.2;3;11305334060;S
20241016;123313;1242.4;5;11305343533;S
20241016;123313;1242.4;17;11305343534;S
20241016;123313;1242.4;2;11305343535;S
20241016;123313;1242.4;1;11305343618;S
20241016;123313;1242.6;1;11305343661;B
20241016;123315;1242.6;2;11305343981;S
20241016;123316;1242.8;2;11305344082;B
20241016;123316;1242.8;1;11305344091;B
20241016;123316;1242.8;4;11305344121;B
20241016;123317;1242.8;1;11305344193;B
20241016;123326;1242.8;3;11305345052;B
20241016;123326;1242.8;6;11305345061;B
20241016;123328;1242.8;3;11305345265;B
20241016;123408;1242.6;1;11305349944;S
20241016;123424;1242.6;2;11305351551;S
20241016;123442;1242.8;23;11305353216;B
20241016;123515;1242.6;1;11305357113;S
20241016;123547;1242.6;3;11305360590;S
20241016;123605;1242.6;9;11305362623;S
20241016;123635;1242.6;5;11305365922;S
20241016;123747;1242.8;1;11305373834;B
20241016;123750;1242.8;2;11305374191;B
20241016;123822;1242.6;20;11305377837;S
20241016;123822;1242.6;1;11305377838;S
20241016;123822;1242.6;79;11305377839;S
20241016;123825;1242.6;9;11305378184;S
20241016;123856;1242.6;1;11305381010;S
20241016;123856;1242.2;7;11305381011;S
20241016;123856;1242;1;11305381012;S
20241016;123856;1242;1;11305381013;S
20241016;123856;1240.6;10;11305381014;S
20241016;123856;1240.4;24;11305381015;S
20241016;123856;1240.2;13;11305381016;S
20241016;123856;1240.2;3;11305381017;S
20241016;123856;1240;10;11305381018;S
20241016;123856;1240;2;11305381019;S
20241016;123856;1240;28;11305381020;S
20241016;123923;1240.8;1;11305383540;S
20241016;123957;1241.6;10;11305387178;B
20241016;124615;1239.6;2;11305427355;S
20241016;124615;1239.2;16;11305427356;S
20241016;124634;1240.4;2;11305430512;B
20241016;124745;1240;10;11305441188;S
20241016;125012;1238.8;7;11305465524;S
20241016;125013;1238.8;10;11305465679;S
20241016;125013;1238.8;3;11305465749;S
20241016;125013;1238.4;6;11305465750;S
20241016;125013;1238;10;11305465751;S
20241016;125013;1237.8;2;11305465752;S
20241016;125013;1237.8;5;11305465840;S
20241016;125013;1237.8;21;11305465983;S
20241016;125013;1237.8;2;11305466063;S
20241016;125013;1237.8;31;11305466316;S
20241016;125014;1237.6;40;11305466594;S
20241016;125014;1237.6;40;11305466901;S
20241016;125014;1237.6;1;11305467042;S
20241016;125014;1237.6;9;11305467117;S
20241016;125014;1237.6;8;11305467174;S
20241016;125015;1237.6;12;11305467295;S
20241016;125015;1237.6;5;11305467384;S
20241016;125026;1237.6;2;11305469952;S
20241016;125030;1237.6;108;11305470726;S
20241016;125030;1237.6;168;11305470727;S
20241016;125030;1237.6;5;11305470728;S
20241016;125030;1237.4;1;11305470729;S
20241016;125030;1237.4;25;11305470730;S
20241016;125030;1237.4;26;11305470759;S
20241016;125030;1237.4;26;11305470760;S
20241016;125030;1237.4;26;11305470767;S
20241016;125030;1237.4;66;11305470768;S
20241016;125042;1236.8;17;11305472458;S
20241016;125043;1236.8;152;11305472702;S
20241016;125043;1236.6;14;11305472703;S
20241016;125051;1236.6;13;11305474473;S
20241016;125058;1236.6;11;11305475925;S
20241016;125102;1236.6;9;11305477173;S
20241016;125103;1236.6;3;11305477793;S
20241016;125103;1236.6;9;11305477794;S
20241016;125135;1236.4;169;11305483891;S
20241016;125136;1236.4;1;11305484069;B
20241016;125145;1236.4;2;11305485714;B
20241016;125151;1236.2;3;11305486753;S
20241016;125151;1236.2;10;11305486754;S
20241016;125151;1236.2;169;11305486755;S
20241016;125151;1236;83;11305486756;S
20241016;125151;1236;2;11305486757;S
20241016;125151;1236;10;11305486758;S
20241016;125151;1236;41;11305486759;S
20241016;125151;1236;1;11305486760;S
20241016;125153;1235.8;1;11305486958;S
20241016;125222;1236;5;11305492866;B
20241016;125308;1236;38;11305505191;B
20241016;125404;1237.8;1;11305515272;B
20241016;125404;1237.8;24;11305515273;B
20241016;125404;1238;123;11305515274;B
20241016;125404;1238.2;40;11305515275;B
20241016;125404;1238.4;6;11305515276;B
20241016;125404;1238.4;40;11305515277;B
20241016;125404;1238.4;30;11305515278;B
20241016;125404;1238.6;13;11305515279;B
20241016;125404;1238.6;413;11305515280;B
20241016;125404;1238.6;130;11305515281;B
20241016;125427;1239.8;2;11305517475;B
20241016;125511;1239;4;11305521894;S
20241016;125735;1239;7;11305538585;S
20241016;125735;1238.2;24;11305538586;S
20241016;125804;1238.2;2;11305541199;S
20241016;125804;1238.2;3;11305541200;S
20241016;125905;1236.8;25;11305547007;S
20241016;125905;1236.8;13;11305547008;S
20241016;125905;1236.6;1;11305547009;S
20241016;125905;1236.6;19;11305547010;S
20241016;125954;1237.4;9;11305552126;B
20241016;130004;1236.6;1;11305553433;B
20241016;130006;1236.2;1;11305553746;S
20241016;130006;1236.2;2;11305553783;S
20241016;130017;1235.8;1;11305555245;S
20241016;130027;1235.8;5;11305556419;S
20241016;130027;1235.8;8;11305556467;S
20241016;130029;1235.8;13;11305556745;S
20241016;130032;1235.8;1;11305557140;S
20241016;130032;1235.8;2;11305557188;S
20241016;130032;1235.8;1;11305557233;S
20241016;130032;1235.8;2;11305557272;S
20241016;130032;1235.8;1;11305557626;S
20241016;130032;1235.8;4;11305557680;S
20241016;130033;1235.8;1;11305557783;S
20241016;130033;1235.8;3;11305557849;S
20241016;130035;1235.8;1;11305558208;S
20241016;130035;1235.8;1;11305558240;S
20241016;130036;1235.8;1;11305558389;S
20241016;130038;1235.8;1;11305558681;S
20241016;130039;1235.8;5;11305558740;S
20241016;130039;1235.8;1;11305558901;S
20241016;130101;1235.8;1;11305562011;S
20241016;130106;1235.8;1;11305562449;S
20241016;130106;1235.8;1;11305562482;S
20241016;130106;1235.8;2;11305562523;S
20241016;130106;1235.8;1;11305562554;S
20241016;130106;1235.8;2;11305562575;S
20241016;130110;1235.8;1;11305563108;S
20241016;130111;1235.8;1;11305563184;S
20241016;130111;1235.8;1;11305563214;S
20241016;130111;1235.8;3;11305563238;S
20241016;130111;1235.8;3;11305563274;S
20241016;130114;1235.8;1;11305563540;S
20241016;130118;1235.8;2;11305564015;S
20241016;130130;1235.8;1;11305565172;S
20241016;130131;1235.8;1;11305565217;S
20241016;130131;1235.8;5;11305565256;S
20241016;130131;1235.8;1;11305565298;S
20241016;130131;1235.8;2;11305565340;S
20241016;130136;1235.8;5;11305565940;S
20241016;130136;1235.8;1;11305565991;S
20241016;130136;1235.8;1;11305566020;S
20241016;130215;1235.8;2;11305570513;S
20241016;130238;1235.8;1;11305573081;S
20241016;130253;1236;2;11305574986;B
20241016;130304;1236;2;11305576484;B
20241016;130310;1236;1;11305577156;B
20241016;130321;1236;1;11305578175;B
20241016;130336;1235.8;5;11305579923;S
20241016;130408;1236;8;11305583410;B
20241016;130417;1236;1;11305584606;B
20241016;130439;1236;6;11305587128;B
20241016;130442;1236;4;11305587678;B
20241016;130442;1236;2;11305587679;B
20241016;130443;1236;1;11305587870;B
20241016;130443;1236;32;11305587871;B
20241016;130443;1236;37;11305587872;B
20241016;130443;1236.2;14;11305587873;B
20241016;130507;1237;13;11305590744;S
20241016;130507;1236.2;2;11305590906;S
20241016;130507;1236.2;2;11305590907;S
20241016;130507;1236.2;2;11305590908;S
20241016;130507;1236;12;11305590909;S
20241016;130507;1236;2;11305590910;S
20241016;130536;1236.6;2;11305593528;B
20241016;130702;1235.8;31;11305603069;S
20241016;130903;1235.8;1;11305614010;S
20241016;131031;1235.8;2;11305620837;S
20241016;131044;1235.8;37;11305621794;S
20241016;131044;1235.8;40;11305621795;S
20241016;131045;1235.6;2;11305621980;S
20241016;131046;1235.6;2;11305622094;S
20241016;131053;1235.6;2;11305622629;S
20241016;131056;1235.6;3;11305622935;S
20241016;131059;1235.6;5;11305623141;S
20241016;131059;1235.6;53;11305623231;S
20241016;131059;1235.6;5;11305623232;S
20241016;131059;1235;1;11305623233;S
20241016;131059;1235;4;11305623234;S
20241016;131059;1235;10;11305623235;S
20241016;131059;1235;5;11305623236;S
20241016;131101;1235;4;11305623350;S
20241016;131127;1235.2;1;11305625770;S
20241016;131127;1235;10;11305625771;S
20241016;131127;1235;1;11305625772;S
20241016;131135;1235;1;11305626388;S
20241016;131135;1234.4;2;11305626389;S
20241016;131135;1234.4;1;11305626390;S
20241016;131135;1234.4;4;11305626391;S
20241016;131227;1234.6;12;11305631327;S
20241016;131227;1234.4;13;11305631328;S
20241016;131227;1234.4;5;11305631329;S
20241016;131227;1234.4;19;11305631330;S
20241016;131242;1234.6;6;11305632604;S
20241016;131242;1234.4;6;11305632605;S
20241016;131246;1234.4;75;11305632910;S
20241016;131320;1234.4;1;11305636087;B
20241016;131353;1234.4;14;11305638688;B
20241016;131405;1234.4;1;11305639548;B
20241016;131409;1234.2;1;11305639881;S
20241016;131409;1234.2;16;11305639882;S
20241016;131419;1234.2;14;11305648244;S
20241016;131419;1234.2;1;11305648245;S
20241016;131419;1234;1;11305648246;S
20241016;131419;1234;2;11305648345;S
20241016;131419;1234;21;11305648493;S
20241016;131422;1234;9;11305650591;S
20241016;131422;1234;2;11305651796;S
20241016;131422;1234;5;11305651851;S
20241016;131422;1234;2;11305651886;S
20241016;131432;1234;127;11305662066;S
20241016;131432;1234;1;11305662067;S
20241016;131432;1233.6;3;11305662071;S
20241016;131432;1233.4;1;11305662072;S
20241016;131433;1233.4;1;11305662613;B
20241016;131443;1233.4;1;11305672552;B
20241016;131510;1233.2;1;11305700486;S
20241016;131516;1233.2;1;11305707690;S
20241016;131516;1233;1;11305707691;S
20241016;131516;1233;1;11305707692;S
20241016;131516;1232.8;1;11305707976;S
20241016;131516;1232.8;1;11305707977;S
20241016;131516;1232.8;1;11305707978;S
20241016;131516;1232.6;1;11305707979;S
20241016;131516;1232.6;1;11305707980;S
20241016;131516;1232.6;11;11305707981;S
20241016;131516;1232.6;19;11305708038;S
20241016;131517;1232;1;11305709087;S
20241016;131517;1231.8;13;11305709088;S
20241016;131517;1231.8;4;11305709089;S
20241016;131517;1231.8;21;11305709694;S
20241016;131525;1232;1;11305717181;B
20241016;131545;1232;1;11305737836;B
20241016;131546;1232;1;11305738929;B
20241016;131641;1232;2;11305789330;B
20241016;131707;1231.8;32;11305795029;S
20241016;131710;1231.8;3;11305795363;S
20241016;131710;1231.6;4;11305795364;S
20241016;131734;1231.8;1;11305797677;B
20241016;131734;1231.8;19;11305797678;B
20241016;131742;1232;1;11305798314;B
20241016;131743;1232;1;11305798450;B
20241016;131858;1231.8;5;11305804114;S
20241016;131859;1231.8;8;11305804172;S
20241016;131859;1231.8;2;11305804246;S
20241016;131859;1231.6;3;11305804247;S
20241016;131906;1231.8;49;11305804967;B
20241016;131906;1231.8;32;11305804968;B
20241016;131906;1232;1;11305804969;B
20241016;131906;1232.2;8;11305804970;B
20241016;131930;1231.6;20;11305806853;S
20241016;131953;1231.8;25;11305808893;S
20241016;131953;1231.6;25;11305808894;S
20241016;131956;1231.6;13;11305809223;S
20241016;132000;1231.8;5;11305809606;B
20241016;132003;1232;6;11305809907;S
20241016;132006;1232;2;11305810040;S
20241016;132007;1232;7;11305810117;S
20241016;132007;1231.6;4;11305810118;S
20241016;132007;1231.6;1;11305810125;S
20241016;132007;1231.6;7;11305810141;S
20241016;132008;1231.6;7;11305810226;S
20241016;132008;1231.6;17;11305810234;S
20241016;132009;1231.6;59;11305810247;S
20241016;132009;1231.6;10;11305810248;S
20241016;132009;1231.6;1;11305810249;S
20241016;132009;1231.6;10;11305810250;S
20241016;132009;1231.6;8;11305810251;S
20241016;132009;1231.4;1;11305810253;S
20241016;132009;1231.4;105;11305810260;S
20241016;132010;1231.4;59;11305810384;S
20241016;132010;1231.4;6;11305810395;S
20241016;132010;1231.2;3;11305810396;S
20241016;132010;1231.2;1;11305810397;S
20241016;132010;1231;1;11305810398;S
20241016;132010;1231;1;11305810399;S
20241016;132010;1231;1;11305810400;S
20241016;132010;1231;10;11305810401;S
20241016;132010;1230.6;16;11305810402;S
20241016;132010;1230.4;10;11305810403;S
20241016;132010;1230.4;5;11305810404;S
20241016;132010;1230.4;9;11305810405;S
20241016;132010;1230.6;7;11305810406;S
20241016;132011;1230.6;105;11305810409;S
20241016;132011;1230.4;105;11305810416;S
20241016;132011;1230.4;6;11305810432;S
20241016;132012;1230.4;3;11305810443;S
20241016;132012;1230.4;56;11305810470;S
20241016;132012;1230.2;1;11305810471;S
20241016;132012;1230.2;3;11305810472;S
20241016;132012;1230.2;2;11305810473;S
20241016;132012;1230.2;3;11305810474;S
20241016;132012;1230.4;5;11305810498;S
20241016;132013;1230.4;153;11305810577;S
20241016;132013;1230.4;3;11305810605;S
20241016;132014;1230.4;9;11305810650;S
20241016;132014;1230.4;9;11305810659;S
20241016;132015;1230.4;161;11305810687;S
20241016;132015;1230.4;161;11305810732;S
20241016;132015;1230.4;9;11305810735;S
20241016;132016;1230.2;3;11305810760;S
20241016;132016;1230.2;1;11305810761;S
20241016;132016;1230.2;10;11305810762;S
20241016;132016;1230.2;27;11305810763;S
20241016;132017;1230.2;6;11305810823;S
20241016;132017;1230;1;11305810824;S
20241016;132017;1230;5;11305810825;S
20241016;132017;1230;1;11305810826;S
20241016;132017;1230;1;11305810827;S
20241016;132017;1230;4;11305810828;S
20241016;132017;1230;1;11305810829;S
20241016;132017;1230;1;11305810830;S
20241016;132017;1230;21;11305810831;S
20241016;132017;1230;45;11305810912;S
20241016;132018;1230;34;11305810957;S
20241016;132018;1230;1;11305810958;S
20241016;132018;1230;1;11305810959;S
20241016;132018;1230;10;11305810960;S
20241016;132018;1230;10;11305810961;S
20241016;132018;1230;10;11305810962;S
20241016;132018;1230;10;11305810963;S
20241016;132018;1230;8;11305810964;S
20241016;132018;1230;2;11305811029;S
20241016;132018;1230;5;11305811030;S
20241016;132018;1230;10;11305811031;S
20241016;132018;1230;6;11305811032;S
20241016;132018;1229.6;78;11305811033;S
20241016;132019;1230;1;11305811057;S
20241016;132019;1229.6;3;11305811058;S
20241016;132019;1229.6;1;11305811064;S
20241016;132019;1229.6;2;11305811077;S
20241016;132020;1229.6;1;11305811178;S
20241016;132020;1229.6;85;11305811217;S
20241016;132020;1229.6;30;11305811218;S
20241016;132020;1229.4;1;11305811219;S
20241016;132021;1229.6;18;11305811411;S
20241016;132022;1229.6;152;11305811482;S
20241016;132022;1229.4;18;11305811483;S
20241016;132022;1229.6;25;11305811518;S
20241016;132023;1229.6;116;11305811525;S
20241016;132023;1229.6;26;11305811526;S
20241016;132023;1229.6;1;11305811550;S
20241016;132023;1229.6;2;11305811554;S
20241016;132023;1229.4;2;11305811653;S
20241016;132023;1229.4;2;11305811730;S
20241016;132023;1229.6;1;11305811746;B
20241016;132023;1229.4;5;11305811789;S
20241016;132023;1229.4;72;11305811812;S
20241016;132023;1229.4;10;11305811813;S
20241016;132023;1229.4;34;11305811814;S
20241016;132023;1229.4;2;11305811859;S
20241016;132024;1229.4;2;11305812013;S
20241016;132031;1229.4;15;11305812756;S
20241016;132031;1229.4;9;11305812833;S
20241016;132039;1229.6;33;11305813948;B
20241016;132039;1229.6;17;11305813949;B
20241016;132039;1229.8;13;11305813950;B
20241016;132138;1229.8;1;11305821095;S
20241016;132221;1229.6;2;11305824947;S
20241016;132354;1230.4;1;11305833219;B
20241016;132403;1230;1;11305833975;S
20241016;132547;1230;1;11305843257;S
20241016;132547;1230;21;11305843258;S
20241016;132613;1230;1;11305845511;S
20241016;132617;1230.4;1;11305845786;B
20241016;132624;1230;1;11305846256;S
20241016;132624;1230;2;11305846257;S
20241016;132624;1230;1;11305846258;S
20241016;132703;1230.2;17;11305849358;S
20241016;132703;1230.2;21;11305849359;B
20241016;132756;1230.2;24;11305854280;B
20241016;132756;1230.2;28;11305854281;B
20241016;132756;1230.2;60;11305854282;B
20241016;132756;1230.4;47;11305854283;B
20241016;132756;1230.4;32;11305854284;B
20241016;132834;1231.2;21;11305859494;B
20241016;132834;1231.4;49;11305859495;B
20241016;132834;1231.4;3;11305859496;B
20241016;132834;1231.6;47;11305859497;B
20241016;132834;1231.8;200;11305859498;B
20241016;132834;1231.8;4;11305859565;B
20241016;132834;1231.8;15;11305859572;B
20241016;132838;1231;2;11305859882;S
20241016;132911;1231;11;11305863506;S
20241016;132911;1231;3;11305863507;S
20241016;132927;1231.2;24;11305865163;B
20241016;132927;1232.4;42;11305865164;B
20241016;132927;1232.4;13;11305865165;B
20241016;132931;1233;10;11305865609;B
20241016;132932;1232.8;1;11305865663;B
20241016;132938;1232.8;5;11305866240;B
20241016;132938;1232.8;5;11305866315;B
20241016;132943;1232.8;1;11305866704;S
20241016;132952;1232.4;2;11305867647;S
20241016;132957;1231.6;3;11305868202;S
20241016;133002;1231.2;6;11305868743;B
20241016;133011;1231.2;11;11305870064;B
20241016;133017;1231;4;11305870775;S
20241016;133024;1231.2;18;11305871601;B
20241016;133054;1231;7;11305874605;S
20241016;133056;1231.2;9;11305874728;B
20241016;133112;1231;1;11305875964;S
20241016;133119;1231.2;2;11305876561;B
20241016;133119;1232.2;29;11305876562;B
20241016;133119;1232.6;9;11305876563;B
20241016;133120;1231.2;5;11305876604;B
20241016;133158;1231.2;2;11305879848;B
20241016;133159;1231.2;2;11305879944;B
20241016;133204;1231.2;2;11305880544;B
20241016;133240;1231;7;11305884279;S
20241016;133248;1231.2;4;11305884893;B
20241016;133255;1231.4;13;11305885521;S
20241016;133255;1231.2;2;11305885522;S
20241016;133255;1231.2;7;11305885585;S
20241016;133255;1231;5;11305885642;S
20241016;133303;1231;3;11305886603;S
20241016;133305;1231;2;11305886896;S
20241016;133355;1232.2;1;11305892050;B
20241016;133419;1231.2;1;11305893997;S
20241016;133454;1231.4;1;11305897421;S
20241016;133454;1231.2;5;11305897422;S
20241016;133711;1231.2;2;11305910633;S
20241016;133711;1231.2;2;11305910634;S
20241016;133711;1231.2;3;11305910635;S
20241016;133711;1231.4;13;11305910714;S
20241016;133711;1231.2;2;11305910715;S
20241016;133711;1231;1;11305910716;S
20241016;133711;1230.8;7;11305910717;S
20241016;133711;1231;2;11305910767;S
20241016;133711;1230.8;8;11305910899;S
20241016;133725;1231;3;11305912116;S
20241016;133727;1230.8;24;11305912389;S
20241016;133729;1230.8;4;11305912564;S
20241016;133729;1230.8;1;11305912819;S
20241016;133733;1230.8;3;11305913184;S
20241016;133749;1230.6;4;11305914634;B
20241016;133811;1230.6;2;11305916437;S
20241016;134128;1231;2;11305931226;S
20241016;134152;1231;11;11305932918;S
20241016;134152;1231;9;11305932919;S
20241016;134211;1232;1;11305934441;B
20241016;134218;1231;1;11305935259;S
20241016;134254;1231.2;2;11305938284;S
20241016;134301;1231.2;1;11305938889;S
20241016;134301;1231;4;11305938890;S
20241016;134302;1231.8;1;11305938948;B
20241016;134344;1231;2;11305941911;S
20241016;134433;1231;2;11305945886;S
20241016;134501;1231;2;11305948313;S
20241016;134501;1231;3;11305948398;S
20241016;134501;1231;1;11305948399;S
20241016;134501;1231;7;11305948400;S
20241016;134501;1230.6;1;11305948401;S
20241016;134501;1230.6;1;11305948402;S
20241016;134501;1230.6;1;11305948492;S
20241016;134501;1230.4;2;11305948493;S
20241016;134501;1230.4;1;11305948494;S
20241016;134501;1230.4;5;11305948495;S
20241016;134501;1230.4;5;11305948496;S
20241016;134501;1230.4;1;11305948497;S
20241016;134501;1230.2;1;11305948498;S
20241016;134501;1230.2;34;11305948581;S
20241016;134515;1230.6;1;11305949775;B
20241016;134620;1231.6;2;11305955560;B
20241016;134658;1230.6;5;11305959026;S
20241016;134720;1231.2;1;11305960714;B
20241016;134731;1231.6;6;11305961517;B
20241016;134731;1231.8;81;11305961518;B
20241016;134739;1231.8;6;11305962204;S
20241016;134801;1231.8;7;11305964207;S
20241016;134801;1231;2;11305964208;S
20241016;134820;1230.6;6;11305965762;S
20241016;134820;1230.6;7;11305965763;S
20241016;134820;1230.6;1;11305965764;S
20241016;134820;1230.4;3;11305965765;S
20241016;134931;1230.6;1;11305972149;B
20241016;134946;1231;2;11305973957;B
20241016;134953;1230.4;3;11305974925;S
20241016;134953;1230.4;10;11305974926;S
20241016;134953;1230.4;5;11305974941;S
20241016;134953;1230.4;2;11305974942;S
20241016;134953;1230.2;3;11305975009;S
20241016;134953;1230.2;166;11305975010;S
20241016;134953;1230;50;11305975011;S
20241016;134953;1230;174;11305975012;S
20241016;134953;1230;9;11305975095;S
20241016;135023;1230;9;11305978226;S
20241016;135059;1230.2;4;11305981785;B
20241016;135115;1230;9;11305983095;S
20241016;135202;1230.2;10;11305986930;B
20241016;135334;1230.2;7;11305993130;B
20241016;135340;1230.4;2;11305993500;S
20241016;135629;1230.4;10;11306003835;S
20241016;135710;1230.4;5;11306006521;S
20241016;135901;1230.6;65;11306013160;B
20241016;135930;1230.4;1;11306014652;S
20241016;135930;1230.4;3;11306014653;S
20241016;140004;1230.6;6;11306016688;S
20241016;140015;1231;1;11306017420;B
20241016;140015;1232.4;3;11306017421;B
20241016;140015;1232.6;24;11306017422;B
20241016;140015;1232.8;13;11306017423;B
20241016;140015;1233;25;11306017424;B
20241016;140015;1233.2;34;11306017425;B
20241016;140021;1232;2;11306017862;S
20241016;140258;1232;1;11306027279;B
20241016;140303;1232;1;11306027655;B
20241016;140309;1232;2;11306027922;B
20241016;140405;1232;1;11306031062;B
20241016;140405;1232;1;11306031063;B
20241016;140405;1232;5;11306031064;B
20241016;140648;1232.4;1;11306044860;B
20241016;140728;1232.6;1;11306047540;B
20241016;140729;1232.2;3;11306047623;S
20241016;140731;1232;4;11306047861;S
20241016;140820;1231.8;1;11306051674;S
20241016;140820;1231.8;2;11306051719;S
20241016;140820;1231.8;2;11306051741;S
20241016;140820;1231.8;6;11306051751;B
20241016;140831;1232;9;11306052897;B
20241016;140916;1231;1;11306056110;S
20241016;140916;1230.6;5;11306056111;S
20241016;140919;1230.4;3;11306056261;S
20241016;140922;1230.4;2;11306056567;S
20241016;140922;1230.4;4;11306056568;S
20241016;140923;1230.4;1;11306056661;S
20241016;140925;1230.2;1;11306056885;S
20241016;140926;1230.2;6;11306056899;S
20241016;140926;1230.2;4;11306056900;S
20241016;140926;1230;40;11306057068;S
20241016;140926;1230;2;11306057119;S
20241016;140927;1230;5;11306057276;S
20241016;140933;1230;2;11306058278;S
20241016;140935;1230;1;11306058568;S
20241016;140938;1230;9;11306058914;S
20241016;140941;1230;1;11306059208;S
20241016;140941;1230;1;11306059293;S
20241016;140941;1230;1;11306059505;S
20241016;140942;1230;2;11306059553;S
20241016;140946;1230;1;11306059953;S
20241016;140949;1230;9;11306060698;S
20241016;141014;1230;1;11306063298;S
20241016;141017;1230;2;11306063640;S
20241016;141021;1230;3;11306063949;S
20241016;141022;1230;2;11306064140;S
20241016;141103;1230;2;11306067073;S
20241016;141104;1230;1;11306067252;S
20241016;141108;1230;3;11306067547;S
20241016;141110;1230;1;11306067774;S
20241016;141117;1230;1;11306068320;S
20241016;141126;1230;109;11306069498;S
20241016;141126;1230;5;11306069499;S
20241016;141126;1230;6;11306069500;S
20241016;141126;1230;1;11306069501;S
20241016;141126;1230;20;11306069502;S
20241016;141126;1230;150;11306069503;S
20241016;141126;1229.8;3;11306069504;S
20241016;141126;1229.8;13;11306069505;S
20241016;141126;1229.6;1;11306069506;S
20241016;141126;1229.6;1;11306069507;S
20241016;141126;1229.6;2;11306069508;S
20241016;141126;1229.6;15;11306069509;S
20241016;141126;1229.4;153;11306069510;S
20241016;141126;1229.4;20;11306069511;S
20241016;141126;1229.4;1;11306069512;S
20241016;141137;1229.4;10;11306070375;S
20241016;141211;1230;1;11306073693;B
20241016;141223;1230;2;11306074725;B
20241016;141245;1230.2;5;11306076818;B
20241016;141245;1230.4;40;11306076819;B
20241016;141245;1231;2;11306076820;B
20241016;141245;1231;5;11306076821;B
20241016;141245;1231.2;81;11306076822;B
20241016;141245;1231.2;67;11306076823;B
20241016;141614;1230;1;11306095477;S
20241016;141614;1230;1;11306095478;S
20241016;141614;1229.4;11;11306095479;S
20241016;141614;1229.4;2;11306095609;S
20241016;141614;1229.4;1;11306095648;S
20241016;141630;1229.6;8;11306097362;B
20241016;141700;1229.8;4;11306101440;B
20241016;141706;1229.6;16;11306102469;B
20241016;141706;1229.6;30;11306102470;B
20241016;141729;1229.4;195;11306104373;S
20241016;141729;1229.4;5;11306104374;S
20241016;141825;1229.4;10;11306108269;S
20241016;141844;1229.4;11;11306109476;S
20241016;141855;1229.4;10;11306110471;S
20241016;141855;1229.4;5;11306110472;S
20241016;141923;1229.6;3;11306113327;B
20241016;142039;1229.6;1;11306123069;S
20241016;142124;1230.6;5;11306131541;B
20241016;142255;1230.6;4;11306138963;B
20241016;142424;1230.6;1;11306145278;B
20241016;142426;1230.6;1;11306145368;B
20241016;142641;1230.6;9;11306154165;B
20241016;142641;1230.8;1;11306154166;B
20241016;142645;1230;4;11306154465;S
20241016;142858;1230.8;1;11306163483;B
20241016;142926;1231.2;1;11306165118;B
20241016;143321;1231.4;2;11306184959;B
20241016;143321;1231.8;7;11306184960;B
20241016;143321;1232;15;11306184961;B
20241016;143321;1232.2;16;11306184962;B
20241016;143321;1232.2;40;11306184963;B
20241016;143321;1232.4;400;11306184964;B
20241016;143321;1233;6;11306184965;B
20241016;143321;1233.2;1;11306184966;B
20241016;143321;1233.6;26;11306184967;B
20241016;143321;1233.6;26;11306184969;B
20241016;143321;1233.6;23;11306184984;B
20241016;143403;1232.4;5;11306192002;S
20241016;143403;1232.4;9;11306192003;S
20241016;143403;1232.4;14;11306192004;S
20241016;143412;1233.4;2;11306192641;B
20241016;143414;1233.6;1;11306192824;B
20241016;143500;1233.6;2;11306196971;B
20241016;143500;1233.8;5;11306196972;B
20241016;143500;1233.8;3;11306196973;B
20241016;143500;1234;1;11306197036;B
20241016;143500;1234;2;11306197037;B
20241016;143622;1233;3;11306203741;S
20241016;143624;1232.4;1;11306203945;S
20241016;143624;1232.4;13;11306204016;S
20241016;143625;1232.4;1;11306204154;S
20241016;143625;1232.4;4;11306204201;S
20241016;143625;1231.2;1;11306204270;S
20241016;143625;1230.8;1;11306204275;B
20241016;143625;1230.8;5;11306204280;B
20241016;143630;1231;17;11306204809;S
20241016;143821;1232.2;1;11306215972;B
20241016;144258;1232.2;9;11306238781;S
20241016;144258;1232.2;1;11306238782;S
20241016;144258;1232;40;11306238783;S
20241016;144259;1232;40;11306238869;S
20241016;144259;1232;67;11306238870;S
20241016;144356;1231.6;13;11306242450;B
20241016;144359;1231.8;1;11306242670;B
20241016;144459;1231.8;5;11306252330;B
20241016;144502;1231.6;2;11306252481;S
20241016;144502;1230.8;5;11306252482;S
20241016;144502;1230.6;4;11306252483;S
20241016;144502;1230.6;5;11306252484;S
20241016;144502;1230.4;34;11306252485;S
20241016;144508;1230.4;2;11306252875;S
20241016;144527;1230.4;21;11306254370;S
20241016;144527;1230.4;5;11306254371;S
20241016;144527;1230.2;50;11306254372;S
20241016;144527;1230.2;24;11306254373;S
20241016;144542;1230.2;57;11306255336;S
20241016;144542;1230;2;11306255337;S
20241016;144542;1230;1;11306255338;S
20241016;144542;1230;10;11306255339;S
20241016;144542;1230;2;11306255340;S
20241016;144542;1230;1;11306255341;S
20241016;144542;1230;3;11306255342;S
20241016;144542;1230;24;11306255343;S
20241016;144940;1230;1;11306276897;S
20241016;145141;1230.6;3;11306285311;B
20241016;145141;1230.6;1;11306285312;B
20241016;145205;1230.2;6;11306286815;S
20241016;145205;1230;25;11306286816;S
20241016;145205;1230;2;11306286817;S
20241016;145205;1229.8;1;11306286818;S
20241016;145205;1229.8;1;11306286819;S
20241016;145205;1229.8;50;11306286820;S
20241016;145834;1230;1;11306319944;B
20241016;150103;1230;1;11306331346;B
20241016;150103;1230;7;11306331347;B
20241016;150115;1230;11;11306332230;B
20241016;150116;1230;11;11306332359;B
20241016;150138;1229.8;1;11306334020;S
20241016;150138;1229.6;1;11306334021;S
20241016;150138;1229.6;1;11306334022;S
20241016;150138;1229.6;4;11306334023;S
20241016;150138;1229.4;287;11306334024;S
20241016;150138;1229.4;6;11306334025;S
20241016;150146;1230;1;11306334945;B
20241016;150254;1229.4;10;11306342380;S
20241016;150320;1230;4;11306345531;B
20241016;150336;1230;3;11306346665;B
20241016;150356;1229.4;28;11306348208;S
20241016;150401;1229.4;1;11306348779;S
20241016;150434;1229.4;1;11306351708;S
20241016;150508;1230;1;11306354701;B
20241016;150527;1230;1;11306355975;B
20241016;150544;1229.4;17;11306357263;S
20241016;150655;1230;1;11306365248;B
20241016;150737;1230;1;11306370039;B
20241016;150850;1229.6;5;11306376466;S
20241016;150850;1229.6;20;11306376467;S
20241016;150850;1229.6;5;11306376468;S
20241016;150850;1229.4;15;11306376469;S
20241016;150904;1230;1;11306377690;B
20241016;151112;1229.4;1;11306387821;S
20241016;151125;1230;5;11306388748;B
20241016;151125;1230;5;11306388749;B
20241016;151125;1230.2;3;11306388808;B
20241016;151223;1230;20;11306392315;S
20241016;151256;1230.2;2;11306394208;B
20241016;151337;1230.2;1;11306396601;B
20241016;151356;1230.2;6;11306397832;B
20241016;151400;1230.2;6;11306398159;B
20241016;151509;1230.2;1;11306402642;B
20241016;151554;1230;1;11306406247;S
20241016;151705;1230;1;11306416468;S
20241016;151812;1230.2;2;11306423481;B
20241016;151855;1230;1;11306426098;S
20241016;151945;1230.2;2;11306428826;B
20241016;152208;1230.2;5;11306439639;B
20241016;152208;1230.2;2;11306439799;B
20241016;152209;1230.2;2;11306439872;B
20241016;152209;1230.2;18;11306439916;B
20241016;152209;1230.2;6;11306439917;B
20241016;152209;1230.2;19;11306440096;B
20241016;152209;1231.2;12;11306440097;B
20241016;152319;1231.4;4;11306447578;S
20241016;152326;1230.8;7;11306448215;S
20241016;152721;1231.8;13;11306465729;B
20241016;152749;1231.2;20;11306467168;S
20241016;152824;1232;13;11306471772;B
20241016;152909;1232;4;11306475318;B
20241016;152950;1231.8;13;11306477692;S
20241016;153024;1231.6;4;11306479687;S
20241016;153031;1231.6;1;11306481536;S
20241016;153100;1231.6;2;11306486107;S
20241016;153136;1232;13;11306488900;B
20241016;153145;1232;1;11306489412;B
20241016;153145;1232;3;11306489461;B
20241016;153150;1232;31;11306489889;B
20241016;153150;1232;62;11306490062;B
20241016;153252;1232;1;11306494412;B
20241016;153256;1232;1;11306494641;B
20241016;153558;1231.4;1;11306525115;S
20241016;153559;1231.2;11;11306525163;S
20241016;153559;1231.8;20;11306525164;B
20241016;153637;1231.6;2;11306528067;S
20241016;153741;1232;1;11306532920;B
20241016;153746;1231.8;16;11306533348;S
20241016;153746;1231.2;16;11306533349;S
20241016;153746;1231;5;11306533350;S
20241016;153747;1231;10;11306533376;B
20241016;153911;1230.8;1;11306539224;S
20241016;153911;1230.8;10;11306539225;S
20241016;153911;1230.4;7;11306539226;S
20241016;153911;1230.4;2;11306539227;S
20241016;153937;1231;4;11306541441;B
20241016;154015;1230.2;5;11306544727;S
20241016;154015;1230.2;1;11306544728;S
20241016;154025;1230.6;1;11306545409;B
20241016;154133;1230.2;100;11306549662;S
20241016;154312;1230;7;11306555838;S
20241016;154312;1230;11;11306555839;S
20241016;154422;1231;1;11306560601;B
20241016;154441;1231;1;11306561669;B
20241016;154508;1231;3;11306563250;B
20241016;154541;1231;5;11306564990;B
20241016;154605;1230.8;5;11306566358;B
20241016;154605;1230.8;3;11306566359;B
20241016;154713;1230.8;1;11306570936;B
20241016;154824;1230.4;5;11306576625;S
20241016;154824;1230.4;1;11306576626;S
20241016;154824;1230.2;3;11306576627;S
20241016;154824;1230.2;1;11306576628;S
20241016;155429;1230.8;1;11306651988;B
20241016;155652;1230.8;1;11306749701;B
20241016;155726;1230.8;2;11306752079;B
20241016;155920;1230.8;100;11306760460;B
20241016;155934;1230.2;3;11306761483;S
20241016;160235;1231;4;11306773110;B
20241016;160507;1230.8;2;11306784753;B
20241016;160508;1230.4;1;11306784802;S
20241016;160558;1230.8;1;11306788353;B
20241016;160617;1230.8;2;11306790070;B
20241016;160625;1230.8;1;11306790799;B
20241016;161308;1231;10;11306823698;B
20241016;161319;1231;3;11306824489;B
20241016;161322;1231;2;11306824753;B
20241016;161412;1231;22;11306828336;B
20241016;161446;1230.6;20;11306830770;S
20241016;161446;1230.6;13;11306830771;S
20241016;161446;1230.6;1;11306830772;S
20241016;161446;1230.2;5;11306830773;S
20241016;161446;1230.2;7;11306830774;S
20241016;161513;1230.8;3;11306832393;S
20241016;161516;1230.4;6;11306832606;S
20241016;161611;1230.2;23;11306835752;S
20241016;161611;1230.2;2;11306835753;S
20241016;162029;1231;1;11306855156;B
20241016;162035;1230.2;3;11306856301;S
20241016;162035;1230.2;10;11306856302;S
20241016;162035;1230.2;2;11306856303;S
20241016;162039;1230.2;5;11306857076;B
20241016;162122;1230;7;11306864935;S
20241016;162136;1230;40;11306865715;S
20241016;162145;1230;36;11306866280;S
20241016;162324;1230;22;11306872616;S
20241016;162343;1230;6;11306874113;S
20241016;162439;1230;3;11306877286;S
20241016;162514;1230.2;1;11306879203;B
20241016;162535;1230;7;11306880621;S
20241016;162539;1230.2;1;11306880816;B
20241016;162543;1230.2;7;11306881247;B
20241016;162543;1230.2;18;11306881248;B
20241016;162543;1230.2;53;11306881249;B
20241016;162646;1230.8;1;11306885848;B
20241016;162950;1230.2;1;11306900294;B
20241016;163235;1230;245;11306915660;S
20241016;163245;1230;1;11306916580;S
20241016;163335;1230.8;1;11306919487;B
20241016;163356;1230;5;11306920716;S
20241016;163414;1230;17;11306922116;S
20241016;163414;1230;1;11306922117;S
20241016;163414;1230;18;11306922118;S
20241016;163440;1230;1;11306924250;S
20241016;163551;1230;1;11306930995;S
20241016;163551;1230;2;11306930996;S
20241016;163551;1230;7;11306930997;S
20241016;163551;1230;5;11306931078;S
20241016;163552;1230;1;11306931136;S
20241016;163552;1230;1;11306931171;S
20241016;163552;1230;1;11306931175;S
20241016;163552;1230;1;11306931176;S
20241016;163552;1230;1;11306931177;S
20241016;163552;1230;4;11306931178;S
20241016;163552;1230;1;11306931179;S
20241016;163605;1230;1;11306932390;B
20241016;163829;1229.4;1;11306943736;S
20241016;163849;1229.4;72;11306945088;S
20241016;163906;1229.4;1;11306946125;S
20241016;163928;1229.4;1;11306948403;S
20241016;164031;1229.4;2;11306953165;S
20241016;164038;1229.4;50;11306953565;S
20241016;164117;1229.4;4;11306956280;S
20241016;164328;1230;6;11306964809;B
20241016;164624;1229.4;4;11306975679;S
20241016;164659;1229.4;2;11306978387;S
20241016;164731;1229.8;1;11306980273;B
20241016;164731;1229.8;3;11306980274;B
20241016;164803;1229.4;2;11306982522;S
20241016;164803;1229.4;1;11306982523;S
20241016;164803;1229.4;3;11306982524;S
20241016;165003;1229.8;1;11306989085;B
20241016;165032;1229.6;1;11306990421;S
20241016;165300;1229.8;3;11306999378;B
20241016;165337;1229.6;13;11307001331;B
20241016;165443;1229.6;1;11307005488;B
20241016;165447;1229.4;3;11307005672;S
20241016;165447;1229.4;1;11307005673;S
20241016;165447;1229.2;10;11307005674;S
20241016;165447;1229.2;5;11307005675;S
20241016;165447;1229.2;18;11307005676;S
20241016;165447;1229;10;11307005677;S
20241016;165447;1229;1;11307005678;S
20241016;165447;1229;1;11307005679;S
20241016;165447;1229;1;11307005680;S
20241016;165447;1229;116;11307005681;S
20241016;165447;1228.8;24;11307005682;S
20241016;165447;1228.8;10;11307005683;S
20241016;165447;1228.6;1;11307005685;S
20241016;165447;1228.6;10;11307005686;S
20241016;165447;1228.6;2;11307005687;S
20241016;165447;1228.6;5;11307005688;S
20241016;165447;1228.6;3;11307005689;S
20241016;165447;1228.6;7;11307005690;S
20241016;165500;1229;3;11307006530;S
20241016;165500;1228.4;1;11307006531;S
20241016;165500;1229.2;1;11307006548;B
20241016;165518;1229.2;1;11307007607;B
20241016;165528;1229.4;1;11307008200;B
20241016;165541;1229;1;11307008979;S
20241016;165612;1229;4;11307011192;S
20241016;165612;1229;2;11307011193;S
20241016;165612;1229;2;11307011194;S
20241016;165639;1228.8;2;11307012924;B
20241016;165658;1228.4;4;11307014056;S
20241016;165814;1228.4;5;11307018970;S
20241016;165814;1228.4;1;11307018971;S
20241016;165814;1228.4;18;11307018972;S
20241016;165814;1228.4;5;11307018973;S
20241016;165814;1228.4;5;11307018974;S
20241016;165814;1228.4;8;11307018975;S
20241016;165944;1228.4;80;11307023824;B
20241016;165951;1228.4;1;11307024081;B
20241016;165954;1228.4;3;11307024240;B
20241016;170203;1228.2;1;11307031771;S
20241016;170203;1228.2;1;11307031772;S
20241016;170203;1228.2;1;11307031773;S
20241016;170252;1228.4;16;11307034521;B
20241016;170304;1228.2;2;11307035307;S
20241016;170326;1228.4;1;11307036663;B
20241016;170355;1228.2;1;11307038366;S
20241016;170416;1228.4;1;11307039969;B
20241016;170420;1228.2;6;11307040142;S
20241016;170420;1228.2;1;11307040143;S
20241016;170420;1228.2;1;11307040144;S
20241016;170420;1228.2;2;11307040145;S
20241016;170420;1228.2;8;11307040146;S
20241016;170435;1228.4;3;11307040706;B
20241016;170547;1228.4;2;11307044075;B
20241016;170559;1228.2;8;11307044632;S
20241016;170614;1228.4;5;11307045387;B
20241016;170620;1228.4;3;11307045631;B
20241016;170623;1228.4;24;11307046110;B
20241016;170709;1228.2;506;11307049758;S
20241016;170709;1228.2;5;11307049759;S
20241016;170807;1228.4;3;11307052781;B
20241016;170826;1228.2;2;11307053822;S
20241016;170859;1228.4;1;11307055606;B
20241016;170859;1228.6;9;11307055607;B
20241016;170859;1228.6;1;11307055608;B
20241016;170859;1229.4;9;11307055609;B
20241016;171015;1229;1;11307060562;S
20241016;171100;1229;2;11307079016;S
20241016;171100;1228.6;13;11307079017;S
20241016;171100;1228.4;21;11307079018;S
20241016;171311;1228.6;20;11307129729;S
20241016;171323;1228.6;5;11307130365;S
20241016;171410;1229;1;11307133354;B
20241016;171452;1228.6;1;11307136307;S
20241016;171452;1228.6;79;11307136308;S
20241016;171806;1229.4;1;11307148242;B
20241016;171832;1228.8;8;11307149554;S
20241016;171917;1229.4;10;11307152111;B
20241016;172000;1229.4;6;11307154352;B
20241016;172151;1229.4;1;11307158803;B
20241016;172151;1229.4;1;11307158804;B
20241016;172348;1229.4;7;11307166158;B
20241016;172348;1229.8;3;11307166182;B
20241016;172425;1229.6;1;11307168438;B
20241016;172525;1228.8;3;11307171744;S
20241016;172622;1228.8;7;11307174655;S
20241016;172622;1228.8;13;11307174656;S
20241016;172622;1228.8;7;11307174657;S
20241016;172800;1228.6;1;11307179644;S
20241016;172800;1228.6;4;11307179645;S
20241016;172800;1228.4;15;11307179646;S
20241016;172829;1228.8;1;11307181144;B
20241016;172847;1228.8;10;11307182043;B
20241016;173107;1228.8;1;11307190512;B
20241016;173208;1228.4;258;11307194143;S
20241016;173218;1228.4;1;11307194965;S
20241016;173413;1228.8;11;11307201748;B
20241016;173413;1229;13;11307201749;B
20241016;173413;1229.2;37;11307201750;B
20241016;173413;1229.4;244;11307201751;B
20241016;173413;1229.6;7;11307201752;B
20241016;173413;1229.6;170;11307201753;B
20241016;173413;1229.8;24;11307201754;B
20241016;173413;1230;400;11307201755;B
20241016;173413;1230;1430;11307201756;B
20241016;173413;1229.6;60;11307201757;B
20241016;173413;1229.8;170;11307201758;B
20241016;173413;1230;99;11307201759;B
20241016;173428;1229.6;18;11307202480;B
20241016;173428;1229.8;31;11307202481;B
20241016;173515;1229.4;1;11307204790;B
20241016;173515;1229.6;2;11307204791;B
20241016;173515;1229.8;11;11307204792;B
20241016;173725;1229.6;20;11307213351;B
20241016;173743;1229.2;1;11307215597;S
20241016;173818;1229.2;12;11307217651;S
20241016;173818;1228.8;1;11307217674;S
20241016;173840;1228.8;1;11307219536;S
20241016;174013;1229;1;11307226052;B
20241016;174103;1228.8;4;11307230230;S
20241016;174103;1228.6;3;11307230251;S
20241016;174103;1228.4;1;11307230438;S
20241016;174104;1228.4;1;11307230756;S
20241016;174105;1228.8;4;11307231474;B
20241016;174105;1228.4;9;11307231644;S
20241016;174127;1228.4;6;11307247009;S
20241016;174128;1228.4;18;11307247708;S
20241016;174200;1228.4;17;11307259365;S
20241016;174329;1228.4;14;11307266759;S
20241016;174343;1228.4;5;11307267505;S
20241016;174502;1228.4;2;11307272208;S
20241016;174523;1228.4;1;11307273813;S
20241016;174724;1228.4;6;11307282508;S
20241016;175103;1228.4;17;11307297026;S
20241016;175256;1228.4;7;11307303769;S
20241016;175500;1228.4;1;11307313581;S
20241016;175518;1228.4;1;11307315197;S
20241016;175739;1228.4;145;11307325040;S
20241016;175739;1228.4;174;11307325041;S
20241016;175739;1228.4;1;11307325042;S
20241016;175739;1228.4;1;11307325043;S
20241016;175739;1228.4;1;11307325044;S
20241016;175739;1228.4;1;11307325045;S
20241016;175816;1228.2;41;11307329261;S
20241016;175817;1228.2;1;11307329300;S
20241016;175820;1228.2;8;11307329546;S
20241016;175823;1228.2;3;11307329868;S
20241016;175828;1228.2;1;11307330391;S
20241016;175828;1228.2;2;11307330424;S
20241016;175828;1228.2;1;11307330444;S
20241016;175828;1228.2;1;11307330476;S
20241016;175828;1228.2;2;11307330520;S
20241016;175833;1228.2;4;11307333231;S
20241016;175833;1228.2;2;11307333299;S
20241016;175834;1228.2;3;11307333467;S
20241016;175855;1228.2;1;11307335391;S
20241016;175914;1228.2;30;11307337161;S
20241016;175914;1228.2;1;11307337162;S
20241016;175914;1228.2;3;11307337163;S
20241016;175914;1228.2;1;11307337164;S
20241016;175922;1228.2;1;11307339507;S
20241016;175938;1228.2;18;11307341193;S
20241016;180153;1228.4;13;11307378966;B
20241016;180153;1228.4;20;11307378967;B
20241016;180153;1228.8;3;11307378968;B
20241016;180420;1228.8;10;11307494159;B
20241016;180426;1228.8;1;11307494477;B
20241016;180623;1228.2;7;11307503236;S
20241016;180623;1228.2;17;11307503292;S
20241016;180755;1228.8;1;11307509958;B
20241016;180809;1228.2;17;11307510769;S
20241016;180809;1228.2;14;11307510838;S
20241016;180858;1228.2;17;11307514415;S
20241016;180858;1228.2;1;11307514416;S
20241016;180858;1228.2;1;11307514417;S
20241016;180858;1228.2;1;11307514418;S
20241016;180951;1228.2;1;11307516971;S
20241016;181007;1228.8;1;11307518250;B
20241016;181047;1228.2;13;11307521212;S
20241016;181047;1228.2;6;11307521321;S
20241016;181109;1228.2;26;11307522786;S
20241016;181137;1228.8;2;11307524528;B
20241016;181241;1228.2;1;11307528863;S
20241016;181333;1228.8;1;11307532010;B
20241016;181506;1228.2;31;11307538696;S
20241016;181507;1228.2;62;11307539088;S
20241016;181507;1228.2;40;11307539321;S
20241016;181507;1228.2;3;11307539328;S
20241016;181507;1228.2;13;11307539458;S
20241016;181507;1228.2;13;11307539526;S
20241016;181509;1228.2;10;11307540302;S
20241016;181512;1228.2;8;11307540733;S
20241016;181513;1228.2;31;11307540851;S
20241016;181547;1228.4;1;11307543629;B
20241016;181652;1228.2;1;11307548656;S
20241016;181857;1228.2;5;11307557158;S
20241016;181916;1228.4;2;11307558500;B
20241016;181916;1228.4;3;11307558501;B
20241016;182110;1228.2;21;11307574166;S
20241016;182110;1228.2;1;11307574167;S
20241016;182143;1228;1;11307576799;S
20241016;182143;1228;1;11307576800;S
20241016;182143;1228;1;11307576801;S
20241016;182144;1228;10;11307576826;S
20241016;182144;1228;1;11307576827;S
20241016;182144;1228;1;11307576828;S
20241016;182144;1228;3;11307576829;S
20241016;182144;1228;1;11307576830;S
20241016;182144;1228;1;11307576843;S
20241016;182144;1228;5;11307576844;S
20241016;182340;1228;1;11307583420;S
20241016;182356;1228.2;18;11307584352;B
20241016;182420;1228.6;13;11307600313;B
20241016;182420;1228.6;4;11307600314;B
20241016;182528;1228.6;1;11307604936;B
20241016;182730;1228.2;1;11307612124;S
20241016;182730;1228.2;1;11307612125;S
20241016;182730;1228;6;11307612126;S
20241016;182754;1228.6;1;11307613567;B
20241016;182828;1228.6;10;11307615581;B
20241016;182911;1228.6;4;11307618343;B
20241016;183106;1228.4;1;11307625149;B
20241016;183217;1228;24;11307629383;S
20241016;183254;1228;7;11307631185;S
20241016;183256;1228.2;1;11307631251;B
20241016;183256;1228.2;20;11307631252;B
20241016;183256;1228.6;29;11307631253;B
20241016;183256;1228.6;27;11307631254;B
20241016;183325;1228.6;1;11307633012;B
20241016;183412;1228;7;11307635660;S
20241016;183412;1228;5;11307635661;S
20241016;183412;1228;6;11307635662;S
20241016;183412;1228;1;11307635663;S
20241016;183412;1228;11;11307635664;S
20241016;183421;1227.8;10;11307636218;S
20241016;183421;1227.8;16;11307636219;S
20241016;183500;1228.4;1;11307638642;B
20241016;183845;1228.2;4;11307656121;B
20241016;183925;1227.8;1;11307660524;S
20241016;183947;1228.4;4;11307662349;B
20241016;183947;1228.6;57;11307662350;B
20241016;183947;1228.8;58;11307662351;B
20241016;183947;1228.8;1;11307662352;B
20241016;183947;1228.8;13;11307662353;B
20241016;183947;1229;89;11307662354;B
20241016;184522;1229;1;11307680400;B
20241016;190435;1228.2;10;11307695932;S
20241016;190500;1228.2;1;11307697510;S
20241016;190815;1228.8;20;11307710283;B
20241016;190815;1228.8;40;11307710284;B
20241016;190815;1229;140;11307710285;B
20241016;190815;1229;41;11307710286;B
20241016;190815;1229;1;11307710287;B
20241016;191001;1229.2;7;11307714243;S
20241016;191001;1229.2;5;11307714244;S
20241016;191001;1229;10;11307714245;S
20241016;191001;1229;13;11307714246;S
20241016;191001;1228.4;18;11307714343;B
20241016;191001;1228.4;26;11307714344;B
20241016;191101;1228.4;10;11307716194;S
20241016;191123;1229;15;11307716850;S
20241016;191132;1229;8;11307717101;S
20241016;191133;1229;8;11307717173;S
20241016;191233;1229;2;11307718564;S
20241016;191342;1229.2;1;11307719785;B
20241016;191417;1229.2;4;11307720510;B
20241016;191424;1229;2;11307720722;S
20241016;191426;1229;3;11307720845;S
20241016;191428;1229;12;11307720981;S
20241016;191557;1229;1;11307722667;S
20241016;191936;1229.2;2;11307728140;B
20241016;192013;1229.2;1;11307729590;B
20241016;192057;1229.2;6;11307731313;B
20241016;192057;1229.2;6;11307731314;B
20241016;192337;1229;1;11307738937;S
20241016;192348;1229.4;5;11307739274;B
20241016;192414;1229.2;5;11307740174;B
20241016;192607;1229;1;11307743159;S
20241016;192636;1229;2;11307744014;S
20241016;192710;1229.2;1;11307745125;B
20241016;192710;1229.2;18;11307745126;B
20241016;192917;1229.2;11;11307751898;S
20241016;192917;1229;9;11307751899;S
20241016;193033;1229.6;1;11307754602;B
20241016;193147;1229.8;1;11307756900;B
20241016;193409;1229.4;1;11307761739;B
20241016;193754;1229.4;4;11307769798;B
20241016;193754;1229.8;7;11307769799;B
20241016;193754;1229.8;40;11307769800;B
20241016;193804;1230;30;11307770231;B
20241016;193810;1229.8;160;11307770559;S
20241016;193826;1230;4;11307771140;B
20241016;193832;1230;1;11307771355;B
20241016;193847;1230;1;11307771832;B
20241016;194202;1230;4;11307778006;B
20241016;194242;1230;1;11307779092;B
20241016;194452;1230;4;11307785286;B
20241016;194452;1230;6;11307785287;B
20241016;194452;1230;4;11307785288;B
20241016;194452;1230;1;11307785289;B
20241016;194521;1229.8;17;11307792222;S
20241016;194619;1230;1;11307799994;B
20241016;194814;1229.8;10;11307804540;S
20241016;194851;1230;3;11307805542;B
20241016;194903;1230;13;11307805939;S
20241016;195003;1231;8;11307807332;B
20241016;195005;1230.2;2;11307807417;S
20241016;195005;1229.8;2;11307807418;S
20241016;195022;1229.8;1;11307807800;S
20241016;195104;1229.8;5;11307808859;S
20241016;195111;1230;3;11307809142;B
20241016;195214;1230;3;11307810728;S
20241016;195231;1230;2;11307811328;S
20241016;195231;1229.8;3;11307811329;S
20241016;195231;1229.8;3;11307811330;S
20241016;195231;1229;1;11307811331;S
20241016;195231;1229;1;11307811332;S
20241016;195231;1229;1;11307811333;S
20241016;195231;1229;16;11307811334;S
20241016;195252;1228.8;1;11307811912;S
20241016;195252;1228.8;9;11307811913;S
20241016;195431;1229;1;11307816078;B
20241016;195520;1229.2;5;11307817225;S
20241016;195520;1229;6;11307817226;S
20241016;200339;1229.2;6;11307829588;S
20241016;200352;1229;1;11307829863;S
20241016;200419;1229;8;11307830535;S
20241016;200530;1229.4;1;11307832419;B
20241016;200538;1229.4;1;11307832582;B
20241016;200703;1229.4;1;11307834658;B
20241016;200936;1229.4;10;11307839511;S
20241016;201033;1229.4;3;11307840647;S
20241016;201122;1229.4;20;11307841847;S
20241016;201238;1230.4;5;11307843512;B
20241016;201238;1230.4;3;11307843513;B
20241016;201238;1230.8;13;11307843514;B
20241016;201238;1231;14;11307843515;B
20241016;201238;1231;8;11307843516;B
20241016;201238;1231;3;11307843517;B
20241016;201238;1231;39;11307843518;B
20241016;201614;1230;1;11307848685;S
20241016;201614;1229.8;1;11307848686;S
20241016;201616;1229.6;2;11307848763;S
20241016;201634;1229.6;8;11307849313;S
20241016;201636;1229.6;3;11307849535;S
20241016;201653;1229.6;2;11307850236;S
20241016;201653;1229.4;5;11307850237;S
20241016;201655;1229.6;2;11307850259;B
20241016;201740;1229.6;1;11307851344;S
20241016;201748;1231;1;11307851515;B
20241016;201748;1231;2;11307851516;B
20241016;201805;1231;7;11307852005;S
20241016;201805;1229.8;3;11307852006;S
20241016;202109;1230;7;11307856654;S
20241016;202215;1230.2;2;11307858103;S
20241016;202218;1230.2;1;11307858225;S
20241016;202248;1230.4;1;11307858803;B
20241016;202321;1230.2;2;11307859359;S
20241016;202321;1230;2;11307859360;S
20241016;202330;1230.2;1;11307859488;B
20241016;202717;1230;10;11307863156;S
20241016;202729;1230.2;2;11307863389;B
20241016;203115;1230;22;11307867457;S
20241016;203115;1230;28;11307867458;S
20241016;203150;1230.2;1;11307868047;B
20241016;203232;1230;2;11307868751;S
20241016;203329;1230;10;11307869594;S
20241016;203344;1230.2;2;11307869871;B
20241016;203608;1230.2;2;11307872404;B
20241016;203814;1230.2;1;11307877115;B
20241016;203858;1230;2;11307877738;S
20241016;203922;1230.2;4;11307878030;B
20241016;204028;1230;1;11307879037;S
20241016;204028;1229.6;2;11307879038;S
20241016;204038;1229.6;1;11307879211;S
20241016;204109;1229.6;4;11307879763;S
20241016;204151;1229.6;1;11307880510;S
20241016;204242;1229.6;4;11307881233;S
20241016;204242;1229.6;1;11307881234;S
20241016;204617;1229.6;1;11307884649;B
20241016;204618;1229.4;1;11307884650;S
20241016;204618;1229.4;9;11307884706;S
20241016;204640;1229.6;2;11307884984;B
20241016;204647;1229.6;1;11307885072;B
20241016;204647;1229.6;1;11307885073;B
20241016;204733;1229.6;3;11307885747;B
20241016;204920;1229.4;1;11307887317;S
20241016;204920;1229.4;1;11307887318;S
20241016;204920;1229.2;12;11307887319;S
20241016;204926;1229.2;4;11307887441;S
20241016;204945;1229.2;1;11307887769;S
20241016;205131;1229.4;4;11307889505;B
20241016;205303;1229.4;1;11307890838;B
20241016;205439;1229.2;8;11307892120;S
20241016;205439;1229.2;1;11307892130;S
20241016;205441;1229.4;2;11307892148;B
20241016;205607;1229.4;1;11307893656;B
20241016;205837;1229.2;1;11307896726;S
20241016;205920;1229.4;2;11307897579;B
20241016;210133;1229.4;1;11307899639;B
20241016;210559;1229.4;1;11307902745;B
20241016;210645;1229.4;4;11307903235;B
20241016;210911;1229.2;21;11307904821;S
20241016;210930;1229.4;3;11307905049;B
20241016;211249;1229.4;2;11307907150;B
20241016;211254;1229.4;2;11307907257;B
20241016;211322;1229.4;2;11307907523;B
20241016;211509;1229.4;4;11307908675;B
20241016;211618;1229.4;75;11307909393;B
20241016;211618;1229.4;10;11307909394;B
20241016;211918;1230.6;9;11307911504;B
20241016;211918;1231.4;5;11307911505;B
20241016;211918;1231.4;2;11307911506;B
20241016;212519;1229.8;1;11307917797;S
20241016;212722;1229.8;20;11307920909;S
20241016;212722;1229.8;13;11307920910;S
20241016;212742;1229.4;1;11307921133;S
20241016;212823;1229.4;1;11307921667;B
20241016;212942;1229.4;6;11307922663;B
20241016;213232;1229.2;33;11307924284;S
20241016;213232;1229.2;1;11307924285;S
20241016;213232;1229;1;11307924286;S
20241016;213232;1229;22;11307924287;S
20241016;213413;1229.4;2;11307925194;B
20241016;213433;1229;22;11307925407;S
20241016;213536;1229.4;1;11307926128;B
20241016;213804;1229;39;11307927579;S
20241016;213845;1229;11;11307927968;S
20241016;213951;1229;1;11307928673;S
20241016;214043;1229;2;11307929146;S
20241016;214113;1229.2;4;11307929474;B
20241016;214135;1229.2;1;11307929687;B
20241016;214141;1229.2;1;11307929745;B
20241016;214405;1229.2;1;11307936226;B
20241016;214413;1229.2;1;11307936358;S
20241016;214959;1229.8;5;11307940014;B
20241016;215530;1229.8;2;11307943543;B
20241016;215544;1229.8;1;11307943708;B
20241016;220137;1229.2;6;11307948298;S
20241016;220704;1229.8;2;11307952539;B
20241016;221001;1229.8;1;11307954463;B
20241016;221035;1229.2;1;11307954844;S
20241016;221239;1229.8;2;11307956139;B
20241016;222005;1229.8;1;11307960570;B
20241016;222543;1229.8;10;11307963797;B
20241016;224124;1229.8;8;11307986781;B
20241016;224312;1229.8;2;11307987842;B
20241016;224328;1229.6;20;11307987970;S
20241016;224328;1229.6;1;11307987971;S
20241016;224401;1229.6;1;11307988291;B
20241016;224406;1229.6;2;11307988335;B
20241016;224448;1229.6;20;11307988746;S
20241016;224452;1229.4;1;11307988783;S
20241016;224643;1229.6;2;11307989812;S
20241016;224910;1229.6;20;11307991388;S
20241016;224922;1229.6;8;11307991561;B
20241016;225158;1229.6;4;11307993990;B
20241016;225420;1229.6;1;11307996337;B
20241016;230032;1229.8;1;11308000776;B
20241016;230144;1229.8;2;11308001651;B
20241016;231007;1229.8;1;11308007087;B
20241016;231346;1229.8;8;11308008901;B
20241016;231403;1229.8;1;11308009036;B
20241016;231804;1229.4;70;11308010788;S
20241016;231828;1229.4;2;11308010946;S
20241016;231956;1229.4;45;11308011619;S
20241016;232004;1229.4;1;11308011693;S
20241016;232141;1229.4;1;11308012456;S
20241016;232248;1229.8;8;11308012917;B
20241016;232259;1229.8;1;11308013031;B
20241016;232858;1229.4;5;11308016213;S
20241016;232948;1229.8;2;11308016701;B
20241016;233011;1229.4;7;11308017064;S
20241016;233835;1229.4;9;11308022507;S
20241016;233926;1229.8;15;11308023243;B
20241016;234203;1229.8;4;11308025421;B
20241016;234206;1229.6;1;11308025469;S
20241016;234345;1229.6;1;11308026654;S
20241016;234406;1229.8;5;11308026984;B
20241016;234631;1229.6;46;11308029905;S
20241016;234937;1229.6;3;11308033108;S
20241016;234958;1229.6;119;11308033851;S
20241016;234958;1229.4;105;11308033852;S
20241016;234958;1229.4;25;11308033853;S
