<DATE>;<TIME>;<LAST>;<VOL>;<ID>;<OPER>
20241017;095931;1228.2;1;11308037770;S
20241017;095931;1228.2;7;11308037771;B
20241017;100000;1228.2;2;11308043219;B
20241017;100000;1229;1;11308043223;B
20241017;100001;1229.6;12;11308043535;B
20241017;100001;1229.6;6;11308043536;B
20241017;100001;1229.8;1;11308043537;B
20241017;100001;1229.8;10;11308043538;B
20241017;100002;1230.4;111;11308043935;S
20241017;100002;1230;129;11308043936;S
20241017;100002;1229.8;170;11308043937;S
20241017;100002;1229.6;30;11308043938;S
20241017;100003;1228.6;1;11308044773;S
20241017;100005;1228.2;1;11308046650;S
20241017;100007;1228.2;1;11308049573;S
20241017;100018;1228.8;4;11308053570;B
20241017;100019;1228.8;5;11308053669;B
20241017;100055;1228.2;30;11308062772;S
20241017;100103;1228.2;3;11308064665;S
20241017;100125;1228.2;3;11308070624;S
20241017;100254;1228.6;1;11308092619;B
20241017;100312;1228.6;28;11308095706;B
20241017;100317;1228.6;13;11308097081;B
20241017;100317;1228.8;4;11308097082;B
20241017;100335;1229.4;24;11308100536;B
20241017;100335;1229.4;10;11308100537;B
20241017;100335;1229.8;6;11308100538;B
20241017;100335;1229.8;4;11308100558;B
20241017;100335;1230;3;11308100559;B
20241017;100335;1231;1;11308100560;B
20241017;100335;1231.4;7;11308100561;B
20241017;100335;1231.4;3;11308100562;B
20241017;100335;1232;3;11308100563;B
20241017;100335;1232.2;44;11308100564;B
20241017;100335;1232.4;5;11308100565;B
20241017;100336;1232.2;50;11308100740;B
20241017;100336;1232.6;1;11308100741;B
20241017;100336;1233.2;24;11308100742;B
20241017;100336;1233.4;20;11308100894;B
20241017;100338;1233.6;48;11308101398;B
20241017;100344;1234.2;1;11308102724;B
20241017;100344;1234.2;3;11308102725;B
20241017;100344;1234.4;4;11308102726;B
20241017;100345;1234.2;3;11308102785;B
20241017;100357;1232.8;1;11308105092;S
20241017;100358;1234.2;1;11308105197;B
20241017;100430;1233.4;1;11308110919;B
20241017;100431;1233.6;30;11308111270;B
20241017;100448;1232.2;1;11308114658;S
20241017;100455;1233.6;2;11308116180;B
20241017;100455;1233.8;4;11308116181;B
20241017;100455;1233.4;23;11308116182;B
20241017;100456;1232;1;11308116442;S
20241017;100500;1233.4;20;11308117388;S
20241017;100520;1232.8;13;11308122089;S
20241017;100520;1232;7;11308122090;S
20241017;100520;1232;42;11308122091;S
20241017;100520;1231.4;1;11308122092;S
20241017;100523;1231.8;13;11308122793;B
20241017;100523;1232.4;190;11308122794;B
20241017;100523;1232.6;40;11308122795;B
20241017;100539;1232.6;6;11308125325;S
20241017;100540;1232.6;8;11308125377;S
20241017;100540;1230.4;4;11308125425;S
20241017;100540;1230.2;22;11308125426;S
20241017;100540;1230;64;11308125427;S
20241017;100543;1230.8;4;11308126652;S
20241017;100545;1231.8;50;11308127076;B
20241017;100554;1232.2;15;11308128584;B
20241017;100555;1231.6;7;11308128807;S
20241017;100555;1230.2;20;11308128808;S
20241017;100555;1230;13;11308128809;S
20241017;100555;1230;1;11308128810;S
20241017;100555;1229.8;24;11308128811;S
20241017;100555;1229.6;10;11308128812;S
20241017;100555;1228.8;4;11308128813;S
20241017;100555;1228.6;15;11308128814;S
20241017;100556;1230.2;13;11308129001;B
20241017;100556;1230.4;24;11308129002;B
20241017;100556;1230.6;400;11308129003;B
20241017;100556;1232.2;31;11308129004;B
20241017;100556;1232.4;82;11308129005;B
20241017;100556;1232.6;18;11308129006;B
20241017;100612;1232.4;18;11308132993;S
20241017;100615;1232.4;20;11308133717;S
20241017;100619;1232.2;20;11308134446;S
20241017;100619;1231.8;20;11308134491;S
20241017;100622;1231.6;5;11308135140;S
20241017;100702;1232.4;1;11308143556;B
20241017;100724;1232;12;11308146811;S
20241017;100726;1232.4;1;11308147064;B
20241017;100726;1232.4;1;11308147117;B
20241017;100815;1232.4;1;11308154479;B
20241017;100815;1232.6;39;11308154480;B
20241017;100933;1231.4;1;11308167800;S
20241017;101029;1233;4;11308176080;B
20241017;101036;1232.4;5;11308177579;S
20241017;101045;1233;2;11308179236;B
20241017;101137;1232.6;20;11308187434;S
20241017;101137;1232.4;1;11308187435;S
20241017;101137;1232.4;40;11308187436;S
20241017;101137;1231.4;8;11308187437;S
20241017;101256;1231.8;5;11308199032;B
20241017;101256;1231.8;170;11308199033;B
20241017;101256;1231.8;13;11308199034;B
20241017;101256;1232;71;11308199035;B
20241017;101503;1231.8;31;11308216452;B
20241017;101509;1231.8;1;11308217610;B
20241017;101509;1231.8;1;11308217698;B
20241017;101509;1231.8;1;11308217794;B
20241017;101510;1231.8;1;11308217831;B
20241017;101510;1231.8;1;11308217889;B
20241017;101515;1231.4;20;11308219970;S
20241017;101515;1231.2;13;11308219971;S
20241017;101515;1231;22;11308219972;S
20241017;101516;1231.8;12;11308220443;B
20241017;101519;1231;2;11308221398;S
20241017;101519;1231;14;11308221399;S
20241017;101652;1231;20;11308239188;S
20241017;101652;1230.6;5;11308239189;S
20241017;101705;1231.6;1;11308240567;B
20241017;101730;1230.4;16;11308243807;S
20241017;101739;1230.2;1;11308245073;S
20241017;101853;1230.4;1;11308257697;S
20241017;101900;1231;4;11308258855;B
20241017;101900;1231;1;11308258856;B
20241017;101904;1231.4;2;11308259557;B
20241017;101916;1231;15;11308261365;S
20241017;102000;1231;13;11308269169;S
20241017;102012;1231.2;4;11308271680;B
20241017;102017;1231;119;11308272848;S
20241017;102017;1231;26;11308272850;S
20241017;102017;1231;52;11308272856;S
20241017;102017;1231;20;11308272857;S
20241017;102118;1230.2;2;11308291671;S
20241017;102118;1230.2;20;11308291672;S
20241017;102118;1230;180;11308291673;S
20241017;102123;1229;1;11308292611;S
20241017;102123;1229;1;11308292612;S
20241017;102123;1229;3;11308292613;S
20241017;102147;1229;2;11308299478;B
20241017;102239;1228.4;1;11308315267;S
20241017;102329;1229.2;1;11308328657;B
20241017;102329;1229.2;13;11308328658;B
20241017;102350;1229;20;11308334827;S
20241017;102350;1228.6;6;11308334828;S
20241017;102415;1229.8;2;11308339705;B
20241017;102433;1228.6;20;11308342444;S
20241017;102433;1228.4;1;11308342445;S
20241017;102433;1228.4;9;11308342446;S
20241017;102502;1229.6;1;11308347025;S
20241017;102546;1229.6;5;11308352028;S
20241017;102548;1229.6;1;11308352197;S
20241017;102603;1229.6;20;11308353938;S
20241017;102609;1229.2;6;11308354806;S
20241017;102658;1229.6;20;11308361442;B
20241017;102658;1229.6;170;11308361443;B
20241017;102658;1229.6;1;11308361444;B
20241017;102658;1229.6;1;11308361445;B
20241017;102745;1229.6;11;11308367686;S
20241017;102822;1229.6;2;11308372610;S
20241017;102856;1229.6;1;11308376812;S
20241017;102924;1229.8;5;11308379936;B
20241017;102924;1229.8;2;11308379937;B
20241017;102925;1229.8;4;11308380060;B
20241017;102925;1229.8;9;11308380167;B
20241017;102925;1229.8;4;11308380348;B
20241017;102927;1229.8;1;11308380659;B
20241017;102927;1229.8;1;11308380768;B
20241017;102947;1229.6;17;11308382994;S
20241017;103007;1229.8;31;11308387480;B
20241017;103019;1229.8;10;11308389832;B
20241017;103032;1229.8;1;11308391525;B
20241017;103054;1229.8;1;11308394452;B
20241017;103109;1229.6;360;11308396032;S
20241017;103109;1229.6;9;11308396054;S
20241017;103331;1229.8;1;11308412596;B
20241017;103331;1229.8;5;11308412597;B
20241017;103331;1229.8;26;11308412678;B
20241017;103333;1229.8;7;11308413039;B
20241017;103407;1229.8;12;11308417953;B
20241017;103424;1229.8;2;11308419989;S
20241017;103427;1229.8;43;11308420601;S
20241017;103427;1229.8;7;11308420602;S
20241017;103447;1229.8;2;11308423902;S
20241017;103536;1229.6;20;11308431821;S
20241017;103646;1230;1;11308443015;B
20241017;103652;1230;20;11308443521;B
20241017;103916;1230;1;11308461169;B
20241017;103920;1229.8;4;11308461711;S
20241017;103920;1229.8;12;11308461712;S
20241017;103923;1229.8;1;11308462274;S
20241017;103934;1229.8;2;11308463318;S
20241017;103934;1229.8;1;11308463319;S
20241017;104046;1230;52;11308473177;B
20241017;104050;1229.8;1;11308474101;S
20241017;104050;1229.8;4;11308474102;S
20241017;104052;1229.6;5;11308474340;S
20241017;104055;1229.6;5;11308474659;S
20241017;104057;1229.6;5;11308474896;S
20241017;104105;1230;7;11308475719;B
20241017;104150;1229.8;6;11308483793;B
20241017;104227;1229.8;2;11308488066;B
20241017;104245;1229.6;1;11308490009;S
20241017;104245;1229.6;5;11308490034;S
20241017;104249;1229.6;5;11308490376;S
20241017;104249;1229.6;329;11308490377;S
20241017;104249;1229.6;33;11308490378;S
20241017;104249;1229.6;1;11308490379;S
20241017;104249;1229.6;1;11308490380;S
20241017;104249;1229.6;20;11308490381;S
20241017;104249;1229.6;1;11308490382;S
20241017;104252;1229.6;1;11308490624;S
20241017;104332;1229.6;20;11308496437;S
20241017;104505;1228.8;5;11308507314;S
20241017;104520;1229.2;1;11308509244;B
20241017;104715;1229;3;11308522343;S
20241017;104723;1228.4;1;11308523234;S
20241017;105210;1228.4;1;11308566339;S
20241017;105210;1228.4;50;11308566340;S
20241017;105308;1228.4;1;11308573419;B
20241017;105408;1229;1;11308581649;B
20241017;105408;1229;1;11308581650;B
20241017;105408;1229;14;11308581651;B
20241017;105419;1229;34;11308582651;S
20241017;105735;1229.4;1;11308625115;B
20241017;105735;1229.4;4;11308625116;B
20241017;105735;1229.6;20;11308625117;B
20241017;105805;1229.2;1;11308628505;S
20241017;105805;1229.2;1;11308628506;S
20241017;105831;1229.2;10;11308635127;S
20241017;105935;1229.2;8;11308646387;S
20241017;105935;1229.2;1;11308646388;S
20241017;105935;1229.2;3;11308646389;S
20241017;105945;1229;2;11308647806;S
20241017;105945;1229;3;11308647807;S
20241017;110106;1229;8;11308657332;S
20241017;110348;1229;245;11308685908;S
20241017;110348;1229;1;11308685909;S
20241017;110608;1228.4;2;11308715922;S
20241017;110941;1228.2;1;11308765555;S
20241017;110941;1228.2;1;11308765556;S
20241017;110941;1228;5;11308765557;S
20241017;110941;1228;1;11308765558;S
20241017;110941;1228;1;11308765559;S
20241017;110941;1228;1;11308765560;S
20241017;110941;1228;10;11308765561;S
20241017;110941;1228;1;11308765562;S
20241017;111044;1227.6;3;11308778534;S
20241017;111044;1227.6;1;11308778535;S
20241017;111044;1227.2;1;11308778536;S
20241017;111044;1227.2;3;11308778537;S
20241017;111044;1227;5;11308778538;S
20241017;111044;1226.8;2;11308778539;S
20241017;111044;1227;18;11308778546;S
20241017;111044;1227;7;11308778548;S
20241017;111044;1227;3;11308778549;S
20241017;111045;1227;23;11308778655;S
20241017;111045;1226.8;24;11308778721;S
20241017;111045;1226.6;6;11308778722;S
20241017;111045;1227;1;11308778757;B
20241017;111046;1227;1;11308778820;B
20241017;111046;1227;1;11308778858;B
20241017;111051;1227;1;11308779933;B
20241017;111224;1227;2;11308796698;B
20241017;111224;1226.6;1;11308796777;S
20241017;111224;1226.4;1;11308796778;S
20241017;111224;1226.4;1;11308796779;S
20241017;111224;1226.4;5;11308796780;S
20241017;111224;1226.4;2;11308796781;S
20241017;111302;1226.4;48;11308802331;S
20241017;111306;1226.2;1;11308802968;B
20241017;111334;1226;19;11308807236;S
20241017;111342;1226.2;4;11308808498;B
20241017;111342;1226.2;18;11308808499;B
20241017;111416;1226.4;1;11308813097;B
20241017;111427;1226.4;1;11308814539;B
20241017;111428;1226.4;1;11308814647;B
20241017;111432;1226.4;13;11308815288;B
20241017;111442;1226;1;11308816670;S
20241017;111506;1226.4;5;11308820061;B
20241017;111522;1226.2;1;11308822370;S
20241017;111526;1226.2;5;11308822780;S
20241017;111526;1226.2;1;11308822887;S
20241017;111527;1226.4;2;11308822985;B
20241017;111552;1226.4;1;11308829141;B
20241017;111608;1226.4;3;11308835371;B
20241017;111614;1226.4;2;11308838125;B
20241017;111624;1226.4;5;11308841410;B
20241017;111645;1226.4;1;11308846873;B
20241017;111649;1226.2;1;11308847725;S
20241017;111658;1226.4;4;11308849542;B
20241017;111658;1226.4;13;11308849663;B
20241017;111658;1226.4;1;11308849664;B
20241017;111721;1226.8;6;11308854188;B
20241017;111721;1226.8;1;11308854189;B
20241017;111721;1226.8;11;11308854190;B
20241017;111721;1226.8;9;11308854242;B
20241017;111721;1227;8;11308854243;B
20241017;111724;1227;12;11308855007;B
20241017;111724;1227;58;11308855008;B
20241017;111724;1227;3;11308855009;B
20241017;111726;1228.4;2;11308855241;B
20241017;111732;1229.2;1;11308856556;B
20241017;111737;1229.4;18;11308858382;S
20241017;111737;1229.2;7;11308858383;S
20241017;111741;1229.6;5;11308859150;B
20241017;111741;1229.6;15;11308859151;B
20241017;111743;1229.6;10;11308859324;B
20241017;111745;1229.6;1;11308859761;B
20241017;111745;1229.6;4;11308859811;B
20241017;111746;1229.6;15;11308860093;B
20241017;111747;1229.6;5;11308860261;B
20241017;111747;1229.6;2;11308860262;B
20241017;111747;1229.6;1;11308860341;B
20241017;111747;1229.6;1;11308860391;B
20241017;111750;1229.8;1;11308861089;B
20241017;111820;1229.8;1;11308868251;B
20241017;111849;1229.8;15;11308879515;B
20241017;111855;1229.4;1;11308880279;S
20241017;111907;1229.4;1;11308882060;S
20241017;111941;1229.8;5;11308886958;B
20241017;112009;1229.8;4;11308890787;B
20241017;112207;1229.6;1;11308907732;S
20241017;112331;1229.8;10;11308926080;B
20241017;112401;1229.6;3;11308932778;S
20241017;112408;1229.4;9;11308933971;S
20241017;112431;1228.2;3;11308936928;S
20241017;112706;1229;1;11308957299;B
20241017;112708;1228.2;5;11308957879;S
20241017;112708;1228.2;4;11308957880;S
20241017;112708;1228.2;12;11308957881;S
20241017;112708;1228;1;11308957882;S
20241017;112708;1228;13;11308957883;S
20241017;112708;1228;23;11308957884;S
20241017;112723;1228.2;13;11308963264;S
20241017;112723;1228.2;82;11308963265;S
20241017;112723;1228;115;11308963266;S
20241017;112723;1228;1;11308963267;S
20241017;112728;1228;1;11308964905;B
20241017;112731;1227.2;1;11308965792;S
20241017;112731;1227.2;1;11308965793;S
20241017;112731;1227.2;18;11308965794;S
20241017;112731;1227;20;11308965795;S
20241017;112731;1227;41;11308965796;S
20241017;112918;1227.4;2;11309010098;S
20241017;113117;1227.4;1;11309130459;S
20241017;113117;1227.4;1;11309130460;S
20241017;113117;1227;18;11309130461;S
20241017;113117;1226.8;82;11309130462;S
20241017;113131;1226.4;7;11309143275;S
20241017;113131;1226.2;3;11309143276;S
20241017;113131;1226.2;21;11309143277;S
20241017;113141;1227.6;6;11309154443;B
20241017;113141;1227.8;1;11309154444;B
20241017;113141;1227.8;15;11309154445;B
20241017;113153;1227.4;1;11309167037;S
20241017;113153;1227;1;11309167038;S
20241017;113153;1226.8;10;11309167039;S
20241017;113201;1226.8;10;11309176084;S
20241017;113206;1227.2;18;11309181278;S
20241017;113206;1227;30;11309181279;S
20241017;113206;1226.8;37;11309181280;S
20241017;113206;1226.8;13;11309181281;S
20241017;113206;1226.4;10;11309181282;S
20241017;113206;1226.4;6;11309181283;S
20241017;113206;1226.2;28;11309181284;S
20241017;113231;1226.6;33;11309208107;S
20241017;113231;1226.4;10;11309208108;S
20241017;113420;1226.8;5;11309319869;B
20241017;113431;1226.4;1;11309331817;S
20241017;113442;1226.8;1;11309343804;B
20241017;113501;1226.4;1;11309364634;S
20241017;113700;1226.8;13;11309490829;B
20241017;113701;1226.4;1;11309492004;S
20241017;113701;1226.4;1;11309492005;S
20241017;113701;1226.2;1;11309492006;S
20241017;113701;1226.2;1;11309492007;S
20241017;113742;1226.8;1;11309536048;B
20241017;113750;1226.8;4;11309544745;B
20241017;113801;1226.2;1;11309557180;S
20241017;113826;1226.8;1;11309583662;B
20241017;113923;1226.8;2;11309640493;B
20241017;113930;1226.8;1;11309647858;B
20241017;113931;1226.2;1;11309648933;S
20241017;113933;1226.8;1;11309650168;B
20241017;113933;1226.8;1;11309650906;B
20241017;113933;1226.8;1;11309651041;B
20241017;113933;1226.8;1;11309651042;B
20241017;113934;1226.8;1;11309651372;B
20241017;113934;1226.8;1;11309651495;B
20241017;113934;1226.8;1;11309651510;B
20241017;113934;1226.8;1;11309651834;B
20241017;113934;1226.8;1;11309652370;B
20241017;113935;1226.8;1;11309652414;B
20241017;113935;1226.8;1;11309652416;B
20241017;113935;1226.2;1;11309652924;S
20241017;113936;1226.8;1;11309653457;B
20241017;113936;1226.8;1;11309653664;B
20241017;113936;1226.8;1;11309653791;B
20241017;113937;1226.8;1;11309654193;B
20241017;113937;1226.8;1;11309654194;B
20241017;113937;1226.8;1;11309654212;B
20241017;113937;1226.8;1;11309654526;B
20241017;113937;1226.8;1;11309655232;B
20241017;113937;1226.8;1;11309655292;B
20241017;113938;1226.8;1;11309655421;B
20241017;113938;1226.8;1;11309655488;B
20241017;113938;1226.8;1;11309655670;B
20241017;113938;1226.8;1;11309655674;B
20241017;113938;1226.8;1;11309655996;B
20241017;113938;1226.8;1;11309656200;B
20241017;113938;1226.8;1;11309656394;B
20241017;113939;1226.8;1;11309656622;B
20241017;113939;1226.8;1;11309656623;B
20241017;113939;1226.8;1;11309656625;B
20241017;113939;1226.8;1;11309656899;B
20241017;113939;1226.8;3;11309657112;B
20241017;113939;1226.8;1;11309657114;B
20241017;113939;1226.8;2;11309657115;B
20241017;113939;1226.8;1;11309657400;B
20241017;113940;1226.8;1;11309657404;B
20241017;113940;1226.8;1;11309657414;B
20241017;113940;1226.8;1;11309657429;B
20241017;113940;1226.8;2;11309657433;B
20241017;113940;1226.8;1;11309657435;B
20241017;113940;1226.8;1;11309657437;B
20241017;113940;1226.8;1;11309657451;B
20241017;113940;1226.8;1;11309657727;B
20241017;113940;1226.8;1;11309657744;B
20241017;113940;1226.8;1;11309657876;B
20241017;113940;1226.8;1;11309658177;B
20241017;113941;1226.8;1;11309658231;B
20241017;113941;1226.8;1;11309658235;B
20241017;113941;1226.8;1;11309658317;B
20241017;113941;1226.8;1;11309658649;B
20241017;113941;1227.8;1;11309658757;B
20241017;113941;1227.8;1;11309659195;B
20241017;113941;1227.8;1;11309659549;B
20241017;113941;1227.8;1;11309659556;B
20241017;113941;1227.8;1;11309659652;B
20241017;113941;1227.8;1;11309659654;B
20241017;113941;1227.8;1;11309659656;B
20241017;113942;1227.8;1;11309659754;B
20241017;113942;1227.8;1;11309659882;B
20241017;113942;1227.8;1;11309659889;B
20241017;113942;1227.8;1;11309659962;B
20241017;113942;1227.8;1;11309660175;B
20241017;113942;1227.8;1;11309660213;B
20241017;113942;1227.8;1;11309660403;B
20241017;113942;1227.8;1;11309660742;B
20241017;113943;1227.8;1;11309660766;B
20241017;113943;1227.8;1;11309660806;B
20241017;113943;1227.8;1;11309660918;B
20241017;113943;1227.8;1;11309660968;B
20241017;113943;1227.8;1;11309661176;B
20241017;113943;1227.8;1;11309661489;B
20241017;113943;1227.8;1;11309661613;B
20241017;113943;1227.8;1;11309661743;B
20241017;113943;1227.8;1;11309661829;B
20241017;113944;1227.8;1;11309662250;B
20241017;113944;1227.8;1;11309662253;B
20241017;113944;1227.8;1;11309662262;B
20241017;113945;1227.8;1;11309663102;B
20241017;113945;1227.8;1;11309663157;B
20241017;113945;1227.8;1;11309663671;B
20241017;113945;1228;1;11309663672;B
20241017;113946;1228;1;11309663911;B
20241017;113946;1228;1;11309664007;B
20241017;113946;1228;1;11309664188;B
20241017;113946;1228;1;11309664776;B
20241017;113946;1228;1;11309664899;B
20241017;113946;1228;1;11309664900;B
20241017;113946;1228;1;11309664902;B
20241017;113946;1228;1;11309664999;B
20241017;113946;1228;1;11309665120;B
20241017;113947;1228;1;11309665200;B
20241017;113947;1228;1;11309665212;B
20241017;113947;1228;1;11309665218;B
20241017;113947;1228;1;11309665988;B
20241017;113947;1228;1;11309665989;B
20241017;113947;1228;2;11309665993;B
20241017;113948;1228;1;11309666476;B
20241017;113948;1228;1;11309666525;B
20241017;113948;1228;1;11309666529;B
20241017;113948;1228;1;11309667016;B
20241017;113949;1228;1;11309667573;B
20241017;113949;1228;2;11309667614;B
20241017;113949;1228;1;11309667615;B
20241017;113949;1228;1;11309668051;B
20241017;113949;1228;1;11309668085;B
20241017;113950;1228;1;11309668195;B
20241017;113950;1228;1;11309668228;B
20241017;113950;1228;1;11309668280;B
20241017;113950;1228;1;11309668281;B
20241017;113950;1228;1;11309668282;B
20241017;113950;1228;1;11309668621;B
20241017;113950;1228;1;11309668669;B
20241017;113950;1228;1;11309668725;B
20241017;113951;1228;1;11309668989;B
20241017;113951;1228;1;11309669202;B
20241017;113951;1228;1;11309669251;B
20241017;113952;1228;1;11309671285;B
20241017;113952;1228;1;11309671354;B
20241017;113954;1228;1;11309672878;B
20241017;113955;1228;1;11309674496;B
20241017;113957;1228;4;11309676966;B
20241017;113958;1228;1;11309677478;B
20241017;113958;1228;1;11309677551;B
20241017;113958;1228;1;11309678460;B
20241017;114001;1227.2;13;11309680646;S
20241017;114001;1226.8;28;11309680647;S
20241017;114018;1227.2;78;11309699960;S
20241017;114018;1227;33;11309699961;S
20241017;114018;1227;49;11309699962;S
20241017;114018;1226.8;13;11309699963;S
20241017;114018;1226;30;11309699964;S
20241017;114018;1226;1;11309699965;S
20241017;114018;1226;1;11309699966;S
20241017;114018;1226;1;11309699967;S
20241017;114018;1226;2;11309699968;S
20241017;114019;1226;17;11309701125;B
20241017;114019;1226;2;11309701274;B
20241017;114023;1226;15;11309704470;B
20241017;114023;1226;3;11309704475;B
20241017;114025;1227.4;12;11309706990;B
20241017;114027;1227.8;13;11309709693;S
20241017;114031;1227.4;5;11309714252;S
20241017;114031;1227.4;13;11309714253;S
20241017;114031;1226.8;40;11309714254;S
20241017;114031;1226;13;11309714255;S
20241017;114031;1226;4;11309714256;S
20241017;114031;1225.8;6;11309714257;S
20241017;114031;1227.6;33;11309714278;B
20241017;114032;1227.2;4;11309714786;B
20241017;114032;1227.2;3;11309715155;B
20241017;114032;1227.2;2;11309715188;B
20241017;114033;1227.2;4;11309716165;B
20241017;114034;1227.2;12;11309718001;B
20241017;114035;1227.2;8;11309718878;B
20241017;114044;1227.2;10;11309728791;B
20241017;114044;1227.4;21;11309728792;B
20241017;114101;1226.4;6;11309748221;S
20241017;114101;1226.2;15;11309748222;S
20241017;114101;1226.2;8;11309748223;S
20241017;114152;1226;1;11309801957;S
20241017;114224;1225.8;2;11309831506;S
20241017;114231;1225.8;1;11309839847;S
20241017;114235;1225.8;1;11309843025;S
20241017;114258;1226.2;11;11309868735;S
20241017;114258;1226;15;11309868736;S
20241017;114300;1226;10;11309869983;S
20241017;114301;1226;11;11309872078;S
20241017;114309;1226;1;11309880193;S
20241017;114350;1226.2;2;11309923222;S
20241017;114401;1226.2;1;11309936717;S
20241017;114423;1226.2;1;11309960998;S
20241017;114431;1226.2;1;11309969571;S
20241017;114432;1226.2;1;11309969773;S
20241017;114450;1226.2;1;11309985891;S
20241017;114501;1226.2;1;11309997277;S
20241017;114504;1226.2;1;11310000263;S
20241017;114510;1226.4;1;11310000646;S
20241017;114620;1226.4;9;11310006921;S
20241017;114621;1226.4;1;11310006957;S
20241017;114621;1226.4;2;11310006962;S
20241017;114621;1226.4;65;11310006963;S
20241017;114621;1226.2;8;11310006964;S
20241017;114621;1225.6;2;11310006965;S
20241017;114621;1225.6;10;11310006966;S
20241017;114621;1225.4;10;11310006967;S
20241017;114621;1225.4;1;11310006968;S
20241017;114621;1225.4;10;11310006969;S
20241017;114621;1225.4;25;11310006970;S
20241017;114621;1225.4;81;11310006971;S
20241017;114621;1225.2;2;11310006972;S
20241017;114621;1225.2;8;11310006973;S
20241017;114628;1225.6;1;11310007499;S
20241017;114629;1225.4;1;11310007600;S
20241017;114629;1225.2;3;11310007601;S
20241017;114630;1225.2;19;11310007671;S
20241017;114630;1225.2;21;11310007672;S
20241017;114630;1225.2;157;11310007673;S
20241017;114630;1225.2;26;11310007674;S
20241017;114630;1225.2;2;11310007697;S
20241017;114630;1225.2;26;11310007698;S
20241017;114630;1225.2;2;11310007699;S
20241017;114630;1225.4;8;11310007700;S
20241017;114631;1225.4;2;11310007810;S
20241017;114631;1225.4;11;11310007830;S
20241017;114631;1225.2;140;11310007831;S
20241017;114646;1225.2;15;11310008974;S
20241017;114653;1225.2;1;11310009433;S
20241017;114653;1225.2;5;11310009481;S
20241017;114656;1225.8;1;11310009839;B
20241017;114700;1225.2;2;11310010132;S
20241017;114702;1225.2;7;11310010247;S
20241017;114715;1225.2;1;11310011337;S
20241017;114716;1225.8;9;11310011435;B
20241017;114716;1225.8;9;11310011483;B
20241017;114732;1225.2;6;11310013120;S
20241017;114737;1225.8;1;11310013684;B
20241017;114744;1225.4;1;11310014273;S
20241017;114747;1225.4;2;11310014494;S
20241017;114750;1225.2;1;11310014765;S
20241017;114750;1225.2;2;11310014771;S
20241017;114802;1225.2;2;11310015707;S
20241017;114813;1225.2;2;11310016492;S
20241017;114821;1225.2;1;11310017104;S
20241017;114821;1225.2;2;11310017122;S
20241017;114832;1225.2;1;11310017960;S
20241017;114842;1225.2;2;11310018715;S
20241017;114854;1225.2;2;11310019583;S
20241017;114858;1225.8;1;11310019827;B
20241017;114858;1225.8;13;11310019828;B
20241017;114858;1226;171;11310019829;B
20241017;114902;1226;15;11310020103;S
20241017;114902;1225.6;3;11310020104;S
20241017;114902;1225.2;39;11310020105;S
20241017;114905;1225.4;1;11310020377;S
20241017;114905;1225.2;1;11310020378;S
20241017;114913;1225.2;3;11310020940;S
20241017;114927;1225.6;2;11310022179;S
20241017;114931;1225.6;2;11310022559;S
20241017;114932;1225.6;3;11310022605;S
20241017;114938;1225.6;1;11310023111;S
20241017;114938;1225.6;1;11310023152;S
20241017;114947;1225.6;2;11310023922;S
20241017;114950;1225.6;3;11310024199;S
20241017;115001;1225.6;1;11310025237;S
20241017;115002;1225.6;2;11310025261;S
20241017;115005;1225.2;1;11310025468;S
20241017;115014;1225.6;2;11310026039;S
20241017;115022;1225.4;2;11310026551;S
20241017;115030;1225.4;2;11310027149;S
20241017;115032;1225.4;2;11310027268;S
20241017;115042;1225.4;4;11310028208;S
20241017;115043;1225.4;5;11310028329;S
20241017;115047;1225.4;2;11310028680;S
20241017;115051;1225.4;7;11310028899;S
20241017;115053;1225.4;2;11310029008;S
20241017;115053;1225.4;1;11310029052;S
20241017;115056;1225.4;5;11310029194;S
20241017;115102;1225.4;8;11310029666;S
20241017;115124;1225.4;2;11310034240;S
20241017;115132;1225.4;2;11310035460;S
20241017;115132;1225.4;1;11310035463;S
20241017;115136;1225.4;3;11310035801;S
20241017;115136;1225.4;4;11310035808;S
20241017;115144;1225.4;2;11310036420;S
20241017;115149;1225.4;1;11310037073;S
20241017;115149;1225.2;1;11310037074;S
20241017;115151;1225.2;1;11310037507;S
20241017;115151;1225.2;2;11310037508;S
20241017;115152;1225.2;1;11310037638;S
20241017;115153;1225.2;1;11310037846;S
20241017;115154;1225.2;4;11310038003;S
20241017;115155;1225.2;3;11310038097;S
20241017;115155;1225.2;2;11310038109;S
20241017;115156;1225.2;1;11310038179;S
20241017;115156;1225.2;1;11310038180;S
20241017;115156;1225.2;2;11310038296;S
20241017;115157;1225.2;2;11310038403;S
20241017;115157;1225.2;14;11310038404;S
20241017;115157;1225.2;98;11310038405;S
20241017;115158;1225.2;2;11310038550;S
20241017;115158;1225.2;2;11310038618;S
20241017;115158;1225.2;4;11310038619;S
20241017;115158;1225.2;4;11310038630;S
20241017;115158;1225.2;3;11310038673;S
20241017;115200;1225.2;4;11310038866;S
20241017;115200;1225.2;3;11310038886;S
20241017;115200;1225.2;2;11310038943;S
20241017;115200;1225.2;1;11310038951;S
20241017;115201;1225.2;2;11310038958;S
20241017;115202;1225.2;51;11310039059;S
20241017;115202;1225.2;21;11310039062;S
20241017;115202;1225.2;1;11310039073;S
20241017;115202;1225.2;26;11310039074;S
20241017;115202;1225.2;1;11310039123;S
20241017;115202;1225.2;11;11310039124;S
20241017;115202;1225;1;11310039125;S
20241017;115202;1225;1;11310039126;S
20241017;115202;1225;1;11310039127;S
20241017;115202;1224.8;3;11310039128;S
20241017;115202;1224.8;5;11310039129;S
20241017;115202;1224.8;31;11310039130;S
20241017;115202;1224.8;3;11310039131;S
20241017;115202;1224.2;1;11310039132;S
20241017;115202;1224.2;7;11310039133;S
20241017;115203;1225;1;11310039166;B
20241017;115205;1224.8;2;11310039374;S
20241017;115205;1224.4;2;11310039378;S
20241017;115208;1224.4;2;11310039864;S
20241017;115208;1224.4;1;11310039873;S
20241017;115210;1224.4;2;11310040237;S
20241017;115211;1224.4;2;11310040362;S
20241017;115211;1224.4;2;11310040380;S
20241017;115216;1224.2;2;11310040950;S
20241017;115218;1224.2;1;11310041192;S
20241017;115218;1224.2;1;11310041193;S
20241017;115218;1225;10;11310041224;B
20241017;115225;1224;2;11310041773;S
20241017;115226;1225.8;1;11310041926;B
20241017;115230;1225;3;11310042347;S
20241017;115231;1225;8;11310042601;S
20241017;115231;1225;5;11310042602;S
20241017;115232;1225;33;11310042638;S
20241017;115232;1225;2;11310042639;S
20241017;115232;1224.6;13;11310042640;S
20241017;115233;1224.6;2;11310042787;S
20241017;115234;1224.6;3;11310042797;S
20241017;115251;1225;1;11310044242;S
20241017;115251;1224.8;1;11310044243;S
20241017;115251;1224.6;6;11310044244;S
20241017;115251;1224.6;1;11310044245;S
20241017;115251;1224.2;41;11310044246;S
20241017;115302;1224;17;11310045627;S
20241017;115309;1224;30;11310047373;S
20241017;115332;1224;9;11310051987;S
20241017;115333;1224;1;11310052191;S
20241017;115334;1224;2;11310052230;S
20241017;115335;1224;1;11310052319;S
20241017;115336;1224;2;11310052446;S
20241017;115340;1224;2;11310053011;S
20241017;115340;1224;3;11310053017;S
20241017;115340;1224;7;11310053023;S
20241017;115340;1224;8;11310053036;S
20241017;115341;1224;3;11310053078;S
20241017;115341;1224;5;11310053097;S
20241017;115341;1224;6;11310053130;S
20241017;115341;1224;1;11310053131;S
20241017;115341;1223.8;1;11310053132;S
20241017;115342;1223.8;3;11310053172;S
20241017;115343;1223.8;1;11310053300;S
20241017;115344;1223.8;1;11310053362;S
20241017;115346;1223.8;2;11310053509;S
20241017;115347;1223.8;2;11310053608;S
20241017;115347;1223.6;1;11310053609;S
20241017;115347;1223.4;3;11310053610;S
20241017;115350;1223.4;1;11310053929;S
20241017;115351;1223.4;1;11310053944;S
20241017;115352;1223.4;1;11310054068;S
20241017;115355;1223.4;2;11310054280;S
20241017;115355;1223.4;1;11310054295;S
20241017;115402;1223.4;1;11310055125;S
20241017;115402;1223.4;9;11310055126;S
20241017;115402;1223.4;8;11310055127;S
20241017;115404;1223.4;3;11310055297;S
20241017;115405;1223.4;4;11310055406;S
20241017;115417;1223.4;1;11310056317;S
20241017;115429;1223.4;2;11310057138;S
20241017;115432;1223.4;3;11310057400;S
20241017;115443;1223.2;4;11310058301;S
20241017;115450;1223.2;4;11310058718;S
20241017;115453;1223.2;1;11310059101;S
20241017;115502;1223.2;3;11310059701;S
20241017;115512;1223.2;3;11310060675;S
20241017;115513;1223.2;1;11310060798;S
20241017;115518;1223.2;2;11310061274;S
20241017;115519;1223.2;2;11310061309;S
20241017;115519;1223.6;2;11310061361;B
20241017;115519;1224.4;1;11310061362;B
20241017;115519;1224.4;2;11310061363;B
20241017;115519;1223.2;2;11310061365;S
20241017;115520;1223.2;2;11310061426;S
20241017;115521;1223.2;360;11310061502;S
20241017;115521;1223.2;1;11310061503;S
20241017;115521;1223.2;1;11310061549;S
20241017;115525;1223.4;1;11310061804;S
20241017;115525;1223.2;4;11310061805;S
20241017;115532;1223.2;100;11310062322;S
20241017;115532;1223.2;15;11310062323;S
20241017;115532;1223.2;1;11310062326;S
20241017;115558;1223.2;2;11310064426;S
20241017;115602;1223.2;1;11310064633;S
20241017;115606;1223.2;1;11310064868;S
20241017;115611;1223.2;2;11310065315;S
20241017;115612;1223.2;6;11310065483;S
20241017;115613;1223.2;3;11310065513;S
20241017;115614;1223.2;2;11310065577;S
20241017;115623;1223.2;5;11310066185;S
20241017;115632;1223.2;6;11310066640;S
20241017;115635;1223.2;4;11310066871;S
20241017;115637;1223.2;2;11310066992;S
20241017;115652;1224.4;8;11310068039;B
20241017;115702;1223.4;4;11310068934;S
20241017;115743;1223.2;3;11310072796;S
20241017;115755;1224.4;1;11310073712;B
20241017;115802;1223.2;1;11310074482;S
20241017;115809;1223.2;4;11310074997;S
20241017;115811;1223.2;2;11310075169;S
20241017;115816;1223.2;2;11310075570;S
20241017;115817;1223.2;3;11310075645;S
20241017;115826;1223.2;3;11310076312;S
20241017;115832;1223.2;4;11310076883;S
20241017;115838;1223.2;1;11310077704;S
20241017;115839;1223.2;2;11310077739;S
20241017;115840;1223.2;1;11310077924;S
20241017;115845;1223.2;1;11310078329;S
20241017;115856;1223.2;2;11310079334;S
20241017;115856;1223.2;1;11310079372;S
20241017;115858;1223.2;1;11310079524;S
20241017;115902;1223.2;2;11310079819;S
20241017;115902;1223.2;4;11310079846;S
20241017;115904;1223.2;1;11310079984;S
20241017;115906;1223.2;2;11310080116;S
20241017;115908;1223.2;4;11310080307;S
20241017;115913;1223.2;3;11310080744;S
20241017;115915;1223.2;74;11310080862;S
20241017;115915;1223.2;2;11310080863;S
20241017;115915;1223.2;1;11310080864;S
20241017;115915;1223.2;5;11310080865;S
20241017;115919;1223.2;1;11310081288;S
20241017;115919;1223.2;1;11310081319;S
20241017;115932;1223.2;28;11310083250;S
20241017;115932;1223.2;1;11310083320;S
20241017;115935;1223.2;2;11310084009;S
20241017;115949;1223.2;1;11310087218;S
20241017;115952;1223.2;1;11310087744;S
20241017;120002;1223.2;1;11310089464;S
20241017;120005;1223.2;2;11310090039;S
20241017;120006;1223.2;149;11310090158;S
20241017;120006;1223.2;2;11310090218;S
20241017;120012;1223.2;1;11310091200;S
20241017;120012;1223.2;7;11310091253;S
20241017;120032;1223.4;2;11310098269;S
20241017;120032;1223.2;47;11310098270;S
20241017;120041;1223.2;2;11310100951;S
20241017;120042;1223.2;5;11310101353;S
20241017;120102;1223.2;2;11310106246;S
20241017;120207;1223.4;1;11310114813;S
20241017;120210;1223.8;13;11310114984;B
20241017;120213;1223.4;1;11310115467;S
20241017;120232;1223.2;2;11310117307;S
20241017;120232;1223.2;2;11310117308;S
20241017;120259;1223.8;2;11310119931;B
20241017;120302;1223.4;1;11310120261;S
20241017;120318;1223.4;19;11310121713;S
20241017;120318;1223.2;18;11310121714;S
20241017;120318;1223.2;1;11310121715;S
20241017;120332;1223.4;11;11310123013;S
20241017;120511;1224.2;2;11310132933;B
20241017;120532;1224;1;11310135040;S
20241017;120611;1224.2;32;11310139102;B
20241017;120632;1224;1;11310141214;S
20241017;120632;1224;1;11310141215;S
20241017;120632;1223.6;7;11310141216;S
20241017;120751;1224.2;1;11310149296;B
20241017;120802;1223.6;1;11310150464;S
20241017;120818;1223.6;1;11310152062;S
20241017;120825;1223.6;9;11310152691;S
20241017;120832;1223.6;3;11310153266;S
20241017;120850;1224.2;1;11310154809;B
20241017;120921;1223.6;1;11310158061;S
20241017;121049;1223.8;16;11310166090;S
20241017;121102;1223.8;5;11310167465;S
20241017;121133;1224.2;2;11310170230;B
20241017;121146;1224.2;17;11310171405;B
20241017;121202;1223.8;6;11310172825;S
20241017;121304;1223.6;1;11310179851;S
20241017;121304;1223.6;3;11310179852;S
20241017;121310;1223.2;3;11310181043;S
20241017;121310;1223.2;5;11310181044;S
20241017;121333;1223.2;3;11310184743;S
20241017;121335;1223.2;1;11310185179;S
20241017;121336;1223.4;4;11310185298;B
20241017;121401;1223.2;1;11310189090;S
20241017;121403;1223.2;2;11310189257;S
20241017;121424;1223.2;22;11310191593;S
20241017;121433;1223.2;7;11310192557;S
20241017;121512;1223.2;2;11310196266;S
20241017;121526;1223.2;57;11310197764;S
20241017;121526;1223.2;1;11310197765;S
20241017;121533;1223;1;11310198604;S
20241017;121533;1223;17;11310198605;S
20241017;121533;1223;3;11310198631;S
20241017;121534;1223;5;11310198749;S
20241017;121534;1223;1;11310198750;S
20241017;121534;1223;1;11310198751;S
20241017;121534;1223;5;11310198752;S
20241017;121534;1223;20;11310198753;S
20241017;121534;1223;6;11310198754;S
20241017;121534;1222.2;4;11310198755;S
20241017;121534;1222;100;11310198756;S
20241017;121534;1222;5;11310198757;S
20241017;121534;1222;1;11310198758;S
20241017;121534;1222;5;11310198759;S
20241017;121534;1222;1;11310198760;S
20241017;121534;1221.6;5;11310198761;S
20241017;121534;1221.6;13;11310198762;S
20241017;121534;1221.4;5;11310198763;S
20241017;121534;1221.2;1;11310198764;S
20241017;121534;1221.2;10;11310198765;S
20241017;121534;1221;1;11310198766;S
20241017;121534;1221;5;11310198767;S
20241017;121534;1221;3;11310198768;S
20241017;121534;1221;48;11310198769;B
20241017;121534;1221;1;11310198777;S
20241017;121534;1220.8;20;11310198780;S
20241017;121534;1220.8;1;11310198824;S
20241017;121534;1220.8;15;11310198825;S
20241017;121534;1222;25;11310198833;B
20241017;121535;1220.8;20;11310198852;S
20241017;121535;1221.4;5;11310198902;S
20241017;121535;1221;1;11310198903;S
20241017;121535;1220.8;26;11310198904;S
20241017;121553;1220.6;1;11310200558;S
20241017;121603;1220.6;1;11310201473;S
20241017;121607;1220.4;5;11310201758;S
20241017;121607;1220.4;12;11310201759;S
20241017;121607;1220.2;1;11310201760;S
20241017;121607;1220.2;3;11310201761;S
20241017;121613;1220.6;1;11310202245;S
20241017;121633;1220.2;112;11310204002;S
20241017;121633;1220.2;1;11310204003;S
20241017;121658;1220.4;30;11310206896;S
20241017;121658;1220.2;2;11310206897;S
20241017;121703;1220.4;10;11310207198;S
20241017;121713;1220.4;5;11310208203;S
20241017;121726;1220.8;5;11310209441;B
20241017;121733;1220.4;2;11310209934;S
20241017;121735;1220.8;2;11310210060;B
20241017;121741;1220.4;18;11310210502;S
20241017;121741;1220.2;223;11310210503;S
20241017;121741;1220.2;1;11310210504;S
20241017;121751;1220.2;1;11310211294;S
20241017;121803;1220.2;73;11310212598;S
20241017;121830;1220.2;5;11310215001;S
20241017;121833;1220.2;1;11310215149;S
20241017;121844;1220.2;99;11310216130;S
20241017;121844;1220.2;1;11310216131;S
20241017;121844;1220.2;3;11310216132;S
20241017;121903;1220.2;31;11310217771;S
20241017;121948;1220.2;50;11310222821;S
20241017;121952;1220.8;4;11310223114;B
20241017;121953;1220.8;1;11310223181;B
20241017;121956;1220.4;1;11310223659;B
20241017;122003;1220.2;1;11310224714;S
20241017;122003;1220.2;16;11310224715;S
20241017;122017;1220.6;1;11310227376;B
20241017;122017;1220.2;84;11310227459;S
20241017;122017;1220.2;16;11310227460;S
20241017;122033;1220.2;30;11310230106;S
20241017;122252;1220.2;1;11310251414;S
20241017;122303;1220.2;1;11310252531;S
20241017;122315;1220.2;1;11310253988;S
20241017;122321;1220.2;5;11310254839;S
20241017;122323;1220.6;20;11310255249;B
20241017;122323;1220.6;9;11310255250;B
20241017;122323;1220.8;29;11310255251;B
20241017;122323;1220.8;41;11310255252;B
20241017;122323;1220.8;39;11310255253;B
20241017;122323;1221;13;11310255254;B
20241017;122323;1221.2;149;11310255255;B
20241017;122333;1220.2;42;11310256488;S
20241017;122333;1220.2;50;11310256489;S
20241017;122425;1220.6;1;11310264256;B
20241017;122427;1220.2;2;11310264429;S
20241017;122429;1220.2;2;11310264789;S
20241017;122431;1220.6;1;11310265073;B
20241017;122433;1220.2;1;11310265335;S
20241017;122445;1220.2;1;11310267186;S
20241017;122452;1220.2;24;11310268482;S
20241017;122503;1220.2;8;11310270141;S
20241017;122520;1220.2;1;11310272740;S
20241017;122556;1220.6;10;11310278360;B
20241017;122556;1220.6;20;11310278361;B
20241017;122556;1220.8;1;11310278461;B
20241017;122603;1220.2;10;11310279320;S
20241017;122640;1220.2;1;11310283428;S
20241017;122728;1220.6;1;11310287876;B
20241017;122744;1220.6;1;11310289345;B
20241017;122817;1220.6;29;11310292472;B
20241017;122833;1220.2;9;11310294026;S
20241017;122921;1220.2;5;11310298868;S
20241017;122933;1220.2;2;11310299927;S
20241017;123005;1220.2;65;11310303440;S
20241017;123008;1220.2;76;11310303790;S
20241017;123008;1220.2;53;11310303791;S
20241017;123008;1220.2;5;11310303792;S
20241017;123008;1220.2;1;11310303793;S
20241017;123008;1220.2;165;11310303794;S
20241017;123011;1220.2;135;11310304098;S
20241017;123011;1220;2;11310304099;S
20241017;123011;1220;1;11310304100;S
20241017;123011;1220;1;11310304101;S
20241017;123011;1220;1;11310304102;S
20241017;123011;1220;41;11310304103;S
20241017;123011;1220;50;11310304104;S
20241017;123011;1220;1;11310304105;S
20241017;123011;1220;1;11310304106;S
20241017;123011;1220;2;11310304107;S
20241017;123011;1220;1;11310304109;S
20241017;123011;1220;1;11310304110;S
20241017;123011;1220;1;11310304111;S
20241017;123011;1220;10;11310304112;S
20241017;123012;1219.4;1;11310304163;S
20241017;123012;1219.2;12;11310304164;S
20241017;123012;1219;132;11310304165;S
20241017;123012;1218.4;59;11310304166;S
20241017;123012;1218.2;1;11310304167;S
20241017;123012;1218.2;5;11310304168;S
20241017;123012;1218.2;1;11310304169;S
20241017;123012;1218.2;13;11310304170;S
20241017;123012;1218;10;11310304171;S
20241017;123012;1218;1;11310304172;S
20241017;123012;1218;10;11310304173;S
20241017;123012;1218;1;11310304174;S
20241017;123012;1218;4;11310304175;S
20241017;123012;1217.8;750;11310304176;S
20241017;123012;1218;15;11310304177;B
20241017;123012;1217;5;11310304180;S
20241017;123012;1217;5;11310304181;S
20241017;123012;1218;1;11310304198;B
20241017;123012;1217.8;9;11310304205;B
20241017;123012;1218.6;1;11310304206;B
20241017;123012;1217.6;21;11310304264;S
20241017;123012;1217.6;9;11310304265;S
20241017;123013;1218.2;4;11310304272;B
20241017;123013;1218.4;6;11310304273;B
20241017;123014;1218.6;1;11310304427;B
20241017;123014;1218.8;1;11310304428;B
20241017;123014;1217.2;35;11310304471;S
20241017;123018;1216.6;5;11310304947;S
20241017;123018;1216.6;3;11310304948;S
20241017;123033;1216.6;4;11310306295;S
20241017;123034;1217.2;1;11310306358;B
20241017;123043;1216;1;11310307561;S
20241017;123043;1216;13;11310307562;S
20241017;123043;1216;40;11310307563;S
20241017;123044;1216.6;1;11310307653;B
20241017;123103;1216.8;33;11310309687;S
20241017;123103;1216.8;49;11310309688;S
20241017;123113;1216.8;1;11310310469;S
20241017;123113;1216.6;35;11310310470;S
20241017;123113;1216.6;2;11310310521;S
20241017;123123;1216.6;13;11310311743;S
20241017;123133;1216.8;1;11310312946;S
20241017;123133;1216.6;13;11310312947;S
20241017;123133;1216.6;4;11310312948;B
20241017;123143;1217.4;32;11310314130;S
20241017;123150;1218.8;2;11310314899;B
20241017;123150;1219;1;11310314900;B
20241017;123150;1219;3;11310314901;B
20241017;123150;1219.4;12;11310314973;B
20241017;123150;1219.4;19;11310314974;B
20241017;123153;1218.8;33;11310315275;S
20241017;123153;1218.8;49;11310315276;S
20241017;123153;1218.8;5;11310315277;S
20241017;123203;1218.4;2;11310316297;S
20241017;123206;1219.8;10;11310316660;B
20241017;123206;1220;15;11310316661;B
20241017;123213;1218.6;1;11310317328;S
20241017;123233;1217.8;15;11310319315;S
20241017;123243;1217.2;10;11310320385;S
20241017;123243;1217.2;19;11310320386;S
20241017;123251;1218.8;10;11310321337;B
20241017;123300;1217.4;10;11310322362;S
20241017;123300;1217.4;8;11310322363;S
20241017;123300;1217.2;13;11310322364;S
20241017;123300;1217.2;2;11310322365;S
20241017;123300;1216.8;13;11310322366;S
20241017;123300;1216.6;41;11310322367;S
20241017;123301;1216.6;2;11310322422;S
20241017;123301;1216.6;2;11310322424;S
20241017;123302;1216.6;6;11310322448;S
20241017;123303;1216.6;66;11310322597;S
20241017;123306;1216;50;11310322820;S
20241017;123306;1216;5;11310322821;S
20241017;123306;1215.8;1;11310322822;S
20241017;123306;1215.8;39;11310322823;S
20241017;123307;1215.6;21;11310322894;S
20241017;123312;1215.6;55;11310323343;S
20241017;123313;1215.6;51;11310323376;S
20241017;123313;1215.6;4;11310323377;S
20241017;123313;1215.6;201;11310323451;S
20241017;123317;1215.6;1;11310323925;S
20241017;123317;1215.6;72;11310323934;S
20241017;123318;1215.6;72;11310324064;S
20241017;123322;1215.6;26;11310324387;S
20241017;123322;1215.6;27;11310324416;S
20241017;123325;1215.6;1;11310324594;S
20241017;123326;1215.6;74;11310324813;S
20241017;123327;1215.8;13;11310324889;S
20241017;123327;1215.6;61;11310324890;S
20241017;123329;1215.6;14;11310325069;S
20241017;123329;1215.6;42;11310325222;S
20241017;123329;1215.6;2;11310325223;S
20241017;123330;1215.6;6;11310325245;S
20241017;123333;1215.6;191;11310325562;S
20241017;123333;1215.6;26;11310325563;S
20241017;123335;1215.6;59;11310325680;S
20241017;123338;1215.4;80;11310326095;S
20241017;123403;1215.4;50;11310329940;S
20241017;123423;1215.2;1;11310332451;S
20241017;123423;1215.2;204;11310332452;S
20241017;123423;1215;2;11310332453;S
20241017;123423;1215;500;11310332454;S
20241017;123423;1215;6;11310332455;S
20241017;123423;1214.6;2;11310332456;S
20241017;123423;1214.6;13;11310332457;S
20241017;123423;1214.4;172;11310332458;S
20241017;123423;1214.4;70;11310332511;S
20241017;123424;1215;5;11310332554;S
20241017;123424;1215;5;11310332555;B
20241017;123424;1215;1;11310332556;B
20241017;123424;1214.4;5;11310332569;S
20241017;123424;1215;1;11310332625;S
20241017;123433;1214.4;296;11310333736;S
20241017;123433;1214.4;29;11310333737;S
20241017;123433;1214.4;1;11310333738;S
20241017;123503;1214.2;6;11310338076;S
20241017;123503;1214;3;11310338077;S
20241017;123503;1214;7;11310338078;S
20241017;123504;1214;180;11310338131;S
20241017;123504;1214;10;11310338132;S
20241017;123504;1213.8;52;11310338133;S
20241017;123504;1213.8;13;11310338134;S
20241017;123504;1213.8;79;11310338136;S
20241017;123522;1214;1;11310340035;S
20241017;123522;1214;2;11310340036;S
20241017;123532;1214.8;10;11310341145;B
20241017;123533;1214;10;11310341239;S
20241017;123538;1214;15;11310341775;B
20241017;123543;1214.2;1;11310342328;S
20241017;123546;1215;9;11310342846;B
20241017;123558;1215;1;11310344122;B
20241017;123603;1214.2;4;11310344741;S
20241017;123613;1214.2;1;11310346074;S
20241017;123633;1214;98;11310348180;S
20241017;123652;1214;2;11310350218;S
20241017;123711;1214.2;1;11310351983;B
20241017;123718;1214;20;11310352820;S
20241017;123731;1214.4;1;11310354886;B
20241017;123731;1214.8;1;11310354887;B
20241017;123731;1215;1;11310354888;B
20241017;123731;1215;10;11310354916;B
20241017;123733;1214.2;1;11310355240;S
20241017;123742;1215;3;11310356266;B
20241017;123742;1215;3;11310356267;B
20241017;123742;1215.2;10;11310356268;B
20241017;123742;1215.4;16;11310356269;B
20241017;123743;1215;1;11310356433;S
20241017;123751;1216;10;11310357371;B
20241017;123751;1216.4;8;11310357378;B
20241017;123803;1215.6;1;11310358728;S
20241017;123806;1216.4;5;11310358959;B
20241017;123806;1216.6;4;11310358960;B
20241017;123811;1216.6;3;11310359489;B
20241017;123813;1217.8;1;11310359847;B
20241017;123813;1217.8;6;11310359848;B
20241017;123813;1216.4;12;11310359892;S
20241017;123814;1217.4;12;11310359956;B
20241017;123833;1216.8;13;11310362057;S
20241017;123842;1218.8;6;11310362899;B
20241017;123844;1219.4;13;11310363243;B
20241017;123844;1219.4;1;11310363244;B
20241017;123852;1218.4;2;11310364125;S
20241017;123853;1218.4;3;11310364178;S
20241017;123853;1218.2;1;11310364179;S
20241017;123853;1218.2;3;11310364180;S
20241017;123855;1218;1;11310364405;S
20241017;123904;1216.8;7;11310365472;S
20241017;124025;1216.8;1;11310373226;S
20241017;124058;1218;1;11310376737;B
20241017;124318;1216.8;3;11310391271;S
20241017;124334;1216.8;1;11310392998;S
20241017;124504;1216.8;1;11310402699;S
20241017;124504;1216.8;1;11310402700;S
20241017;124504;1216.8;6;11310402701;S
20241017;124504;1216.6;3;11310402702;S
20241017;124504;1216.6;10;11310402703;S
20241017;124504;1216.4;172;11310402704;S
20241017;124504;1216.4;5;11310402705;S
20241017;124504;1216.2;13;11310402706;S
20241017;124504;1214.8;1;11310402707;S
20241017;124504;1214.8;14;11310402708;S
20241017;124504;1214.6;82;11310402709;S
20241017;124504;1214.4;400;11310402710;S
20241017;124504;1214.4;419;11310402711;S
20241017;124504;1214.4;409;11310402712;S
20241017;124504;1214.2;2;11310402713;S
20241017;124504;1214;35;11310402714;S
20241017;124504;1213.8;555;11310402715;S
20241017;124504;1213.6;20;11310402716;S
20241017;124534;1214.2;172;11310406304;S
20241017;124534;1214.2;13;11310406305;S
20241017;124544;1213.8;172;11310408171;S
20241017;124546;1214.6;3;11310408490;B
20241017;124604;1214;172;11310411275;S
20241017;124622;1213.8;1;11310414789;S
20241017;124622;1213.8;45;11310414790;S
20241017;124622;1213.8;71;11310414791;S
20241017;124707;1213.8;5;11310422484;S
20241017;124734;1213.8;1;11310426973;S
20241017;124815;1215.4;6;11310432678;B
20241017;124816;1216.2;11;11310432819;B
20241017;124828;1217;13;11310434382;B
20241017;124828;1217;6;11310434383;B
20241017;124834;1217;8;11310435347;S
20241017;124834;1217;1;11310435348;S
20241017;124834;1216.8;2;11310435349;B
20241017;124835;1218;13;11310435825;B
20241017;124835;1218;11;11310436178;B
20241017;124835;1218;8;11310436179;B
20241017;124835;1218.4;67;11310436180;B
20241017;124835;1218.4;24;11310436181;B
20241017;124835;1219.2;30;11310436391;B
20241017;124835;1219.8;1;11310436392;B
20241017;124835;1220;22;11310436393;B
20241017;124835;1220;16;11310436394;B
20241017;124835;1218.8;3;11310436802;B
20241017;124836;1220.2;1;11310437225;B
20241017;124837;1220.6;1;11310437411;B
20241017;124837;1220.4;20;11310437508;B
20241017;124837;1220.4;2;11310437604;B
20241017;124837;1220.2;8;11310437675;B
20241017;124837;1220.2;4;11310437743;B
20241017;124837;1220.2;1;11310437804;B
20241017;124840;1220.6;7;11310438230;B
20241017;124841;1220.6;13;11310438357;B
20241017;124842;1220.8;1;11310438607;B
20241017;124847;1220.8;5;11310439243;B
20241017;124848;1220.6;3;11310439366;S
20241017;124855;1221;2;11310440249;B
20241017;124855;1221;1;11310440250;B
20241017;124901;1220.8;2;11310441109;S
20241017;124902;1221;1;11310441287;B
20241017;124904;1221;2;11310441693;B
20241017;124904;1220.8;3;11310441716;S
20241017;124904;1220.8;20;11310441717;S
20241017;124904;1220.4;13;11310441718;S
20241017;124904;1219.8;44;11310441719;S
20241017;124906;1220.6;13;11310441945;B
20241017;124906;1221;2;11310441946;B
20241017;124910;1221;5;11310442523;B
20241017;124910;1221;17;11310442762;B
20241017;124910;1221;3;11310442763;B
20241017;124910;1221;1;11310442764;B
20241017;124910;1221.8;1;11310442765;B
20241017;124910;1221.8;2;11310442766;B
20241017;124910;1222;1;11310442767;B
20241017;124910;1222;10;11310442768;B
20241017;124912;1222.4;1;11310443320;B
20241017;124912;1222.4;7;11310443321;B
20241017;124917;1222.4;20;11310443994;S
20241017;124918;1222;41;11310444039;B
20241017;124922;1222.2;20;11310444648;S
20241017;124923;1222.2;3;11310444810;B
20241017;124929;1222.8;1;11310445789;B
20241017;124929;1222.8;4;11310445790;B
20241017;124934;1222.8;44;11310446397;S
20241017;124934;1222.8;3;11310446398;S
20241017;124934;1222.8;20;11310446436;S
20241017;124940;1222.4;8;11310446957;S
20241017;125004;1221.8;8;11310449761;S
20241017;125023;1221.8;1;11310451948;B
20241017;125023;1222;1;11310451949;B
20241017;125023;1222;35;11310451950;B
20241017;125027;1222.2;5;11310452428;B
20241017;125034;1221.6;12;11310453134;S
20241017;125035;1222.4;1;11310453295;B
20241017;125035;1222.4;1;11310453296;B
20241017;125035;1222.6;12;11310453297;B
20241017;125035;1222.6;7;11310453422;B
20241017;125035;1222.8;4;11310453423;B
20241017;125036;1222.6;5;11310453541;B
20241017;125037;1223;5;11310453766;B
20241017;125041;1223;2;11310454208;B
20241017;125044;1223;1;11310454643;B
20241017;125046;1223;3;11310454750;B
20241017;125051;1222;5;11310455250;S
20241017;125104;1221.2;14;11310456577;S
20241017;125108;1222;3;11310456940;B
20241017;125108;1222.6;2;11310456941;B
20241017;125110;1222.8;16;11310457189;B
20241017;125133;1223;1;11310460072;B
20241017;125134;1221.8;3;11310460125;S
20241017;125134;1221.2;4;11310460126;S
20241017;125156;1222.4;19;11310462654;B
20241017;125204;1223;25;11310463544;B
20241017;125204;1222.2;5;11310463578;S
20241017;125204;1223;2;11310463582;B
20241017;125212;1223.2;2;11310464275;B
20241017;125220;1223.4;3;11310465148;B
20241017;125221;1223.8;44;11310465494;B
20241017;125221;1224;5;11310465495;B
20241017;125234;1223.6;25;11310466705;S
20241017;125348;1222.8;1;11310477336;S
20241017;125625;1223.4;1;11310492421;B
20241017;125727;1223.4;4;11310498058;B
20241017;125727;1223.8;5;11310498059;B
20241017;125727;1223.8;9;11310498060;B
20241017;125727;1224;20;11310498133;S
20241017;125734;1223.4;3;11310498671;S
20241017;125734;1223.2;9;11310498672;S
20241017;125744;1223.8;2;11310499629;B
20241017;125744;1223.8;9;11310499667;B
20241017;125748;1223.8;2;11310500042;B
20241017;125749;1224;1;11310500105;B
20241017;125804;1224;4;11310501678;S
20241017;125807;1224.2;17;11310502083;B
20241017;125809;1224.2;3;11310502236;B
20241017;125834;1224;4;11310504639;S
20241017;125834;1224;2;11310504640;S
20241017;125836;1224.2;1;11310504964;B
20241017;130001;1224.2;12;11310518930;S
20241017;130001;1224.2;5;11310518931;S
20241017;130001;1224;8;11310518932;S
20241017;130001;1224;2;11310518933;S
20241017;130003;1224.2;9;11310519299;S
20241017;130004;1224.2;11;11310519572;S
20241017;130127;1224.2;10;11310526901;B
20241017;130134;1223.4;3;11310527498;S
20241017;130339;1223.6;20;11310538054;B
20241017;130404;1223;6;11310540021;S
20241017;130554;1223;1;11310549988;S
20241017;130613;1223;10;11310551741;S
20241017;130614;1223.4;4;11310551865;B
20241017;130614;1223.4;1;11310551932;B
20241017;130626;1223.4;16;11310553268;B
20241017;130635;1222.6;6;11310554628;S
20241017;130635;1222.4;4;11310554629;S
20241017;130929;1222.4;2;11310579275;S
20241017;130929;1222.2;2;11310579276;S
20241017;130929;1222.2;40;11310579277;S
20241017;130929;1222;13;11310579278;S
20241017;130935;1222;1;11310579694;S
20241017;130935;1221.6;16;11310579695;S
20241017;130947;1221.6;18;11310580749;S
20241017;130947;1221.4;33;11310580750;S
20241017;130947;1221.4;24;11310580751;S
20241017;130947;1221.2;1;11310580752;S
20241017;130947;1221.2;86;11310580753;S
20241017;130947;1221;3;11310580754;S
20241017;130947;1221;40;11310580755;S
20241017;130947;1221;40;11310580756;S
20241017;130947;1220.6;13;11310580757;S
20241017;130947;1219.6;1;11310580758;S
20241017;130947;1219.4;24;11310580759;S
20241017;130947;1219.2;30;11310580760;S
20241017;130947;1219.2;408;11310580761;S
20241017;130947;1219.2;412;11310580762;S
20241017;130947;1219;82;11310580763;S
20241017;130947;1219;1;11310580764;S
20241017;130947;1219;82;11310580765;S
20241017;130947;1219;200;11310580766;S
20241017;130947;1218.8;3;11310580767;S
20241017;130947;1218.8;400;11310580768;S
20241017;130947;1218.8;400;11310580769;S
20241017;130947;1221.2;3;11310580770;B
20241017;130957;1219.4;132;11310581824;S
20241017;130957;1219.4;40;11310581825;S
20241017;130957;1218.6;412;11310581826;S
20241017;130957;1218.6;360;11310581827;S
20241017;131005;1218;1;11310582572;S
20241017;131005;1218;40;11310582573;S
20241017;131005;1217.6;12;11310582574;S
20241017;131005;1217.4;129;11310582575;S
20241017;131005;1217.2;39;11310582576;S
20241017;131005;1217;5;11310582577;S
20241017;131005;1217;2;11310582578;S
20241017;131005;1217;13;11310582579;S
20241017;131015;1217.2;1;11310583792;S
20241017;131015;1217.2;40;11310583793;S
20241017;131015;1217.2;1;11310583794;S
20241017;131035;1217;40;11310585629;S
20241017;131035;1217;1;11310585630;S
20241017;131035;1217;1;11310585631;S
20241017;131035;1217;1;11310585632;S
20241017;131035;1217;1;11310585633;S
20241017;131035;1217;1;11310585634;S
20241017;131035;1217;1;11310585635;S
20241017;131035;1216.8;54;11310585636;S
20241017;131045;1216.4;82;11310586875;S
20241017;131045;1216.4;40;11310586876;S
20241017;131105;1216.8;1;11310589052;S
20241017;131105;1216.8;40;11310589053;S
20241017;131115;1216.8;1;11310589812;S
20241017;131115;1216.8;40;11310589813;S
20241017;131115;1216.6;7;11310589814;S
20241017;131115;1216.6;93;11310589815;S
20241017;131115;1216.6;8;11310589816;S
20241017;131121;1216.4;1;11310590507;S
20241017;131135;1216.2;1;11310591576;S
20241017;131145;1216;65;11310592389;S
20241017;131155;1215.8;29;11310593500;S
20241017;131155;1215.8;40;11310593501;S
20241017;131158;1216.6;1;11310594051;B
20241017;131205;1216.4;1;11310596148;S
20241017;131205;1216.6;1;11310596306;B
20241017;131215;1216.6;1;11310598540;S
20241017;131225;1217.2;25;11310599780;S
20241017;131235;1216.4;7;11310600645;S
20241017;131245;1215.8;7;11310601622;S
20241017;131305;1215.6;8;11310603312;S
20241017;131315;1215.6;1;11310604186;S
20241017;131335;1215.2;2;11310605955;S
20241017;131335;1215.2;8;11310605956;S
20241017;131345;1215.4;82;11310606837;S
20241017;131345;1215.2;37;11310606838;S
20241017;131405;1215.2;1;11310608696;S
20241017;131405;1215.2;20;11310608697;S
20241017;131415;1215;1;11310609505;S
20241017;131435;1214.8;1;11310610809;S
20241017;131435;1214.8;30;11310610810;S
20241017;131505;1214.4;3;11310615090;S
20241017;131515;1214.2;24;11310618024;S
20241017;131515;1214.2;29;11310618025;S
20241017;131517;1214.6;1;11310618220;B
20241017;131543;1215.6;1;11310620296;B
20241017;131543;1215.8;1;11310620297;B
20241017;131605;1214.6;1;11310621778;S
20241017;131748;1214.6;1;11310630391;S
20241017;131914;1214.6;1;11310636708;S
20241017;131914;1214.6;32;11310636709;S
20241017;131918;1214.6;20;11310636982;S
20241017;131918;1214.4;5;11310636983;S
20241017;131918;1214.2;1;11310636984;S
20241017;131918;1214.2;4;11310636985;S
20241017;131918;1214;61;11310636986;S
20241017;131935;1214;37;11310638185;S
20241017;132131;1214;2;11310647384;S
20241017;132131;1214;1;11310647385;S
20241017;132131;1214;12;11310647386;S
20241017;132135;1214;5;11310647620;S
20241017;132153;1214.2;1;11310648652;B
20241017;132244;1214.6;1;11310652607;B
20241017;132244;1214.6;5;11310652608;B
20241017;132305;1214.6;2;11310655178;S
20241017;132338;1215.4;4;11310658353;B
20241017;132405;1214.6;1;11310662696;S
20241017;132409;1215.4;8;11310662983;B
20241017;132419;1215.8;15;11310664379;B
20241017;132419;1215.8;1;11310664380;B
20241017;132435;1214.6;7;11310666325;S
20241017;132519;1215.2;3;11310671467;B
20241017;132519;1215.2;7;11310671468;B
20241017;132520;1215.2;1;11310671657;B
20241017;132522;1215.2;6;11310671797;B
20241017;132522;1215.2;26;11310671798;B
20241017;132531;1216;1;11310673003;B
20241017;132535;1215.6;1;11310673328;S
20241017;132535;1215.6;5;11310673329;S
20241017;132548;1214.8;7;11310674792;S
20241017;132626;1214.6;5;11310678938;S
20241017;132635;1214.6;2;11310679875;S
20241017;132726;1214.6;3;11310690398;S
20241017;132726;1214.6;21;11310690399;S
20241017;132732;1215.4;2;11310695925;B
20241017;132735;1214.6;8;11310700575;S
20241017;132737;1215;1;11310701869;B
20241017;132817;1215.6;2;11310747614;B
20241017;132835;1214.8;1;11310766672;S
20241017;132942;1214.6;1;11310835101;S
20241017;132958;1215;1;11310836972;S
20241017;132959;1214.6;4;11310837060;S
20241017;133002;1214.6;1;11310837375;S
20241017;133005;1214.6;2;11310837686;S
20241017;133029;1214.6;7;11310840489;S
20241017;133029;1214.6;1;11310840490;S
20241017;133035;1214;2;11310840997;S
20241017;133231;1214.6;1;11310850971;B
20241017;133339;1214.6;2;11310858436;B
20241017;133406;1214;1;11310861954;S
20241017;133422;1214;30;11310863269;S
20241017;133422;1214;2;11310863270;S
20241017;133422;1214;1;11310863271;S
20241017;133422;1214;1;11310863272;S
20241017;133422;1214;5;11310863273;S
20241017;133422;1214;2;11310863274;S
20241017;133422;1214;1;11310863275;S
20241017;133422;1213.8;3;11310863276;S
20241017;133422;1213.6;1;11310863277;S
20241017;133422;1213.6;20;11310863278;S
20241017;133422;1213.4;2;11310863279;S
20241017;133422;1213.4;1;11310863280;S
20241017;133422;1213.4;2;11310863281;S
20241017;133422;1213.4;2;11310863282;S
20241017;133422;1213.4;1;11310863283;S
20241017;133422;1213.4;1;11310863284;S
20241017;133422;1213.4;1;11310863285;S
20241017;133422;1213.2;40;11310863286;S
20241017;133422;1213;1;11310863287;S
20241017;133422;1213;1;11310863288;S
20241017;133422;1213;13;11310863289;S
20241017;133422;1212.6;12;11310863290;S
20241017;133422;1212.6;5;11310863291;S
20241017;133422;1212.6;4;11310863292;S
20241017;133422;1212.4;82;11310863293;S
20241017;133422;1212.2;1;11310863294;S
20241017;133422;1212.2;85;11310863295;S
20241017;133422;1212.4;55;11310863298;S
20241017;133422;1212.2;261;11310863309;S
20241017;133422;1212.2;3;11310863310;S
20241017;133422;1212.2;5;11310863311;S
20241017;133422;1212.2;150;11310863312;S
20241017;133422;1212.2;26;11310863313;S
20241017;133422;1212.2;26;11310863315;S
20241017;133422;1212.2;15;11310863317;S
20241017;133422;1212.2;26;11310863318;S
20241017;133422;1212.2;26;11310863320;S
20241017;133422;1212.2;114;11310863324;S
20241017;133422;1212.2;26;11310863325;S
20241017;133423;1212.2;26;11310863326;S
20241017;133423;1212.2;32;11310863327;S
20241017;133423;1212.2;26;11310863331;S
20241017;133423;1212.2;16;11310863336;S
20241017;133423;1212.2;26;11310863337;S
20241017;133423;1212.6;2;11310863346;B
20241017;133423;1212.2;26;11310863347;S
20241017;133423;1212.2;26;11310863350;S
20241017;133423;1212.2;26;11310863357;S
20241017;133423;1212.2;7;11310863375;S
20241017;133423;1212.2;26;11310863376;S
20241017;133423;1212.6;4;11310863382;B
20241017;133423;1212.6;5;11310863399;B
20241017;133432;1212.6;13;11310864429;B
20241017;133436;1212.2;158;11310865616;S
20241017;133448;1212;17;11310869208;S
20241017;133448;1212;1;11310869209;S
20241017;133448;1212;1;11310869210;S
20241017;133448;1212;40;11310869211;S
20241017;133448;1212;2;11310869212;S
20241017;133448;1212;24;11310869213;S
20241017;133448;1212;7;11310869214;S
20241017;133448;1212;1;11310869215;S
20241017;133448;1212;2;11310869216;S
20241017;133506;1212;1;11310872971;S
20241017;133506;1212;2;11310872972;S
20241017;133516;1211.6;1;11310874303;S
20241017;133516;1211.6;5;11310874304;S
20241017;133532;1212.2;1;11310876403;B
20241017;133536;1211.8;17;11310876759;S
20241017;133536;1211.8;1;11310876760;S
20241017;133546;1211.6;13;11310877829;S
20241017;133546;1211.6;4;11310877830;S
20241017;133601;1212;8;11310879520;B
20241017;133601;1212;6;11310879567;B
20241017;133606;1211.4;10;11310880140;S
20241017;133606;1211.4;6;11310880141;S
20241017;133606;1211.4;13;11310880142;S
20241017;133616;1211.2;73;11310881248;S
20241017;133643;1212;1;11310883897;B
20241017;133643;1212;9;11310883971;B
20241017;133706;1211.2;3;11310885994;S
20241017;133708;1212;1;11310886180;B
20241017;133808;1211.4;2;11310891601;S
20241017;133814;1212;125;11310892233;B
20241017;133836;1212.8;38;11310894286;S
20241017;134039;1212.8;2;11310905129;S
20241017;134106;1212.8;1;11310907564;S
20241017;134220;1213.8;1;11310914940;B
20241017;134220;1214;1;11310914941;B
20241017;134253;1214;1;11310917566;B
20241017;134258;1214;4;11310917890;B
20241017;134306;1214.2;2;11310918523;S
20241017;134320;1214.4;1;11310919673;B
20241017;134349;1214.2;5;11310921798;S
20241017;134406;1214.2;2;11310923153;S
20241017;134408;1214.4;1;11310923263;B
20241017;134547;1214.4;1;11310933625;B
20241017;134644;1214.4;1;11310938002;B
20241017;134705;1214.4;1;11310939884;B
20241017;134705;1214.4;7;11310939885;B
20241017;134706;1214.2;3;11310939987;S
20241017;134820;1214.2;1;11310946495;S
20241017;134820;1214.2;4;11310946496;S
20241017;134836;1213.8;1;11310947965;S
20241017;134856;1213.8;1;11310949485;S
20241017;134906;1213.8;1;11310950334;S
20241017;135013;1214.2;1;11310956061;B
20241017;135013;1214.2;1;11310956062;B
20241017;135104;1213.8;20;11310959562;S
20241017;135106;1213.8;6;11310959683;S
20241017;135215;1214.8;1;11310964326;B
20241017;135215;1215;16;11310964327;B
20241017;135215;1215;5;11310964328;B
20241017;135236;1215.2;7;11310965795;S
20241017;135253;1215.6;10;11310966987;B
20241017;135306;1215.2;3;11310967795;S
20241017;135327;1216;1;11310969380;B
20241017;135422;1216;1;11310973384;B
20241017;135436;1215.2;1;11310974388;S
20241017;135501;1216;1;11310977202;B
20241017;135506;1216;1;11310977742;B
20241017;135506;1216;9;11310977743;B
20241017;135506;1216.4;17;11310977744;B
20241017;135506;1216.4;40;11310977745;B
20241017;135506;1216.8;24;11310977746;B
20241017;135506;1217;109;11310977747;B
20241017;135506;1216.2;13;11310977774;S
20241017;135506;1216.2;47;11310977775;S
20241017;135521;1217;5;11310978978;S
20241017;135521;1216.6;2;11310978991;S
20241017;135521;1216.2;4;11310978992;S
20241017;135536;1216.2;3;11310980466;S
20241017;135603;1217.4;2;11310982828;B
20241017;135606;1216.2;1;11310983035;S
20241017;135609;1215.4;5;11310983159;S
20241017;135636;1215.2;1;11310984884;S
20241017;135712;1215.2;25;11310987014;S
20241017;135737;1215.6;8;11310988543;S
20241017;135813;1215.8;1;11310991252;S
20241017;135813;1215.8;4;11310991253;S
20241017;135837;1215.6;1;11310992808;S
20241017;140325;1215;37;11311013913;S
20241017;140337;1215;11;11311014682;S
20241017;140352;1215;22;11311015700;S
20241017;140407;1215;7;11311016570;S
20241017;140523;1215.2;3;11311023181;S
20241017;140537;1215.2;1;11311027453;S
20241017;140735;1216;1;11311042670;B
20241017;140847;1215.2;2;11311049795;S
20241017;140907;1215.2;1;11311051446;S
20241017;141003;1215.6;1;11311059569;B
20241017;141027;1216.4;9;11311064382;B
20241017;141037;1216.4;3;11311067525;S
20241017;141051;1217.2;4;11311069136;B
20241017;141051;1217.4;4;11311069137;B
20241017;141051;1217.8;9;11311069138;B
20241017;141107;1217;5;11311070490;S
20241017;141250;1217.6;100;11311082286;B
20241017;141307;1217;1;11311083759;S
20241017;141307;1217;29;11311083760;S
20241017;141427;1218;18;11311090539;B
20241017;141427;1218;2;11311090690;B
20241017;141437;1217;6;11311091961;S
20241017;141812;1217.6;19;11311112465;S
20241017;141812;1217;20;11311112466;S
20241017;141812;1217;1;11311112467;S
20241017;141812;1217;13;11311112468;S
20241017;141812;1216.8;172;11311112469;S
20241017;141812;1216.4;42;11311112470;S
20241017;141812;1216;7;11311112471;S
20241017;141812;1215.6;24;11311112472;S
20241017;141812;1215.4;109;11311112473;S
20241017;141812;1215.4;82;11311112474;S
20241017;141812;1215.2;100;11311112475;S
20241017;141812;1215;23;11311112476;S
20241017;141812;1215;25;11311112477;S
20241017;141812;1215;100;11311112478;S
20241017;141812;1215;7;11311112479;S
20241017;141812;1214.8;6;11311112480;S
20241017;141812;1214.8;200;11311112481;S
20241017;141812;1214.6;416;11311112482;S
20241017;141813;1216.2;2;11311112596;B
20241017;141826;1215.6;172;11311113388;S
20241017;141826;1215.4;13;11311113389;S
20241017;141826;1214.8;40;11311113390;S
20241017;141826;1213.6;72;11311113391;S
20241017;141826;1213.2;82;11311113392;S
20241017;141826;1213;118;11311113393;S
20241017;141826;1213;7;11311113394;S
20241017;141826;1212.8;1;11311113395;S
20241017;141826;1212.6;2;11311113396;S
20241017;141826;1212.6;200;11311113397;S
20241017;141826;1212.4;82;11311113398;S
20241017;141826;1212.4;120;11311113399;S
20241017;141826;1212.4;72;11311113400;S
20241017;141826;1212.2;3;11311113401;S
20241017;141837;1213.6;172;11311114158;S
20241017;141842;1214.4;13;11311114388;B
20241017;141842;1214.4;1;11311114389;S
20241017;141847;1213.2;172;11311114776;S
20241017;141847;1213.2;2;11311114777;S
20241017;141907;1213;173;11311116040;S
20241017;141907;1213;40;11311116041;S
20241017;141921;1214.4;13;11311116969;B
20241017;141921;1214.4;1;11311116970;B
20241017;141921;1214.6;3;11311116971;B
20241017;141925;1213.8;151;11311117277;S
20241017;141937;1213.4;5;11311118340;S
20241017;142028;1213.6;100;11311123965;S
20241017;142037;1213.6;30;11311126064;S
20241017;142145;1214.2;16;11311135920;S
20241017;142207;1214;5;11311141886;S
20241017;142313;1216;2;11311147425;B
20241017;142338;1215;1;11311149050;S
20241017;142505;1215.6;2;11311155130;S
20241017;142551;1216.8;22;11311158822;B
20241017;142551;1217.2;13;11311158823;B
20241017;142551;1217.2;39;11311158824;B
20241017;142601;1216.8;13;11311159472;B
20241017;142601;1217;117;11311159473;B
20241017;142606;1218.6;10;11311159846;B
20241017;142608;1217.4;5;11311159912;S
20241017;142608;1217.2;48;11311159913;S
20241017;142608;1217.2;12;11311159914;S
20241017;142839;1217.2;2;11311170380;S
20241017;142949;1217.2;1;11311182088;S
20241017;143008;1217.2;1;11311184417;S
20241017;143036;1217.2;15;11311186635;S
20241017;143036;1217.2;24;11311186636;S
20241017;143036;1217;398;11311186637;S
20241017;143038;1217;131;11311186839;S
20241017;143211;1216.2;61;11311194889;S
20241017;143211;1216;69;11311194890;S
20241017;143238;1216;39;11311197043;S
20241017;143251;1217.2;1;11311198167;B
20241017;143355;1217;1;11311203397;B
20241017;143529;1217;1;11311215579;B
20241017;143538;1216;1;11311216278;S
20241017;143552;1217.2;6;11311217371;B
20241017;143555;1217.4;9;11311217770;B
20241017;143608;1215.8;4;11311218831;S
20241017;143616;1215.6;1;11311219504;S
20241017;143616;1215.6;1;11311219505;S
20241017;143636;1215.6;1;11311221034;S
20241017;143638;1215.6;1;11311221148;S
20241017;143740;1215.2;1;11311225534;S
20241017;143741;1215.2;17;11311225589;S
20241017;143808;1215.2;5;11311227738;S
20241017;144212;1215.8;2;11311250116;B
20241017;144212;1216.2;15;11311250141;B
20241017;144238;1214.8;5;11311252064;S
20241017;144746;1215;4;11311273159;S
20241017;144758;1214;1;11311274045;S
20241017;144805;1214;1;11311274500;B
20241017;144807;1214;1;11311274648;B
20241017;144808;1213.8;8;11311274675;S
20241017;144808;1213.8;5;11311274737;S
20241017;144909;1213.8;40;11311278548;S
20241017;144939;1213.8;12;11311280636;S
20241017;144947;1214;2;11311281542;B
20241017;145009;1213.8;1;11311283681;S
20241017;145020;1214;5;11311284495;B
20241017;145024;1214;4;11311284727;B
20241017;145039;1213.8;2;11311286067;S
20241017;145045;1214;6;11311286582;B
20241017;145045;1214.6;6;11311286583;B
20241017;145109;1213.8;4;11311288275;S
20241017;145224;1214.6;1;11311293389;B
20241017;145230;1214.6;8;11311293947;B
20241017;145239;1214;3;11311295020;S
20241017;145309;1214.8;12;11311297779;B
20241017;145339;1214;3;11311299751;S
20241017;145425;1214.8;2;11311303022;B
20241017;145435;1214.8;2;11311303766;B
20241017;145435;1215.4;8;11311303890;B
20241017;145435;1215.8;15;11311303930;B
20241017;145439;1215;2;11311304358;S
20241017;145439;1215;2;11311304359;S
20241017;145439;1215;3;11311304360;B
20241017;145439;1215;1;11311304361;B
20241017;145442;1216.2;7;11311304768;B
20241017;145446;1216.4;15;11311305231;B
20241017;145458;1216.6;5;11311306695;B
20241017;145508;1217;3;11311307787;B
20241017;145508;1217.4;5;11311307855;B
20241017;145509;1216.4;1;11311307977;S
20241017;145509;1216.2;1;11311307978;S
20241017;145509;1216;9;11311307979;S
20241017;145509;1217;9;11311308130;B
20241017;145509;1216.8;5;11311308253;B
20241017;145509;1217;6;11311308329;B
20241017;145510;1217.2;5;11311308399;B
20241017;145510;1217.2;13;11311308470;B
20241017;145510;1217.2;7;11311308549;B
20241017;145510;1217.2;4;11311308601;B
20241017;145510;1217.2;4;11311308699;B
20241017;145510;1217.2;2;11311308851;B
20241017;145510;1217.2;10;11311308877;B
20241017;145512;1217.6;23;11311309418;B
20241017;145514;1217.6;5;11311309777;B
20241017;145517;1217.6;7;11311310128;B
20241017;145525;1217.8;3;11311310988;B
20241017;145539;1217.6;22;11311311971;S
20241017;145539;1217.4;9;11311311972;S
20241017;145540;1217.8;6;11311312163;B
20241017;145540;1218;2;11311312191;B
20241017;145543;1217.8;1;11311312534;S
20241017;145547;1217.8;1;11311312789;S
20241017;145552;1217.8;41;11311313190;S
20241017;145552;1217.2;4;11311313191;S
20241017;145557;1217.6;2;11311313634;B
20241017;145559;1217.6;3;11311313858;B
20241017;145609;1217;2;11311314768;S
20241017;145609;1216.4;16;11311314769;S
20241017;145625;1217.2;1;11311316399;B
20241017;145625;1217.2;1;11311316400;B
20241017;145625;1217.2;1;11311316401;B
20241017;145625;1217.4;9;11311316402;B
20241017;145627;1217.6;3;11311316650;B
20241017;145629;1218;3;11311316931;B
20241017;145639;1216.8;5;11311318030;S
20241017;145642;1217.8;17;11311318320;B
20241017;145647;1218;8;11311318969;B
20241017;145649;1218;9;11311319422;B
20241017;145653;1218;21;11311319927;B
20241017;145659;1217.2;4;11311320587;S
20241017;145709;1217.2;18;11311321501;S
20241017;150053;1217.6;10;11311338564;B
20241017;150100;1217.8;1;11311339260;B
20241017;150100;1217.8;6;11311339280;B
20241017;150109;1217.4;5;11311340077;S
20241017;150110;1218;1;11311340167;B
20241017;150110;1218;3;11311340254;B
20241017;150118;1218;2;11311340975;B
20241017;150128;1218;17;11311341915;B
20241017;150139;1217.4;2;11311343121;S
20241017;150139;1216.8;5;11311343122;S
20241017;150308;1217.2;3;11311350782;S
20241017;150309;1217.2;1;11311350824;S
20241017;150407;1218;1;11311355135;B
20241017;150446;1218;163;11311357680;B
20241017;150446;1218.2;13;11311357681;B
20241017;150446;1218.2;13;11311357682;B
20241017;150446;1218.4;9;11311357683;B
20241017;150446;1218.8;2;11311357684;B
20241017;150446;1217.8;13;11311357707;S
20241017;150446;1217.8;7;11311357708;S
20241017;150446;1217.6;11;11311357709;S
20241017;150509;1217.4;2;11311360470;S
20241017;150509;1217.2;5;11311360471;S
20241017;150509;1217.2;57;11311360472;S
20241017;150509;1216.8;5;11311360473;S
20241017;150527;1217.8;23;11311367061;B
20241017;150539;1217.4;2;11311368603;S
20241017;150539;1217.2;5;11311368604;S
20241017;150544;1218.2;5;11311369082;B
20241017;150547;1218.8;1;11311369360;B
20241017;150547;1219.4;1;11311369361;B
20241017;150609;1217.6;2;11311371182;S
20241017;150623;1218.8;12;11311372392;B
20241017;150630;1218.8;12;11311373035;B
20241017;150639;1217.6;8;11311373646;S
20241017;150652;1217.6;6;11311374594;S
20241017;150652;1217.4;2;11311374595;S
20241017;150709;1216.6;2;11311376069;S
20241017;150717;1217.2;2;11311376550;B
20241017;150726;1217.2;1;11311377080;B
20241017;150739;1216.6;1;11311378433;S
20241017;150747;1217.2;2;11311378956;B
20241017;150751;1217.2;2;11311379405;B
20241017;150809;1216.6;1;11311380712;S
20241017;150816;1217.2;4;11311381305;B
20241017;150821;1217.2;1;11311381922;B
20241017;150830;1217.2;2;11311382757;B
20241017;150839;1216.6;2;11311383883;S
20241017;150847;1217.2;1;11311384527;B
20241017;150858;1216.6;11;11311385476;S
20241017;150858;1216.6;4;11311385477;S
20241017;150858;1216.4;48;11311385478;S
20241017;150902;1217.2;11;11311385753;B
20241017;150909;1216.6;9;11311386337;S
20241017;150909;1216.4;12;11311386338;S
20241017;150909;1216.4;2;11311386339;S
20241017;150920;1217.2;6;11311387156;B
20241017;150921;1217.2;2;11311387267;B
20241017;150921;1217.8;2;11311387268;B
20241017;150921;1218.2;4;11311387269;B
20241017;150923;1218.8;3;11311387616;B
20241017;150923;1218.8;13;11311387617;B
20241017;150923;1218.8;32;11311387618;B
20241017;150925;1219;10;11311388005;B
20241017;150927;1219.2;1;11311388217;B
20241017;150928;1219.2;5;11311388319;B
20241017;150939;1218.4;23;11311389207;S
20241017;151005;1219.4;2;11311391499;B
20241017;151009;1219.4;4;11311391859;B
20241017;151009;1219.8;1;11311392089;B
20241017;151009;1219.8;19;11311392090;B
20241017;151009;1219.2;6;11311392162;S
20241017;151009;1218.8;1;11311392163;S
20241017;151009;1218.8;1;11311392164;S
20241017;151010;1219.6;1;11311392251;B
20241017;151011;1219.8;2;11311392406;B
20241017;151018;1219.8;13;11311393188;B
20241017;151019;1219.8;16;11311393229;B
20241017;151023;1219.6;1;11311393874;S
20241017;151025;1219.6;2;11311394129;S
20241017;151025;1219.4;5;11311394130;S
20241017;151031;1219.6;13;11311394798;B
20241017;151031;1219.8;4;11311394799;B
20241017;151037;1219.8;13;11311395356;B
20241017;151037;1219.8;3;11311395357;B
20241017;151039;1219.4;16;11311395542;S
20241017;151039;1219.2;6;11311395543;S
20241017;151054;1219.8;17;11311397168;B
20241017;151109;1218.8;5;11311401681;S
20241017;151138;1219.8;3;11311410941;B
20241017;151139;1218.8;1;11311411273;S
20241017;151140;1219.4;1;11311411329;B
20241017;151227;1218.8;2;11311417325;S
20241017;151227;1219.4;4;11311417344;B
20241017;151239;1219.8;40;11311418566;B
20241017;151239;1219.2;2;11311418578;S
20241017;151240;1219.8;40;11311418660;B
20241017;151241;1219.6;5;11311418962;B
20241017;151245;1219.2;8;11311419397;S
20241017;151307;1218.4;5;11311421624;S
20241017;151309;1218.4;29;11311421763;S
20241017;151449;1219.2;6;11311429971;B
20241017;151510;1218.4;2;11311431560;S
20241017;151534;1218.4;5;11311433459;S
20241017;151540;1218.4;2;11311433962;S
20241017;151551;1218.4;5;11311436554;S
20241017;151610;1218.4;1;11311438089;S
20241017;151913;1218.8;8;11311451373;S
20241017;151940;1218.4;3;11311453175;S
20241017;152056;1219;1;11311460038;S
20241017;152212;1219.2;1;11311466271;B
20241017;152240;1219;1;11311468450;S
20241017;152240;1219;1;11311468451;S
20241017;152240;1218.8;1;11311468456;S
20241017;152617;1218.8;5;11311583769;S
20241017;152640;1218.8;1;11311606899;S
20241017;152640;1219;2;11311606904;B
20241017;152702;1219;5;11311625399;B
20241017;152710;1218.4;2;11311625827;S
20241017;152804;1219;8;11311629320;B
20241017;152804;1219;1;11311629411;B
20241017;152810;1219;3;11311630062;S
20241017;152908;1219.2;3;11311634563;B
20241017;152910;1219;1;11311634699;S
20241017;153011;1219.2;54;11311640372;B
20241017;153012;1219.2;5;11311640465;B
20241017;153019;1219.2;2;11311641148;B
20241017;153019;1219.2;2;11311641193;B
20241017;153021;1219.2;12;11311641317;B
20241017;153026;1219.2;1;11311641702;B
20241017;153040;1219;23;11311642649;S
20241017;153044;1219;8;11311642843;S
20241017;153110;1219;2;11311644657;S
20241017;153142;1219;5;11311646732;S
20241017;153210;1219;2;11311648578;S
20241017;153234;1219.2;4;11311649983;B
20241017;153240;1219;1;11311650383;S
20241017;153321;1219;1;11311652537;S
20241017;153348;1219;39;11311654074;S
20241017;153348;1218.6;21;11311654075;S
20241017;153410;1218.4;5;11311655536;S
20241017;153410;1218.4;11;11311655537;S
20241017;153410;1218.4;1;11311655538;S
20241017;153410;1218.4;1;11311655539;S
20241017;153417;1218.4;4;11311655945;S
20241017;153433;1218.4;2;11311656686;S
20241017;153440;1218.4;2;11311657174;S
20241017;153534;1218.4;1;11311660180;S
20241017;153820;1218.4;1;11311674629;S
20241017;153840;1218.4;1;11311675825;S
20241017;154016;1219.2;1;11311681525;B
20241017;154041;1218.4;44;11311682931;S
20241017;154111;1218.4;13;11311684497;S
20241017;154832;1219;1;11311711443;B
20241017;154843;1218.4;1;11311712055;S
20241017;154854;1219;1;11311712618;B
20241017;154911;1218.4;1;11311713829;S
20241017;154918;1219;2;11311714226;B
20241017;154941;1218.4;1;11311715944;S
20241017;155147;1218.4;7;11311728169;S
20241017;155147;1218.4;4;11311728170;S
20241017;155147;1218.4;1;11311728171;S
20241017;155147;1218.4;1;11311728172;S
20241017;155211;1218;3;11311730148;S
20241017;155222;1218;4;11311731225;S
20241017;155222;1217.4;3;11311731226;S
20241017;155241;1218;3;11311732614;S
20241017;155313;1218;8;11311734786;S
20241017;155333;1218.2;1;11311736573;B
20241017;155341;1218;2;11311737151;S
20241017;155345;1218;22;11311737410;S
20241017;155355;1218.2;7;11311738038;B
20241017;155359;1218.4;10;11311738393;B
20241017;155401;1218.2;3;11311738634;B
20241017;155411;1218;1;11311739249;S
20241017;155411;1217.4;12;11311739250;S
20241017;155437;1217.6;2;11311740765;B
20241017;155539;1217.6;13;11311744997;B
20241017;155541;1217.2;4;11311745116;S
20241017;155653;1217.6;1;11311751708;B
20241017;155711;1217.2;1;11311752723;S
20241017;155814;1217.2;108;11311756157;S
20241017;155836;1217.4;1;11311757200;B
20241017;155836;1217.4;1;11311757201;B
20241017;155837;1217.2;887;11311757298;S
20241017;155837;1217;1;11311757299;S
20241017;155837;1216.6;40;11311757300;S
20241017;155837;1216.4;7;11311757301;S
20241017;155837;1216.4;13;11311757302;S
20241017;155837;1216;100;11311757303;S
20241017;155837;1216;9;11311757304;S
20241017;155837;1215.8;942;11311757305;S
20241017;155837;1215.8;1;11311757306;S
20241017;155841;1215.8;58;11311757504;S
20241017;155841;1215.4;3;11311757505;S
20241017;155841;1215.2;26;11311757506;S
20241017;155851;1215;4;11311757969;S
20241017;155851;1215;1;11311757970;S
20241017;155851;1214.8;13;11311757971;S
20241017;155911;1214.6;1;11311759043;S
20241017;155915;1215.6;2;11311759253;B
20241017;155921;1215.2;13;11311759792;S
20241017;155926;1215.4;44;11311760267;S
20241017;155926;1215.2;49;11311760268;S
20241017;155926;1215.2;13;11311760269;S
20241017;155926;1215;90;11311760270;S
20241017;155926;1214.8;40;11311760271;S
20241017;155926;1214.4;24;11311760272;S
20241017;155926;1214.2;1;11311760273;S
20241017;155926;1214.2;40;11311760274;S
20241017;155926;1214;1;11311760275;S
20241017;155926;1214;1;11311760276;S
20241017;155926;1214;172;11311760277;S
20241017;155926;1213.6;10;11311760278;S
20241017;155926;1213.6;14;11311760279;S
20241017;155941;1214;126;11311761472;S
20241017;155941;1213.8;19;11311761473;S
20241017;155941;1213.8;121;11311761474;S
20241017;155941;1213.8;32;11311761475;S
20241017;155941;1213.6;7;11311761476;S
20241017;155951;1213.4;48;11311762023;S
20241017;160011;1213.4;8;11311763086;S
20241017;160014;1213.2;4;11311763220;S
20241017;160021;1213.2;169;11311763708;S
20241017;160031;1213;4;11311764286;S
20241017;160031;1213;5;11311764287;S
20241017;160031;1213;1;11311764288;S
20241017;160031;1213;173;11311764289;S
20241017;160041;1212.6;82;11311764904;S
20241017;160052;1212.4;155;11311765464;S
20241017;160055;1212.4;18;11311765684;S
20241017;160110;1212.4;1;11311766702;S
20241017;160111;1212.4;6;11311766848;S
20241017;160144;1212.6;32;11311768819;S
20241017;160211;1213;10;11311770300;S
20241017;161147;1214.8;3;11311930502;S
20241017;161212;1214.8;1;11311932689;S
20241017;161324;1214.8;1;11311939566;S
20241017;161403;1215;1;11311943369;B
20241017;161451;1215;2;11311950242;B
20241017;161451;1215;3;11311950243;B
20241017;161451;1215.8;50;11311950244;B
20241017;161512;1216.6;17;11311951845;S
20241017;161539;1216.4;1;11311954537;B
20241017;161600;1215.8;1;11311956704;B
20241017;161611;1216.4;9;11311958115;B
20241017;161612;1214.6;3;11311958183;S
20241017;162027;1214.6;2;11311982049;S
20241017;162027;1214.4;1;11311982050;S
20241017;162042;1214.2;1;11311985138;S
20241017;162111;1215.6;2;11311991507;B
20241017;162355;1216;1;11312003249;B
20241017;162355;1216.2;1;11312003250;B
20241017;162412;1215;1;11312004494;S
20241017;162421;1215;7;11312005046;S
20241017;162421;1215;1;11312005047;S
20241017;162437;1214.2;41;11312005937;S
20241017;162442;1214.2;15;11312006232;S
20241017;162516;1215;22;11312008165;B
20241017;162521;1215;3;11312008474;S
20241017;162542;1215;7;11312009999;S
20241017;162635;1215;4;11312013132;S
20241017;162642;1215;1;11312013681;S
20241017;163048;1215;5;11312032637;S
20241017;163112;1215;2;11312034279;S
20241017;163526;1217;15;11312051112;B
20241017;163543;1216;5;11312052007;S
20241017;164626;1217.2;1;11312105588;B
20241017;164626;1217.4;5;11312105589;B
20241017;164638;1217.4;1;11312112308;B
20241017;164638;1217.4;1;11312112346;B
20241017;164643;1216.4;1;11312115103;S
20241017;164643;1216.4;1;11312115104;S
20241017;164852;1217.4;2;11312169341;B
20241017;164852;1218.8;3;11312169350;B
20241017;164852;1218.8;8;11312169351;B
20241017;164853;1218.6;4;11312169486;B
20241017;164911;1218.4;2;11312171261;B
20241017;164911;1218.6;29;11312171262;B
20241017;164911;1218.6;17;11312171417;B
20241017;164911;1218.6;15;11312171453;B
20241017;164911;1219.2;2;11312171593;B
20241017;164913;1218;13;11312171794;S
20241017;164913;1218;12;11312171795;S
20241017;164915;1219;1;11312171939;B
20241017;164915;1219.2;1;11312171940;B
20241017;164915;1219.2;2;11312171976;B
20241017;164918;1219.2;8;11312172262;B
20241017;164921;1219.2;2;11312172598;B
20241017;164921;1219.2;4;11312172655;B
20241017;164933;1219;1;11312173686;B
20241017;164933;1219.2;8;11312173687;B
20241017;164943;1219.2;12;11312174573;B
20241017;164943;1218.2;11;11312174609;S
20241017;164944;1219.2;1;11312174660;B
20241017;165013;1218.2;1;11312176588;S
20241017;165016;1219.2;12;11312176853;B
20241017;165043;1218.4;1;11312179096;S
20241017;165043;1218.2;2;11312179097;S
20241017;165400;1219;1;11312194367;B
20241017;165400;1219;7;11312194368;B
20241017;165404;1219;2;11312194971;B
20241017;165405;1219;5;11312195046;B
20241017;165406;1219;7;11312195311;B
20241017;165413;1218.2;6;11312195868;S
20241017;165413;1218.2;1;11312195869;S
20241017;165429;1219;61;11312196782;B
20241017;165429;1219;1;11312196783;B
20241017;165429;1219.2;12;11312196784;B
20241017;165443;1219.2;17;11312197689;B
20241017;165443;1219.2;4;11312197797;B
20241017;165443;1219.2;16;11312197879;B
20241017;165443;1218.6;33;11312197939;S
20241017;165541;1218.4;25;11312201596;S
20241017;165543;1218.2;4;11312201695;S
20241017;165543;1218.2;4;11312201696;S
20241017;165938;1219;3;11312217244;B
20241017;170322;1218.8;28;11312231209;B
20241017;170322;1219;25;11312231210;B
20241017;170322;1219;13;11312231211;B
20241017;170322;1219;39;11312231212;B
20241017;170322;1219.2;28;11312231213;B
20241017;170322;1219.2;25;11312231214;B
20241017;170322;1219.2;11;11312231215;B
20241017;170343;1219.2;3;11312240103;B
20241017;170343;1219.2;35;11312240235;B
20241017;170343;1219.2;8;11312240246;B
20241017;170343;1219.4;9;11312240247;B
20241017;170343;1219.4;14;11312240274;B
20241017;170343;1219.4;27;11312240290;B
20241017;170344;1219.2;35;11312240425;S
20241017;170344;1219.2;13;11312240426;S
20241017;170344;1219.2;32;11312240427;S
20241017;170429;1219.8;8;11312269171;B
20241017;170429;1219.8;40;11312269276;B
20241017;170444;1219.2;14;11312270363;S
20241017;170447;1219.8;2;11312270518;B
20241017;170448;1220;10;11312270556;B
20241017;170448;1220;3;11312270604;B
20241017;170448;1220;67;11312270605;B
20241017;170448;1220;8;11312270606;B
20241017;170448;1220;3;11312270607;B
20241017;170448;1220;35;11312270608;B
20241017;170448;1220;37;11312270609;B
20241017;170448;1220;83;11312270610;B
20241017;170448;1220;9;11312270611;B
20241017;170448;1220;22;11312270612;B
20241017;170448;1220;3;11312270613;B
20241017;170448;1220.2;1;11312270614;B
20241017;170514;1220.2;13;11312272159;S
20241017;170514;1220.2;40;11312272160;S
20241017;170514;1220.2;33;11312272161;S
20241017;170521;1221;3;11312272748;B
20241017;170521;1221.2;4;11312272749;B
20241017;170544;1220.2;1;11312274058;S
20241017;170805;1221.2;1;11312282954;B
20241017;170805;1221.4;1;11312282955;B
20241017;170805;1221.6;1;11312282956;B
20241017;170805;1221.8;1;11312282957;B
20241017;170805;1222.2;6;11312282958;B
20241017;170805;1222;21;11312283073;B
20241017;170805;1222.2;45;11312283074;B
20241017;170805;1222.2;40;11312283220;B
20241017;170814;1222.2;35;11312283907;S
20241017;170913;1222;18;11312287332;B
20241017;170914;1220.8;1;11312287481;S
20241017;170914;1220.8;5;11312287482;S
20241017;171520;1221.8;1;11312325515;B
20241017;171520;1222;5;11312325516;B
20241017;171520;1222.2;13;11312325517;B
20241017;171520;1222.4;77;11312325518;B
20241017;171520;1222.6;13;11312325519;B
20241017;171544;1221.4;32;11312332253;S
20241017;171633;1222.2;2;11312339660;B
20241017;171644;1221;1;11312340429;S
20241017;171646;1222.2;11;11312340747;B
20241017;171646;1222.4;4;11312340748;B
20241017;171702;1222.4;10;11312341883;B
20241017;171709;1222.4;31;11312342365;B
20241017;171709;1222.6;3;11312342559;B
20241017;171709;1222.6;13;11312342560;B
20241017;171709;1222.8;2;11312342664;B
20241017;171710;1223;4;11312342748;B
20241017;171710;1223;2;11312342854;B
20241017;171714;1221.8;24;11312343135;S
20241017;171733;1222.6;2;11312344588;B
20241017;171733;1223;17;11312344702;B
20241017;171733;1223.2;3;11312344778;B
20241017;171733;1223.2;24;11312344779;B
20241017;171733;1223.2;2;11312344780;B
20241017;171733;1223.2;8;11312344781;B
20241017;171733;1223.4;1;11312344845;B
20241017;171733;1223.4;39;11312344846;B
20241017;171733;1223.4;40;11312345038;B
20241017;171737;1223.4;1;11312345635;B
20241017;171744;1223;40;11312346227;S
20241017;171744;1222.8;1;11312346228;S
20241017;172121;1222.6;2;11312361424;B
20241017;172144;1222;1;11312362856;S
20241017;172357;1222;6;11312371727;S
20241017;172357;1222;1;11312371728;S
20241017;172357;1222;22;11312371729;S
20241017;172414;1221.4;1;11312372666;S
20241017;172414;1221;7;11312372667;S
20241017;172615;1222.4;5;11312381382;B
20241017;172645;1221.2;2;11312383080;S
20241017;172757;1221.2;11;11312387910;S
20241017;172757;1221.2;79;11312387911;S
20241017;172757;1221;3;11312387912;S
20241017;172757;1221;2;11312387913;S
20241017;172757;1221;13;11312387914;S
20241017;172757;1220.8;1;11312387915;S
20241017;172757;1220.8;40;11312387916;S
20241017;172757;1220.6;40;11312387917;S
20241017;172757;1220.2;24;11312387918;S
20241017;172757;1220.2;6;11312387919;S
20241017;172757;1220;10;11312387920;S
20241017;172757;1220;1;11312387921;S
20241017;172757;1220;82;11312387922;S
20241017;172757;1220;30;11312387924;B
20241017;172815;1219.8;103;11312389855;S
20241017;172831;1220;12;11312390781;B
20241017;172845;1219.8;3;11312391509;S
20241017;172850;1220;2;11312391932;B
20241017;172900;1220;5;11312392474;B
20241017;172915;1219.8;2;11312393508;S
20241017;173045;1220;2;11312398923;B
20241017;173115;1219.8;1;11312400296;S
20241017;173153;1219.8;80;11312402311;S
20241017;173215;1219.8;24;11312403703;S
20241017;173217;1219.8;63;11312403828;S
20241017;173245;1219.8;19;11312405516;S
20241017;173424;1219.8;20;11312412225;S
20241017;173445;1219.8;6;11312413619;S
20241017;173659;1219.8;1;11312422081;S
20241017;173831;1220;1;11312427169;B
20241017;173831;1220;2;11312427173;B
20241017;173845;1219.8;1;11312427933;S
20241017;173908;1219.8;18;11312429259;S
20241017;173912;1219.8;5;11312429527;S
20241017;173915;1219.8;7;11312429693;S
20241017;173925;1219.8;1;11312430445;S
20241017;173939;1220;2;11312431324;B
20241017;173945;1219.8;1;11312431673;S
20241017;174009;1219.8;3;11312433385;S
20241017;174011;1220;9;11312433512;B
20241017;174015;1219.8;3;11312433816;S
20241017;174029;1220;1;11312434662;B
20241017;174045;1219.8;1;11312435531;S
20241017;174154;1219.8;4;11312439587;S
20241017;174210;1219.8;5;11312440695;S
20241017;174215;1219.8;2;11312441054;S
20241017;174504;1219.8;5;11312452882;S
20241017;174515;1219.8;2;11312453588;S
20241017;174541;1220;1;11312455711;B
20241017;174625;1219.8;4;11312459858;S
20241017;174642;1219.8;2;11312461033;S
20241017;174645;1219.8;2;11312461207;S
20241017;174651;1220;1;11312461545;B
20241017;174712;1220;1;11312462904;B
20241017;174758;1219.8;250;11312465660;S
20241017;174758;1219.8;26;11312465661;S
20241017;174758;1219.8;2;11312465662;S
20241017;174815;1219.6;4;11312467141;S
20241017;174815;1219.2;10;11312467142;S
20241017;174815;1219.2;10;11312467143;S
20241017;174815;1219.2;60;11312467144;S
20241017;174925;1219.4;2;11312471580;S
20241017;174945;1219.4;1;11312472714;S
20241017;175911;1219.4;1;11312512097;S
20241017;175925;1219.2;5;11312512839;S
20241017;175946;1219.2;1;11312514237;S
20241017;180101;1219.6;9;11312519253;B
20241017;180101;1219.8;3;11312519254;B
20241017;180101;1220;1;11312519259;B
20241017;180116;1219.2;4;11312520318;S
20241017;180203;1220;2;11312523370;B
20241017;180213;1220;15;11312524060;B
20241017;180215;1220;10;11312524273;B
20241017;180216;1219.4;8;11312524318;S
20241017;180227;1220;14;11312525057;B
20241017;180246;1219.2;5;11312526393;S
20241017;180415;1220;1;11312532951;B
20241017;180519;1220;3;11312537553;B
20241017;180546;1219.6;1;11312539287;S
20241017;180724;1219.4;1;11312546093;S
20241017;180724;1219.2;30;11312546094;S
20241017;180724;1219.2;37;11312546280;S
20241017;180724;1219.2;1;11312546281;S
20241017;180724;1219.2;1;11312546282;S
20241017;180724;1219.2;1;11312546283;S
20241017;180724;1219.2;54;11312546284;S
20241017;180724;1219.2;10;11312546677;S
20241017;180724;1219;3;11312547028;S
20241017;180726;1219;31;11312547430;S
20241017;180746;1219;51;11312549741;S
20241017;180807;1219.4;1;11312551731;B
20241017;180945;1219.4;6;11312558459;B
20241017;180945;1219.4;20;11312558460;B
20241017;180945;1219.8;11;11312558461;B
20241017;180946;1219;11;11312558569;S
20241017;180959;1219;13;11312559824;S
20241017;180959;1219;6;11312559900;S
20241017;181016;1219;6;11312561479;S
20241017;181018;1219;37;11312561589;S
20241017;181021;1219.2;1;11312562032;B
20241017;181021;1219.2;9;11312562033;B
20241017;181025;1219;37;11312563011;S
20241017;181046;1219;1641;11312564891;S
20241017;181046;1219;7;11312564892;S
20241017;181046;1219;1;11312564893;S
20241017;181046;1218.8;1;11312564894;S
20241017;181046;1218.2;1;11312564895;S
20241017;181046;1218;1;11312564896;S
20241017;181046;1218;10;11312564897;S
20241017;181046;1217.6;1;11312564898;S
20241017;181046;1217.2;10;11312564899;S
20241017;181046;1217.2;1;11312564900;S
20241017;181046;1217.2;20;11312564903;S
20241017;181046;1217.2;141;11312564926;S
20241017;181046;1217;5;11312564927;S
20241017;181046;1216.6;1;11312564928;S
20241017;181046;1216.6;1;11312564929;S
20241017;181046;1216.6;40;11312564930;S
20241017;181046;1216.4;3;11312564931;S
20241017;181046;1216.4;75;11312564932;S
20241017;181046;1216;3;11312564933;S
20241017;181046;1216;1;11312564934;S
20241017;181046;1216;13;11312564935;S
20241017;181046;1215.8;1;11312564936;S
20241017;181046;1215.8;249;11312564937;S
20241017;181046;1215.8;1;11312564938;S
20241017;181119;1215.8;5;11312567751;S
20241017;181144;1216;1;11312569910;S
20241017;181144;1215.8;13;11312569911;S
20241017;181146;1215.8;6;11312570116;S
20241017;181151;1216.2;1;11312570513;B
20241017;181226;1216.2;5;11312573165;B
20241017;181246;1215.8;2;11312574905;S
20241017;181325;1215.8;90;11312578106;S
20241017;181325;1215.8;26;11312578107;S
20241017;181335;1215.8;393;11312578844;S
20241017;181335;1215.8;26;11312578845;S
20241017;181337;1215.8;26;11312578989;S
20241017;181337;1215.8;26;11312578992;S
20241017;181337;1215.8;26;11312578993;S
20241017;181339;1215.8;25;11312579117;S
20241017;181346;1215.8;87;11312579739;S
20241017;181346;1215.4;3;11312579740;S
20241017;181346;1215.4;1;11312579741;S
20241017;181346;1215.4;100;11312579742;S
20241017;181602;1215.4;19;11312617561;S
20241017;181602;1215.4;26;11312617562;S
20241017;181602;1215.4;27;11312617563;S
20241017;181602;1215.4;3;11312617564;S
20241017;181602;1215.2;5;11312617565;S
20241017;181602;1215.4;141;11312617567;S
20241017;181602;1215;56;11312617568;S
20241017;181602;1215;1;11312617569;S
20241017;181602;1215;1;11312617570;S
20241017;181602;1215;7;11312617571;S
20241017;181602;1215;1;11312617572;S
20241017;181616;1214.2;2;11312619024;S
20241017;181616;1214.2;3;11312619025;S
20241017;181616;1214.2;3;11312619026;S
20241017;181616;1214.2;1;11312619027;S
20241017;181616;1214.2;77;11312619028;S
20241017;181705;1214.8;20;11312623368;B
20241017;181717;1215;6;11312624820;S
20241017;181916;1215.2;1;11312636677;B
20241017;181924;1215;1;11312637117;S
20241017;181924;1214.8;13;11312637118;S
20241017;181924;1214.6;16;11312637119;S
20241017;181947;1214.6;9;11312638638;S
20241017;182329;1215;2;11312662916;B
20241017;182329;1215;3;11312662917;B
20241017;182337;1215.8;10;11312663480;B
20241017;182337;1215.8;5;11312663481;B
20241017;182347;1215.6;6;11312664245;S
20241017;182750;1215.6;13;11312681122;S
20241017;182750;1215.2;30;11312681123;S
20241017;182750;1215;2;11312681124;S
20241017;182750;1215;40;11312681125;S
20241017;182750;1215;3;11312681126;S
20241017;182750;1214.8;172;11312681127;S
20241017;182817;1214.8;78;11312683072;S
20241017;183301;1215.8;1;11312706837;B
20241017;183317;1215;1;11312708026;S
20241017;183337;1216.4;2;11312709664;B
20241017;183354;1215.2;3;11312711040;S
20241017;183417;1215.2;1;11312712806;S
20241017;183423;1216.4;5;11312713278;B
20241017;183447;1216.4;1;11312714984;S
20241017;183447;1216.4;1;11312714985;S
20241017;183503;1216.6;1;11312716022;B
20241017;183506;1216.4;1;11312716238;S
20241017;183521;1216.4;1;11312717279;S
20241017;183535;1216.4;55;11312718430;S
20241017;183535;1215.2;13;11312718431;S
20241017;183535;1215;172;11312718432;S
20241017;183547;1214.8;73;11312719383;S
20241017;183550;1216;1;11312719792;B
20241017;183836;1215.6;16;11312733566;B
20241017;183847;1215.6;1;11312734637;B
20241017;183847;1214.8;5;11312734639;S
20241017;183946;1214.8;94;11312739491;S
20241017;183946;1214.6;50;11312739492;S
20241017;183946;1214.4;3;11312739493;S
20241017;183946;1214.4;13;11312739494;S
20241017;183946;1214.2;50;11312739495;S
20241017;183946;1214.2;3;11312739496;S
20241017;183946;1214;1;11312739497;S
20241017;183946;1214;10;11312739498;S
20241017;183946;1214;3;11312739499;S
20241017;183946;1214;2;11312739500;S
20241017;183946;1213.4;1;11312739501;S
20241017;183946;1213.4;82;11312739502;S
20241017;183946;1213.2;303;11312739503;S
20241017;183947;1214.2;172;11312739737;S
20241017;183947;1214;13;11312739738;S
20241017;184505;1214;1;11312743010;S
20241017;184505;1214;1;11312743011;S
20241017;190437;1217;5;11312763520;B
20241017;190437;1217;1;11312763521;B
20241017;190437;1217;4;11312763522;B
20241017;190437;1217;1;11312763523;B
20241017;190500;1214;1;11312765340;S
20241017;190500;1214;1;11312765341;S
20241017;190500;1213;4;11312765342;S
20241017;190500;1213;3;11312766242;S
20241017;190507;1216.8;17;11312766904;S
20241017;190518;1214;7;11312768304;S
20241017;190547;1215.8;1;11312770705;B
20241017;190547;1216;1;11312770706;B
20241017;190548;1214.4;1;11312770740;S
20241017;190743;1214.6;1;11312777849;S
20241017;190828;1214.6;5;11312780409;S
20241017;190849;1214.6;2;11312781710;S
20241017;190852;1214.6;3;11312781831;S
20241017;190902;1215;1;11312782239;B
20241017;190919;1214;1;11312783850;S
20241017;190926;1213.6;2;11312784557;S
20241017;190940;1213.8;1;11312785623;S
20241017;190940;1213.6;11;11312785624;S
20241017;190940;1213.6;172;11312785625;S
20241017;190940;1213.6;1;11312785626;S
20241017;190940;1213.2;1;11312785627;S
20241017;190940;1213;3;11312785628;S
20241017;190940;1213;1;11312785629;S
20241017;190940;1213;7;11312785630;S
20241017;190940;1213;10;11312785631;S
20241017;190940;1212.4;4;11312785632;S
20241017;190940;1212.4;24;11312785633;S
20241017;190940;1212.2;753;11312785634;S
20241017;190940;1212.2;2;11312785635;S
20241017;190940;1212.2;2;11312785636;S
20241017;190940;1212.2;8;11312785637;S
20241017;190949;1212.8;173;11312786157;S
20241017;190949;1212.8;13;11312786158;S
20241017;190949;1212.8;20;11312786159;B
20241017;191006;1213.2;1;11312787391;S
20241017;191007;1213.2;114;11312787497;S
20241017;191019;1213;7;11312788400;S
20241017;191056;1213;166;11312790573;S
20241017;191056;1213;13;11312790574;S
20241017;191056;1212.8;11;11312790575;S
20241017;191116;1213;5;11312792361;S
20241017;191119;1213;58;11312792606;S
20241017;191604;1213.6;11;11312812338;B
20241017;191619;1213;4;11312813170;S
20241017;191711;1213;7;11312816030;S
20241017;191719;1213;2;11312816516;S
20241017;191721;1213;50;11312816611;S
20241017;191749;1213;15;11312818347;S
20241017;191805;1213.6;1;11312818982;B
20241017;191826;1213;30;11312819791;S
20241017;191826;1213;2;11312819792;S
20241017;191849;1213.2;10;11312821124;S
20241017;191944;1213.2;1;11312824113;S
20241017;192035;1213.6;1;11312828450;B
20241017;192035;1213.6;1;11312828451;B
20241017;192230;1213.6;1;11312835955;B
20241017;192249;1213.2;1;11312837135;S
20241017;192420;1213.6;20;11312842260;B
20241017;192424;1213.8;4;11312842418;S
20241017;192449;1213.8;7;11312843403;S
20241017;192450;1214;2;11312843409;B
20241017;192519;1213.8;1;11312844555;S
20241017;192629;1213.8;20;11312847634;S
20241017;192649;1213.8;6;11312848172;S
20241017;192828;1213.8;2;11312854353;S
20241017;193002;1213.8;72;11312860652;S
20241017;193019;1213.8;22;11312861296;S
20241017;193257;1213.8;15;11312867605;S
20241017;193319;1213.8;4;11312868418;S
20241017;193322;1213.8;20;11312868525;S
20241017;193322;1213.8;5;11312868526;S
20241017;193322;1213.8;1;11312868527;S
20241017;193322;1213.6;9;11312868528;S
20241017;193322;1213.2;1;11312868529;S
20241017;193322;1213.2;20;11312868530;S
20241017;193322;1213;1;11312868531;S
20241017;193349;1212.4;17;11312870817;S
20241017;193517;1213;1;11312874850;B
20241017;193520;1212.4;1;11312874922;S
20241017;193727;1212.4;8;11312878697;S
20241017;193750;1212.4;2;11312879432;S
20241017;193756;1214.8;13;11312879646;S
20241017;193756;1213.4;5;11312879647;S
20241017;193756;1212.6;13;11312879648;S
20241017;193756;1212.4;1;11312879649;S
20241017;193756;1212.4;21;11312879650;S
20241017;193756;1212.2;169;11312879651;S
20241017;193756;1212.2;4;11312879652;S
