<DATE>;<TIME>;<LAST>;<VOL>;<ID>;<OPER>
20241009;095956;53.71;10;11277257366;B
20241009;095956;53.71;20;11277257367;B
20241009;095956;53.71;20;11277257368;B
20241009;095956;53.71;20;11277257369;B
20241009;095956;53.71;190;11277257370;S
20241009;095956;53.71;410;11277257371;B
20241009;095956;53.71;1590;11277257372;S
20241009;095956;53.71;20;11277257373;B
20241009;095956;53.71;10;11277257374;B
20241009;095956;53.71;20;11277257375;B
20241009;095956;53.71;200;11277257376;B
20241009;095956;53.71;10;11277257377;S
20241009;095956;53.71;1390;11277257378;B
20241009;095956;53.71;110;11277257379;S
20241009;095956;53.71;10;11277257380;S
20241009;095956;53.71;70;11277257381;B
20241009;095956;53.71;10;11277257382;B
20241009;095956;53.71;10;11277257383;B
20241009;095956;53.71;10;11277257384;B
20241009;095956;53.71;10;11277257385;B
20241009;095956;53.71;10;11277257386;B
20241009;095956;53.71;20;11277257387;B
20241009;095956;53.71;50;11277257388;B
20241009;095956;53.71;20;11277257389;B
20241009;100001;53.72;500;11277258299;B
20241009;100001;53.72;300;11277258300;B
20241009;100003;53.72;10;11277259030;B
20241009;100003;53.74;10;11277259031;B
20241009;100003;53.74;500;11277259032;B
20241009;100003;53.75;370;11277259033;B
20241009;100003;53.76;370;11277259034;B
20241009;100003;53.77;740;11277259035;B
20241009;100003;53.71;10;11277259102;S
20241009;100003;53.71;20;11277259423;S
20241009;100003;53.71;10;11277259578;S
20241009;100004;53.72;10;11277259782;B
20241009;100004;53.71;20;11277259795;S
20241009;100004;53.71;20;11277259978;S
20241009;100004;53.72;300;11277260053;B
20241009;100004;53.72;10;11277260363;B
20241009;100004;53.77;10;11277260364;B
20241009;100004;53.78;40;11277260890;B
20241009;100004;53.72;20;11277260901;S
20241009;100004;53.78;10;11277260902;B
20241009;100004;53.78;10;11277261124;B
20241009;100004;53.71;50;11277261231;S
20241009;100004;53.78;10;11277261233;B
20241009;100004;53.71;20;11277261235;S
20241009;100005;53.78;70;11277261393;B
20241009;100005;53.78;360;11277261403;B
20241009;100005;53.78;10;11277261404;B
20241009;100005;53.78;20;11277261433;B
20241009;100005;53.78;10;11277261461;B
20241009;100005;53.78;10;11277261463;B
20241009;100005;53.78;30;11277261465;B
20241009;100005;53.78;10;11277261467;B
20241009;100005;53.77;100;11277262213;B
20241009;100005;53.71;60;11277262214;S
20241009;100006;53.78;10;11277262504;B
20241009;100006;53.78;360;11277262660;B
20241009;100006;53.78;900;11277262662;B
20241009;100006;53.78;10;11277262747;B
20241009;100006;53.73;10;11277262847;S
20241009;100006;53.78;30;11277262854;B
20241009;100006;53.73;20;11277262856;S
20241009;100006;53.78;10;11277262858;B
20241009;100006;53.78;10;11277262860;B
20241009;100006;53.78;10;11277262862;B
20241009;100006;53.78;40;11277262936;B
20241009;100006;53.78;40;11277262938;B
20241009;100009;53.73;100;11277263928;S
20241009;100010;53.73;10;11277264044;S
20241009;100010;53.77;20;11277264045;B
20241009;100010;53.77;950;11277264046;B
20241009;100010;53.74;80;11277264063;B
20241009;100010;53.76;240;11277264064;B
20241009;100010;53.73;10;11277264084;S
20241009;100010;53.78;200;11277264104;B
20241009;100014;53.73;2650;11277264854;S
20241009;100014;53.73;650;11277264855;S
20241009;100014;53.72;630;11277264856;S
20241009;100014;53.71;3070;11277264857;S
20241009;100014;53.71;3720;11277264858;S
20241009;100014;53.7;20;11277264859;S
20241009;100014;53.7;80;11277264860;S
20241009;100014;53.7;50;11277264861;S
20241009;100014;53.7;40;11277264862;S
20241009;100014;53.7;20;11277264863;S
20241009;100014;53.7;500;11277264864;S
20241009;100014;53.7;10;11277264865;S
20241009;100014;53.7;10;11277264866;S
20241009;100014;53.7;10;11277264867;S
20241009;100014;53.7;10;11277264868;S
20241009;100014;53.7;10;11277264869;S
20241009;100014;53.7;10;11277264870;S
20241009;100014;53.7;90;11277264871;S
20241009;100014;53.7;20;11277264872;S
20241009;100014;53.7;10;11277264873;S
20241009;100014;53.7;250;11277264874;S
20241009;100014;53.7;20;11277264875;S
20241009;100014;53.7;10;11277264876;S
20241009;100014;53.7;40;11277264877;S
20241009;100014;53.7;1130;11277264878;S
20241009;100014;53.7;60;11277264879;S
20241009;100014;53.7;10;11277264880;S
20241009;100014;53.7;10;11277264881;S
20241009;100014;53.7;10;11277264882;S
20241009;100014;53.7;10;11277264883;S
20241009;100014;53.7;100;11277264884;S
20241009;100014;53.7;500;11277264885;S
20241009;100014;53.7;500;11277264886;B
20241009;100015;53.7;2840;11277265112;B
20241009;100015;53.7;920;11277265117;B
20241009;100016;53.74;30;11277265441;B
20241009;100018;53.72;50;11277265871;B
20241009;100018;53.73;50;11277265872;B
20241009;100018;53.74;20;11277265873;B
20241009;100018;53.76;880;11277265874;B
20241009;100018;53.76;10;11277265888;B
20241009;100018;53.76;220;11277265902;B
20241009;100019;53.71;20;11277265980;S
20241009;100023;53.75;10;11277267060;S
20241009;100023;53.71;10;11277267314;S
20241009;100023;53.71;700;11277267315;S
20241009;100023;53.7;2010;11277267316;S
20241009;100023;53.7;1710;11277267317;S
20241009;100031;53.73;10;11277268740;B
20241009;100048;53.71;10;11277272262;B
20241009;100056;53.69;400;11277274123;S
20241009;100106;53.7;30;11277277956;B
20241009;100106;53.7;370;11277277957;B
20241009;100106;53.7;10;11277277978;B
20241009;100106;53.68;10;11277278060;S
20241009;100106;53.68;400;11277278061;S
20241009;100106;53.68;90;11277278062;S
20241009;100107;53.68;310;11277278555;S
20241009;100108;53.68;920;11277278624;S
20241009;100111;53.68;240;11277279439;S
20241009;100117;53.68;90;11277280448;S
20241009;100117;53.68;90;11277280449;S
20241009;100119;53.69;300;11277280890;B
20241009;100119;53.69;450;11277280891;B
20241009;100119;53.69;880;11277280892;B
20241009;100119;53.69;900;11277280894;S
20241009;100119;53.69;170;11277280895;S
20241009;100123;53.71;50;11277281838;B
20241009;100124;53.72;10;11277281887;B
20241009;100132;53.68;2690;11277283475;S
20241009;100132;53.67;10;11277283476;S
20241009;100132;53.67;350;11277283477;S
20241009;100132;53.66;950;11277283478;S
20241009;100133;53.69;10;11277283638;B
20241009;100135;53.65;10;11277284013;S
20241009;100135;53.65;3360;11277284014;S
20241009;100135;53.64;3720;11277284015;S
20241009;100135;53.64;290;11277284016;S
20241009;100135;53.64;90;11277284017;S
20241009;100135;53.63;290;11277284018;S
20241009;100135;53.62;130;11277284019;S
20241009;100135;53.62;880;11277284020;S
20241009;100135;53.62;2610;11277284021;S
20241009;100136;53.64;10;11277284150;S
20241009;100136;53.63;940;11277284151;S
20241009;100136;53.63;1000;11277284208;S
20241009;100138;53.65;100;11277284624;S
20241009;100138;53.64;420;11277284625;S
20241009;100138;53.63;140;11277284626;S
20241009;100140;53.68;10;11277285000;B
20241009;100147;53.63;300;11277286238;S
20241009;100147;53.63;400;11277286239;S
20241009;100147;53.63;300;11277286427;B
20241009;100151;53.62;30;11277287219;S
20241009;100151;53.62;140;11277287220;S
20241009;100151;53.62;2800;11277287221;S
20241009;100151;53.62;880;11277287222;S
20241009;100151;53.62;650;11277287223;S
20241009;100151;53.63;2000;11277287224;S
20241009;100152;53.63;500;11277287426;S
20241009;100155;53.63;100;11277288222;S
20241009;100156;53.63;800;11277288539;S
20241009;100156;53.63;14010;11277288540;S
20241009;100156;53.63;880;11277288541;S
20241009;100156;53.62;3070;11277288542;S
20241009;100156;53.61;570;11277288543;S
20241009;100157;53.63;100;11277288825;S
20241009;100157;53.63;10;11277288835;B
20241009;100158;53.63;10;11277288871;B
20241009;100201;53.61;410;11277289565;S
20241009;100203;53.63;250;11277289982;B
20241009;100204;53.61;20;11277290160;S
20241009;100204;53.61;640;11277290161;S
20241009;100204;53.63;10;11277290180;B
20241009;100207;53.63;10;11277290850;B
20241009;100208;53.63;900;11277291056;B
20241009;100213;53.63;100;11277292042;B
20241009;100214;53.63;10;11277292284;B
20241009;100223;53.63;10;11277294027;B
20241009;100223;53.62;80;11277294154;S
20241009;100227;53.63;400;11277294905;B
20241009;100229;53.63;20;11277295377;B
20241009;100229;53.63;3170;11277295449;B
20241009;100229;53.63;100;11277295450;B
20241009;100229;53.65;30;11277295451;B
20241009;100230;53.67;10;11277295696;S
20241009;100233;53.7;100;11277296179;B
20241009;100235;53.67;870;11277296533;S
20241009;100235;53.67;260;11277296534;S
20241009;100246;53.67;650;11277298656;S
20241009;100246;53.67;880;11277298657;S
20241009;100246;53.66;290;11277298658;S
20241009;100246;53.66;650;11277298659;S
20241009;100246;53.65;2530;11277298660;S
20241009;100249;53.67;10;11277299091;S
20241009;100250;53.67;20;11277299128;S
20241009;100250;53.67;880;11277299129;S
20241009;100250;53.67;10;11277299130;S
20241009;100250;53.67;750;11277299131;S
20241009;100250;53.66;2140;11277299132;S
20241009;100253;53.71;10;11277299694;B
20241009;100254;53.71;40;11277299912;B
20241009;100254;53.71;100;11277299918;B
20241009;100255;53.66;2410;11277300066;S
20241009;100255;53.66;1020;11277300067;S
20241009;100255;53.65;17910;11277300068;S
20241009;100255;53.69;20;11277300072;B
20241009;100258;53.65;120;11277300557;S
20241009;100304;53.7;880;11277301577;B
20241009;100304;53.7;750;11277301578;B
20241009;100304;53.71;3570;11277301579;B
20241009;100304;53.71;60;11277301580;B
20241009;100304;53.71;750;11277301581;B
20241009;100307;53.74;20;11277301885;B
20241009;100310;53.74;240;11277302433;B
20241009;100310;53.74;10;11277302434;B
20241009;100317;53.71;150;11277304052;S
20241009;100325;53.74;10;11277305708;B
20241009;100325;53.74;50;11277305786;B
20241009;100327;53.74;180;11277306192;B
20241009;100327;53.74;2820;11277306193;B
20241009;100331;53.74;100;11277306935;S
20241009;100331;53.74;10;11277306936;S
20241009;100331;53.74;890;11277307036;B
20241009;100331;53.75;3720;11277307037;B
20241009;100331;53.75;660;11277307038;B
20241009;100331;53.76;880;11277307039;B
20241009;100331;53.76;9610;11277307040;B
20241009;100333;53.76;10;11277307511;B
20241009;100338;53.76;10;11277308448;B
20241009;100339;53.76;10;11277308654;B
20241009;100348;53.76;670;11277310137;B
20241009;100348;53.76;1000;11277310138;B
20241009;100348;53.77;800;11277310139;B
20241009;100348;53.77;7530;11277310140;B
20241009;100355;53.77;330;11277311545;B
20241009;100359;53.77;170;11277312198;B
20241009;100407;53.77;500;11277313791;B
20241009;100414;53.77;150;11277315171;B
20241009;100418;53.77;20;11277315967;B
20241009;100419;53.77;70;11277316127;B
20241009;100433;53.77;20;11277318745;B
20241009;100435;53.77;30;11277319235;B
20241009;100438;53.76;10;11277319653;S
20241009;100441;53.77;400;11277320242;B
20241009;100443;53.77;20;11277320571;B
20241009;100443;53.77;300;11277320615;B
20241009;100443;53.76;10;11277320622;S
20241009;100443;53.76;90;11277320623;S
20241009;100453;53.75;10;11277322583;S
20241009;100505;53.76;150;11277325223;B
20241009;100507;53.76;200;11277325531;B
20241009;100510;53.76;10;11277326376;B
20241009;100512;53.76;20;11277326743;B
20241009;100513;53.76;90;11277326997;B
20241009;100514;53.76;3250;11277327017;B
20241009;100514;53.76;10;11277327018;B
20241009;100514;53.77;250;11277327019;B
20241009;100514;53.77;90;11277327020;B
20241009;100514;53.77;550;11277327021;B
20241009;100514;53.77;880;11277327022;B
20241009;100514;53.77;80;11277327023;B
20241009;100514;53.78;600;11277327024;B
20241009;100514;53.78;10;11277327025;B
20241009;100514;53.78;1000;11277327026;B
20241009;100514;53.78;5910;11277327027;B
20241009;100514;53.78;240;11277327028;B
20241009;100517;53.78;1000;11277327745;S
20241009;100517;53.79;70;11277327771;B
20241009;100517;53.79;230;11277327772;B
20241009;100517;53.79;40;11277327871;B
20241009;100517;53.79;1000;11277327872;B
20241009;100517;53.79;3720;11277327873;B
20241009;100517;53.79;10;11277327874;B
20241009;100517;53.8;5230;11277327875;B
20241009;100518;53.79;250;11277327922;B
20241009;100522;53.79;1000;11277328840;B
20241009;100524;53.78;1130;11277329002;S
20241009;100524;53.78;100;11277329003;S
20241009;100524;53.78;1000;11277329004;S
20241009;100524;53.77;570;11277329005;S
20241009;100524;53.76;660;11277329006;S
20241009;100524;53.75;10;11277329007;S
20241009;100524;53.75;880;11277329008;S
20241009;100524;53.73;100;11277329009;S
20241009;100524;53.73;780;11277329010;S
20241009;100524;53.77;100;11277329027;B
20241009;100532;53.77;10;11277330582;B
20241009;100532;53.77;240;11277330583;B
20241009;100541;53.77;20;11277332354;S
20241009;100541;53.75;930;11277332355;S
20241009;100548;53.77;30;11277333591;B
20241009;100549;53.77;10;11277333742;B
20241009;100555;53.77;840;11277334983;B
20241009;100555;53.77;100;11277334984;B
20241009;100555;53.77;1000;11277334985;B
20241009;100555;53.78;2160;11277334986;B
20241009;100557;53.78;10;11277335318;B
20241009;100602;53.75;420;11277335978;S
20241009;100602;53.75;330;11277335979;S
20241009;100603;53.76;10;11277336294;B
20241009;100610;53.76;150;11277337900;B
20241009;100619;53.72;100;11277339297;S
20241009;100619;53.71;100;11277339298;S
20241009;100619;53.71;290;11277339299;S
20241009;100639;53.71;10;11277342753;S
20241009;100649;53.74;60;11277344161;B
20241009;100649;53.75;440;11277344162;B
20241009;100649;53.75;100;11277344163;B
20241009;100649;53.76;3500;11277344164;B
20241009;100649;53.76;880;11277344165;B
20241009;100649;53.76;440;11277344166;B
20241009;100649;53.77;3980;11277344167;B
20241009;100657;53.71;10;11277345605;S
20241009;100701;53.71;10;11277346139;S
20241009;100702;53.76;250;11277346344;B
20241009;100707;53.73;10;11277346921;S
20241009;100708;53.76;50;11277346969;B
20241009;100708;53.77;150;11277346970;B
20241009;100711;53.73;10;11277347656;S
20241009;100712;53.73;100;11277347685;S
20241009;100712;53.73;30;11277347827;S
20241009;100713;53.76;10;11277347980;B
20241009;100718;53.73;2730;11277348969;S
20241009;100718;53.73;850;11277348970;S
20241009;100719;53.73;410;11277349188;B
20241009;100719;53.73;590;11277349189;B
20241009;100725;53.73;400;11277350004;B
20241009;100725;53.74;170;11277350005;B
20241009;100725;53.74;880;11277350006;B
20241009;100725;53.74;400;11277350007;B
20241009;100725;53.77;850;11277350008;B
20241009;100725;53.77;500;11277350009;B
20241009;100725;53.77;1000;11277350010;B
20241009;100725;53.78;800;11277350011;B
20241009;100728;53.74;10;11277350408;B
20241009;100729;53.74;100;11277350512;B
20241009;100731;53.72;3720;11277350835;S
20241009;100731;53.71;100;11277350836;S
20241009;100731;53.71;290;11277350837;S
20241009;100731;53.7;100;11277350838;S
20241009;100731;53.7;500;11277350839;S
20241009;100731;53.7;2500;11277350840;S
20241009;100731;53.7;9940;11277350841;S
20241009;100731;53.7;240;11277350842;S
20241009;100731;53.7;880;11277350843;S
20241009;100731;53.7;430;11277350844;S
20241009;100731;53.69;100;11277350845;S
20241009;100731;53.69;51200;11277350846;S
20241009;100732;53.71;20;11277350955;B
20241009;100734;53.69;110;11277351117;S
20241009;100735;53.71;10;11277351285;B
20241009;100735;53.72;30;11277351286;B
20241009;100735;53.72;110;11277351287;B
20241009;100735;53.72;590;11277351288;B
20241009;100735;53.73;880;11277351289;B
20241009;100735;53.73;590;11277351290;B
20241009;100735;53.74;2500;11277351291;B
20241009;100735;53.75;3720;11277351292;B
20241009;100735;53.75;240;11277351293;B
20241009;100735;53.76;1330;11277351294;B
20241009;100736;53.74;20;11277351602;B
20241009;100737;53.74;40;11277351767;B
20241009;100753;53.73;80;11277354021;B
20241009;100753;53.73;670;11277354022;B
20241009;100753;53.74;640;11277354023;B
20241009;100753;53.74;880;11277354024;B
20241009;100753;53.75;2730;11277354025;B
20241009;100758;53.74;60;11277355104;B
20241009;100758;53.75;880;11277355105;B
20241009;100758;53.76;60;11277355106;B
20241009;100801;53.75;20;11277355674;B
20241009;100801;53.75;860;11277355677;B
20241009;100801;53.75;50;11277355678;B
20241009;100801;53.76;90;11277355679;B
20241009;100805;53.75;40;11277356251;B
20241009;100805;53.75;640;11277356252;B
20241009;100805;53.75;10;11277356253;B
20241009;100805;53.76;310;11277356254;B
20241009;100806;53.75;40;11277356394;B
20241009;100806;53.76;960;11277356395;B
20241009;100807;53.75;10;11277356464;B
20241009;100807;53.75;30;11277356504;B
20241009;100807;53.76;970;11277356505;B
20241009;100810;53.75;20;11277356853;B
20241009;100810;53.75;510;11277356854;B
20241009;100810;53.75;10;11277356855;B
20241009;100810;53.76;460;11277356856;B
20241009;100811;53.75;20;11277357068;B
20241009;100811;53.75;10;11277357069;B
20241009;100811;53.76;970;11277357070;B
20241009;100812;53.7;10;11277357145;S
20241009;100812;53.7;170;11277357146;S
20241009;100813;53.75;10;11277357403;B
20241009;100813;53.76;990;11277357404;B
20241009;100815;53.77;40;11277357683;B
20241009;100818;53.77;100;11277358154;B
20241009;100823;53.77;60;11277359067;B
20241009;100846;53.75;10;11277361941;S
20241009;100846;53.75;80;11277361942;S
20241009;100849;53.76;50;11277362447;B
20241009;100849;53.76;20;11277362448;B
20241009;100853;53.76;10;11277363065;B
20241009;100855;53.76;140;11277363459;B
20241009;100858;53.76;50;11277363915;B
20241009;100900;53.76;10;11277364155;B
20241009;100902;53.75;20;11277364533;S
20241009;100912;53.73;100;11277366413;B
20241009;100913;53.74;40;11277366500;B
20241009;100914;53.74;20;11277366903;B
20241009;100915;53.7;10;11277367114;S
20241009;100915;53.7;10;11277367115;S
20241009;100915;53.7;10;11277367116;S
20241009;100915;53.69;150;11277367117;S
20241009;100917;53.69;7000;11277367443;S
20241009;100917;53.69;620;11277367444;S
20241009;100919;53.72;40;11277367833;B
20241009;100925;53.71;220;11277369126;B
20241009;100925;53.71;170;11277369127;B
20241009;100925;53.72;10;11277369128;B
20241009;100925;53.72;170;11277369129;B
20241009;100925;53.73;430;11277369130;B
20241009;100925;53.73;1000;11277369132;B
20241009;100932;53.68;100;11277370565;S
20241009;100932;53.68;30;11277370566;S
20241009;100932;53.67;100;11277370567;S
20241009;100932;53.67;570;11277370568;S
20241009;100935;53.66;20;11277371116;S
20241009;100937;53.71;60;11277371598;B
20241009;100937;53.71;10;11277371676;B
20241009;100937;53.71;40;11277371677;B
20241009;100937;53.73;840;11277371699;B
20241009;100942;53.69;100;11277372591;S
20241009;100946;53.69;10;11277373256;S
20241009;100948;53.69;10;11277373627;S
20241009;101007;53.72;370;11277376129;B
20241009;101018;53.73;60;11277377678;B
20241009;101021;53.69;880;11277378040;S
20241009;101021;53.69;120;11277378041;S
20241009;101027;53.73;50;11277378870;B
20241009;101027;53.73;60;11277379017;B
20241009;101029;53.73;400;11277379263;B
20241009;101030;53.73;180;11277379581;B
20241009;101030;53.74;10;11277379582;B
20241009;101030;53.74;230;11277379583;B
20241009;101030;53.74;390;11277379662;B
20241009;101030;53.75;140;11277379663;B
20241009;101030;53.75;840;11277379710;B
20241009;101030;53.75;2740;11277379711;B
20241009;101030;53.76;770;11277379721;B
20241009;101030;53.76;100;11277379722;B
20241009;101030;53.77;800;11277379727;B
20241009;101030;53.77;1000;11277379728;B
20241009;101030;53.77;190;11277379729;B
20241009;101030;53.77;1300;11277379730;B
20241009;101030;53.77;700;11277379731;B
20241009;101030;53.78;200;11277379762;B
20241009;101030;53.78;1000;11277379763;B
20241009;101030;53.78;1000;11277379764;B
20241009;101030;53.78;300;11277379765;B
20241009;101040;53.77;310;11277381372;B
20241009;101041;53.77;270;11277381472;B
20241009;101045;53.77;150;11277382138;B
20241009;101053;53.77;10;11277383224;B
20241009;101058;53.77;10;11277383841;B
20241009;101101;53.77;10;11277384268;B
20241009;101113;53.77;10;11277385733;B
20241009;101113;53.77;10;11277385742;B
20241009;101117;53.76;300;11277385988;S
20241009;101119;53.77;120;11277386317;B
20241009;101124;53.76;10;11277386642;S
20241009;101127;53.77;70;11277386839;B
20241009;101133;53.77;550;11277387361;B
20241009;101139;53.77;50;11277387965;B
20241009;101144;53.77;10;11277388833;B
20241009;101149;53.77;10;11277389470;B
20241009;101154;53.77;20;11277390002;B
20241009;101155;53.77;10;11277390166;B
20241009;101157;53.76;250;11277390457;S
20241009;101157;53.76;180;11277390458;S
20241009;101157;53.76;260;11277390459;S
20241009;101157;53.76;210;11277390460;S
20241009;101157;53.76;10;11277390461;S
20241009;101157;53.76;200;11277390462;S
20241009;101157;53.76;870;11277390463;S
20241009;101157;53.76;30;11277390464;S
20241009;101157;53.76;50;11277390465;S
20241009;101157;53.76;50;11277390466;S
20241009;101157;53.74;1000;11277390467;S
20241009;101157;53.74;350;11277390468;S
20241009;101207;53.72;10;11277391787;S
20241009;101218;53.76;100;11277392909;B
20241009;101233;53.76;150;11277394843;B
20241009;101239;53.76;410;11277395531;B
20241009;101239;53.76;1000;11277395532;B
20241009;101239;53.76;5680;11277395533;B
20241009;101239;53.76;880;11277395534;B
20241009;101239;53.76;50;11277395535;B
20241009;101239;53.76;320;11277395536;B
20241009;101239;53.77;140;11277395537;B
20241009;101239;53.77;10;11277395538;B
20241009;101239;53.77;1000;11277395539;B
20241009;101239;53.77;120;11277395540;B
20241009;101239;53.77;70;11277395541;B
20241009;101239;53.77;320;11277395542;B
20241009;101239;53.77;1000;11277395543;B
20241009;101239;53.78;1000;11277395544;B
20241009;101239;53.78;1000;11277395545;B
20241009;101241;53.76;20;11277395769;S
20241009;101241;53.76;50;11277395777;S
20241009;101257;53.76;10;11277397507;S
20241009;101258;53.78;10;11277397626;B
20241009;101317;53.75;10;11277399716;S
20241009;101326;53.74;10;11277401339;B
20241009;101328;53.69;870;11277401682;S
20241009;101335;53.72;20;11277402693;B
20241009;101335;53.72;20;11277402694;B
20241009;101347;53.68;100;11277404345;S
20241009;101347;53.68;10;11277404346;S
20241009;101349;53.68;10;11277404606;B
20241009;101352;53.67;50;11277404976;S
20241009;101352;53.67;100;11277404977;S
20241009;101352;53.66;80;11277404983;S
20241009;101352;53.66;310;11277404984;S
20241009;101353;53.67;10;11277405183;B
20241009;101356;53.67;20;11277405648;B
20241009;101416;53.65;150;11277408789;S
20241009;101427;53.65;40;11277411044;S
20241009;101433;53.67;50;11277411814;B
20241009;101434;53.67;880;11277411980;B
20241009;101434;53.67;30;11277411981;B
20241009;101434;53.68;40;11277411982;B
20241009;101434;53.68;250;11277412075;B
20241009;101434;53.68;2590;11277412097;B
20241009;101434;53.7;3000;11277412133;B
20241009;101434;53.73;950;11277412361;B
20241009;101453;53.74;10;11277415351;B
20241009;101456;53.74;10;11277415780;B
20241009;101457;53.71;1140;11277415864;S
20241009;101457;53.71;720;11277415865;S
20241009;101457;53.69;240;11277415866;S
20241009;101457;53.68;10;11277415867;S
20241009;101501;53.69;1860;11277416744;S
20241009;101501;53.67;40;11277416745;S
20241009;101501;53.67;150;11277416746;S
20241009;101501;53.66;100;11277416747;S
20241009;101501;53.66;1510;11277416748;S
20241009;101501;53.65;2650;11277416751;S
20241009;101501;53.65;1330;11277416752;S
20241009;101501;53.65;100;11277416753;S
20241009;101501;53.65;10;11277416754;S
20241009;101501;53.64;100;11277416755;S
20241009;101501;53.64;100;11277416756;S
20241009;101501;53.64;800;11277416757;S
20241009;101501;53.64;3390;11277416758;S
20241009;101501;53.64;1340;11277416759;S
20241009;101501;53.63;100;11277416760;S
20241009;101501;53.63;1230;11277416761;S
20241009;101501;53.63;720;11277416762;S
20241009;101501;53.63;1530;11277416763;S
20241009;101501;53.66;1480;11277416765;B
20241009;101501;53.66;4100;11277416766;B
20241009;101501;53.69;50;11277416890;S
20241009;101511;53.7;10;11277419264;S
20241009;101511;53.69;20;11277419265;S
20241009;101517;53.7;10;11277421129;S
20241009;101523;53.68;50;11277423137;S
20241009;101523;53.68;190;11277423138;S
20241009;101523;53.68;150;11277423139;S
20241009;101523;53.68;210;11277423140;S
20241009;101524;53.68;10;11277423440;S
20241009;101527;53.7;10;11277424397;B
20241009;101529;53.68;550;11277425127;S
20241009;101529;53.68;10;11277425128;S
20241009;101529;53.68;230;11277425129;S
20241009;101529;53.68;200;11277425130;S
20241009;101529;53.68;230;11277425131;S
20241009;101531;53.69;20;11277425514;B
20241009;101531;53.69;10;11277425551;B
20241009;101533;53.67;10;11277426331;S
20241009;101535;53.69;110;11277426731;B
20241009;101538;53.68;100;11277427367;B
20241009;101538;53.69;320;11277427368;B
20241009;101538;53.7;90;11277427442;B
20241009;101538;53.72;440;11277427550;B
20241009;101538;53.7;1750;11277427598;S
20241009;101538;53.71;300;11277427650;B
20241009;101538;53.71;380;11277427706;S
20241009;101538;53.71;620;11277427707;S
20241009;101538;53.73;30;11277427716;B
20241009;101540;53.71;20;11277428150;B
20241009;101541;53.69;280;11277428421;S
20241009;101541;53.69;60;11277428422;S
20241009;101541;53.71;180;11277428441;B
20241009;101541;53.71;160;11277428442;B
20241009;101543;53.72;50;11277428833;B
20241009;101546;53.69;1810;11277429383;S
20241009;101546;53.68;2350;11277429384;S
20241009;101546;53.68;480;11277429385;S
20241009;101546;53.68;880;11277429386;S
20241009;101546;53.66;100;11277429387;S
20241009;101546;53.66;1000;11277429388;S
20241009;101546;53.66;1000;11277429389;S
20241009;101546;53.65;10;11277429390;S
20241009;101546;53.65;100;11277429391;S
20241009;101546;53.65;3720;11277429392;S
20241009;101546;53.65;1000;11277429393;S
20241009;101546;53.64;100;11277429394;S
20241009;101546;53.64;700;11277429395;S
20241009;101547;53.7;20;11277429490;B
20241009;101548;53.67;110;11277429769;B
20241009;101548;53.7;20;11277429845;B
20241009;101549;53.65;880;11277430018;S
20241009;101549;53.64;120;11277430019;S
20241009;101605;53.63;40;11277432869;S
20241009;101606;53.67;10;11277432913;B
20241009;101623;53.64;180;11277436247;S
20241009;101635;53.64;20;11277438313;S
20241009;101639;53.66;10;11277439047;B
20241009;101641;53.64;10;11277439285;S
20241009;101642;53.64;40;11277439458;S
20241009;101642;53.64;100;11277439459;S
20241009;101642;53.63;520;11277439460;S
20241009;101644;53.65;50;11277439974;B
20241009;101645;53.65;200;11277440317;B
20241009;101646;53.63;1350;11277440623;S
20241009;101708;53.64;10;11277443861;S
20241009;101721;53.66;10;11277445243;B
20241009;101727;53.65;150;11277445996;S
20241009;101727;53.64;90;11277445997;S
20241009;101727;53.64;130;11277445998;S
20241009;101739;53.63;100;11277447652;S
20241009;101739;53.63;10;11277447653;S
20241009;101739;53.63;20;11277447654;S
20241009;101739;53.63;1150;11277447655;S
20241009;101745;53.66;30;11277448462;B
20241009;101745;53.66;100;11277448463;B
20241009;101745;53.66;2870;11277448464;B
20241009;101745;53.66;2130;11277448465;B
20241009;101745;53.67;3020;11277448468;B
20241009;101745;53.67;80;11277448469;B
20241009;101745;53.67;390;11277448470;B
20241009;101745;53.68;10;11277448473;B
20241009;101745;53.7;500;11277448475;B
20241009;101745;53.7;240;11277448476;B
20241009;101745;53.7;3720;11277448477;B
20241009;101745;53.7;3720;11277448478;B
20241009;101745;53.71;3490;11277448479;B
20241009;101745;53.71;1000;11277448481;B
20241009;101745;53.72;770;11277448482;B
20241009;101745;53.72;80;11277448486;B
20241009;101745;53.73;100;11277448634;B
20241009;101745;53.73;1760;11277448635;B
20241009;101748;53.7;880;11277449058;S
20241009;101748;53.7;120;11277449059;S
20241009;101811;53.7;10;11277452289;B
20241009;101811;53.71;90;11277452290;B
20241009;101813;53.7;1000;11277452618;S
20241009;101813;53.69;380;11277452619;S
20241009;101813;53.69;1860;11277452620;S
20241009;101814;53.68;50;11277452635;B
20241009;101818;53.68;20;11277453279;B
20241009;101822;53.68;1860;11277453797;B
20241009;101840;53.66;1860;11277455813;S
20241009;101840;53.66;780;11277455814;S
20241009;101858;53.66;200;11277458055;B
20241009;101900;53.66;50;11277458206;B
20241009;101903;53.64;100;11277458517;S
20241009;101903;53.64;100;11277458518;S
20241009;101903;53.64;530;11277458519;S
20241009;101903;53.64;1330;11277458521;S
20241009;101903;53.63;990;11277458525;S
20241009;101903;53.63;100;11277458526;S
20241009;101903;53.62;1000;11277458528;S
20241009;101903;53.62;1000;11277458529;S
20241009;101903;53.62;100;11277458530;S
20241009;101903;53.62;10;11277458531;S
20241009;101903;53.62;810;11277458532;S
20241009;101903;53.62;3720;11277458533;S
20241009;101903;53.62;50;11277458534;S
20241009;101903;53.62;240;11277458535;S
20241009;101903;53.61;100;11277458541;S
20241009;101903;53.61;240;11277458542;S
20241009;101903;53.61;760;11277458543;S
20241009;101903;53.6;10;11277458547;S
20241009;101903;53.6;100;11277458548;S
20241009;101903;53.6;10;11277458549;S
20241009;101903;53.6;10;11277458550;S
20241009;101903;53.6;10;11277458551;S
20241009;101903;53.6;40;11277458552;S
20241009;101903;53.6;2900;11277458553;S
20241009;101903;53.6;50;11277458554;S
20241009;101903;53.6;10;11277458555;S
20241009;101903;53.6;100;11277458556;S
20241009;101903;53.6;60;11277458557;S
20241009;101903;53.6;90;11277458558;S
20241009;101903;53.6;270;11277458559;S
20241009;101903;53.6;100;11277458560;S
20241009;101903;53.6;700;11277458561;S
20241009;101903;53.6;590;11277458562;S
20241009;101904;53.61;40;11277458699;S
20241009;101904;53.61;100;11277458700;S
20241009;101904;53.6;260;11277458701;S
20241009;101907;53.63;200;11277459048;B
20241009;101909;53.63;100;11277459684;S
20241009;101921;53.61;100;11277461790;S
20241009;101924;53.63;10;11277462121;B
20241009;101924;53.61;150;11277462276;S
20241009;101924;53.61;1130;11277462277;S
20241009;101924;53.6;3460;11277462278;S
20241009;101924;53.6;4000;11277462279;S
20241009;101924;53.6;10;11277462280;S
20241009;101924;53.6;80;11277462281;S
20241009;101924;53.6;1000;11277462282;S
20241009;101924;53.6;100;11277462283;S
20241009;101924;53.6;640;11277462284;S
20241009;101924;53.59;100;11277462285;S
20241009;101924;53.59;10;11277462286;S
20241009;101924;53.59;1000;11277462287;S
20241009;101924;53.59;880;11277462288;S
20241009;101924;53.59;640;11277462289;S
20241009;101925;53.58;100;11277462337;S
20241009;101925;53.58;620;11277462338;S
20241009;101925;53.57;30;11277462339;S
20241009;101925;53.57;10;11277462340;S
20241009;101925;53.57;70;11277462341;S
20241009;101925;53.57;10;11277462342;S
20241009;101925;53.57;100;11277462343;S
20241009;101925;53.57;3720;11277462344;S
20241009;101925;53.56;10;11277462345;S
20241009;101925;53.56;560;11277462346;S
20241009;101925;53.56;60;11277462347;S
20241009;101925;53.56;100;11277462348;S
20241009;101925;53.56;500;11277462349;S
20241009;101925;53.56;2010;11277462350;S
20241009;101925;53.56;660;11277462351;S
20241009;101925;53.55;300;11277462352;S
20241009;101925;53.55;10;11277462353;S
20241009;101925;53.55;40;11277462354;S
20241009;101925;53.55;10;11277462355;S
20241009;101925;53.55;100;11277462356;S
20241009;101925;53.55;660;11277462357;S
20241009;101925;53.55;880;11277462358;S
20241009;101925;53.55;2440;11277462359;S
20241009;101925;53.59;8800;11277462505;B
20241009;101925;53.59;1040;11277462506;B
20241009;101925;53.6;1040;11277462507;B
20241009;101925;53.61;1000;11277462508;B
20241009;101925;53.61;20;11277462509;B
20241009;101925;53.61;880;11277462510;B
20241009;101925;53.62;240;11277462511;B
20241009;101925;53.63;1000;11277462512;B
20241009;101925;53.64;3720;11277462513;B
20241009;101925;53.65;2260;11277462514;B
20241009;101956;53.65;40;11277466279;B
20241009;102004;53.62;50;11277467199;S
20241009;102010;53.62;50;11277468128;S
20241009;102010;53.62;550;11277468129;S
20241009;102010;53.64;10;11277468148;B
20241009;102019;53.64;170;11277469248;B
20241009;102026;53.62;30;11277471252;S
20241009;102026;53.62;10;11277471253;S
20241009;102035;53.64;30;11277475820;B
20241009;102041;53.64;20;11277478932;B
20241009;102046;53.62;70;11277481361;S
20241009;102046;53.62;20;11277481362;S
20241009;102046;53.62;130;11277481363;S
20241009;102046;53.62;110;11277481364;S
20241009;102046;53.62;130;11277481365;S
20241009;102046;53.62;100;11277481366;S
20241009;102046;53.62;140;11277481367;S
20241009;102049;53.62;270;11277482896;S
20241009;102051;53.64;10;11277483758;B
20241009;102051;53.62;30;11277483986;S
20241009;102051;53.62;10;11277483987;S
20241009;102051;53.62;10;11277483988;S
20241009;102051;53.62;10;11277483989;S
20241009;102051;53.62;200;11277483990;S
20241009;102051;53.62;10;11277483991;S
20241009;102051;53.62;10;11277483992;S
20241009;102105;53.62;10;11277490738;S
20241009;102105;53.62;10;11277490739;S
20241009;102105;53.62;10;11277490740;S
20241009;102105;53.61;20;11277490741;S
20241009;102110;53.61;180;11277493232;S
20241009;102110;53.61;560;11277493233;S
20241009;102110;53.61;100;11277493234;S
20241009;102110;53.61;160;11277493235;S
20241009;102124;53.63;10;11277499921;B
20241009;102128;53.63;20;11277500881;B
20241009;102136;53.62;10;11277503599;S
20241009;102138;53.62;40;11277504086;S
20241009;102138;53.62;180;11277504166;S
20241009;102138;53.62;10;11277504167;S
20241009;102138;53.62;100;11277504168;S
20241009;102138;53.62;10;11277504169;S
20241009;102138;53.62;10;11277504170;S
20241009;102138;53.62;10;11277504173;B
20241009;102138;53.62;10;11277504186;B
20241009;102138;53.62;10;11277504207;B
20241009;102139;53.61;10;11277504270;S
20241009;102140;53.6;540;11277504436;S
20241009;102141;53.6;120;11277504488;S
20241009;102146;53.61;200;11277505062;S
20241009;102147;53.62;10;11277505236;B
20241009;102153;53.62;100;11277505717;B
20241009;102200;53.61;30;11277506893;S
20241009;102208;53.6;340;11277507925;S
20241009;102208;53.6;20;11277507926;S
20241009;102208;53.6;100;11277507927;S
20241009;102208;53.6;540;11277507928;S
20241009;102209;53.62;10;11277508119;B
20241009;102229;53.61;20;11277510608;S
20241009;102229;53.61;50;11277510609;S
20241009;102236;53.62;20;11277511413;B
20241009;102246;53.62;10;11277512387;B
20241009;102246;53.62;50;11277512423;B
20241009;102257;53.61;40;11277513442;S
20241009;102257;53.61;6000;11277513443;S
20241009;102257;53.61;880;11277513444;S
20241009;102257;53.61;820;11277513445;S
20241009;102300;53.6;200;11277513772;S
20241009;102301;53.61;100;11277513870;B
20241009;102308;53.6;300;11277514834;S
20241009;102317;53.61;130;11277516048;B
20241009;102317;53.61;2440;11277516052;B
20241009;102317;53.61;1770;11277516053;B
20241009;102317;53.61;1970;11277516057;B
20241009;102317;53.61;100;11277516058;B
20241009;102317;53.62;1460;11277516061;B
20241009;102317;53.62;200;11277516062;B
20241009;102317;53.62;100;11277516063;B
20241009;102317;53.63;50;11277516065;B
20241009;102317;53.63;1000;11277516066;B
20241009;102317;53.64;200;11277516072;B
20241009;102318;53.65;10;11277516076;B
20241009;102318;53.65;10;11277516077;B
20241009;102318;53.65;10;11277516078;B
20241009;102318;53.65;10;11277516079;B
20241009;102318;53.65;10;11277516080;B
20241009;102318;53.65;10;11277516081;B
20241009;102318;53.65;10;11277516082;B
20241009;102318;53.65;30;11277516083;B
20241009;102318;53.65;10;11277516084;B
20241009;102318;53.65;10;11277516085;B
20241009;102318;53.65;10;11277516086;B
20241009;102318;53.65;10;11277516087;B
20241009;102318;53.65;10;11277516088;B
20241009;102318;53.65;10;11277516089;B
20241009;102318;53.65;10;11277516090;B
20241009;102318;53.65;10;11277516091;B
20241009;102318;53.66;7110;11277516093;B
20241009;102318;53.66;100;11277516094;B
20241009;102318;53.67;20;11277516097;B
20241009;102318;53.68;350;11277516098;B
20241009;102318;53.69;250;11277516099;B
20241009;102318;53.69;200;11277516100;B
20241009;102318;53.67;10;11277516138;S
20241009;102318;53.66;10;11277516139;S
20241009;102318;53.66;10;11277516143;S
20241009;102318;53.66;10;11277516144;S
20241009;102318;53.66;10;11277516145;S
20241009;102318;53.65;30;11277516146;S
20241009;102318;53.65;10;11277516147;S
20241009;102318;53.65;10;11277516148;B
20241009;102318;53.65;10;11277516149;B
20241009;102318;53.65;10;11277516150;B
20241009;102318;53.65;10;11277516151;B
20241009;102318;53.65;10;11277516152;B
20241009;102318;53.65;10;11277516155;B
20241009;102330;53.65;10;11277517608;B
20241009;102330;53.65;10;11277517609;B
20241009;102330;53.65;30;11277517610;B
20241009;102330;53.65;10;11277517611;B
20241009;102330;53.65;10;11277517612;B
20241009;102330;53.65;10;11277517613;B
20241009;102330;53.65;10;11277517614;B
20241009;102330;53.65;880;11277517615;B
20241009;102330;53.66;560;11277517616;B
20241009;102330;53.66;1800;11277517617;B
20241009;102330;53.66;1000;11277517618;B
20241009;102330;53.67;560;11277517619;B
20241009;102330;53.68;690;11277517620;B
20241009;102330;53.68;400;11277517621;B
20241009;102330;53.69;3720;11277517622;B
20241009;102330;53.7;10;11277517623;B
20241009;102330;53.7;2240;11277517624;B
20241009;102330;53.71;5000;11277517625;B
20241009;102330;53.72;2800;11277517626;B
20241009;102330;53.73;250;11277517627;B
20241009;102330;53.67;10;11277517638;S
20241009;102330;53.66;30;11277517639;S
20241009;102330;53.65;10;11277517640;S
20241009;102330;53.65;10;11277517642;S
20241009;102330;53.65;10;11277517643;S
20241009;102330;53.65;10;11277517644;S
20241009;102330;53.65;30;11277517648;S
20241009;102330;53.65;10;11277517649;S
20241009;102330;53.65;10;11277517651;S
20241009;102330;53.65;10;11277517652;S
20241009;102330;53.65;10;11277517653;S
20241009;102330;53.68;30;11277517676;S
20241009;102330;53.66;10;11277517677;S
20241009;102330;53.66;10;11277517678;S
20241009;102331;53.66;30;11277517682;S
20241009;102331;53.66;10;11277517683;S
20241009;102331;53.66;10;11277517684;S
20241009;102331;53.68;30;11277517687;S
20241009;102331;53.66;10;11277517688;S
20241009;102331;53.66;10;11277517689;S
20241009;102331;53.66;20;11277517704;S
20241009;102331;53.66;10;11277517706;S
20241009;102331;53.66;10;11277517709;S
20241009;102331;53.68;140;11277517725;S
20241009;102331;53.66;10;11277517728;S
20241009;102331;53.66;10;11277517743;S
20241009;102331;53.69;280;11277517776;S
20241009;102331;53.69;1580;11277517777;S
20241009;102333;53.68;840;11277518055;S
20241009;102333;53.68;1020;11277518056;S
20241009;102338;53.64;290;11277518659;S
20241009;102341;53.64;250;11277518989;S
20241009;102351;53.66;10;11277520453;B
20241009;102351;53.66;290;11277520454;B
20241009;102351;53.66;10;11277520487;B
20241009;102355;53.66;100;11277520857;B
20241009;102400;53.61;140;11277521634;S
20241009;102400;53.61;290;11277521635;S
20241009;102408;53.62;300;11277522549;S
20241009;102420;53.65;40;11277524379;B
20241009;102425;53.61;140;11277525085;S
20241009;102435;53.64;60;11277526267;B
20241009;102440;53.63;10;11277526937;B
20241009;102440;53.63;50;11277526938;B
20241009;102449;53.61;1760;11277528219;S
20241009;102449;53.6;1040;11277528225;S
20241009;102449;53.6;500;11277528226;S
20241009;102449;53.59;10;11277528231;S
20241009;102449;53.59;50;11277528232;S
20241009;102449;53.59;310;11277528233;S
20241009;102451;53.6;30;11277528665;B
20241009;102508;53.59;10;11277531317;B
20241009;102509;53.58;50;11277531505;S
20241009;102509;53.58;10;11277531510;S
20241009;102512;53.59;10;11277532412;B
20241009;102512;53.59;10;11277532509;B
20241009;102517;53.58;760;11277533030;S
20241009;102518;53.59;100;11277533206;B
20241009;102519;53.59;280;11277533446;B
20241009;102519;53.59;10;11277533447;B
20241009;102530;53.59;20;11277534633;S
20241009;102534;53.64;20;11277535215;B
20241009;102537;53.64;880;11277535644;B
20241009;102550;53.64;140;11277536990;S
20241009;102600;53.65;500;11277538139;B
20241009;102609;53.64;80;11277539288;S
20241009;102612;53.64;510;11277539595;S
20241009;102618;53.64;10;11277540416;S
20241009;102618;53.64;20;11277540417;S
20241009;102618;53.64;20;11277540418;S
20241009;102620;53.65;1510;11277540607;B
20241009;102620;53.65;100;11277540608;B
20241009;102621;53.64;130;11277540688;S
20241009;102621;53.64;120;11277540689;S
20241009;102633;53.65;20;11277542164;B
20241009;102645;53.64;10;11277543499;S
20241009;102649;53.64;160;11277543877;S
20241009;102654;53.64;10;11277544326;S
20241009;102656;53.65;10;11277544612;B
20241009;102711;53.65;10;11277545746;B
20241009;102719;53.65;10;11277546334;B
20241009;102722;53.65;20;11277546695;B
20241009;102725;53.65;30;11277546974;B
20241009;102728;53.65;200;11277547228;B
20241009;102731;53.65;100;11277547533;B
20241009;102740;53.64;100;11277548310;S
20241009;102744;53.64;480;11277548634;S
20241009;102744;53.64;120;11277548635;S
20241009;102744;53.64;100;11277548636;S
20241009;102744;53.64;10;11277548637;S
20241009;102744;53.64;140;11277548638;S
20241009;102744;53.64;40;11277548639;S
20241009;102744;53.64;180;11277548640;S
20241009;102744;53.64;180;11277548641;S
20241009;102744;53.64;2000;11277548642;S
20241009;102744;53.64;120;11277548643;S
20241009;102744;53.64;10;11277548644;S
20241009;102744;53.64;380;11277548645;S
20241009;102744;53.64;10;11277548646;S
20241009;102748;53.63;10;11277548995;S
20241009;102748;53.62;10;11277548996;S
20241009;102748;53.62;10;11277548997;S
20241009;102748;53.62;10;11277548998;S
20241009;102748;53.62;60;11277548999;S
20241009;102750;53.64;100;11277549146;B
20241009;102758;53.64;10;11277549900;B
20241009;102801;53.64;20;11277550155;B
20241009;102812;53.64;10;11277551415;B
20241009;102840;53.63;10;11277554598;S
20241009;102840;53.62;10;11277554599;S
20241009;102840;53.62;10;11277554600;S
20241009;102840;53.62;10;11277554601;S
20241009;102840;53.62;60;11277554602;S
20241009;102845;53.64;10;11277555071;B
20241009;102858;53.62;10;11277556432;S
20241009;102900;53.64;1080;11277556629;B
20241009;102900;53.64;30;11277556630;B
20241009;102939;53.64;270;11277561125;S
20241009;102942;53.64;120;11277561336;S
20241009;102942;53.64;880;11277561337;S
20241009;102942;53.64;520;11277561338;S
20241009;102942;53.64;10;11277561339;S
20241009;102942;53.63;470;11277561340;S
20241009;102944;53.65;50;11277561512;B
20241009;102949;53.65;20;11277561882;B
20241009;103014;53.63;10;11277564810;S
20241009;103020;53.64;10;11277565485;B
20241009;103021;53.65;20;11277565582;B
20241009;103021;53.65;20;11277565676;B
20241009;103027;53.63;140;11277566396;S
20241009;103027;53.63;600;11277566397;S
20241009;103027;53.63;30;11277566398;S
20241009;103027;53.63;10;11277566399;S
20241009;103028;53.63;50;11277566619;S
20241009;103029;53.63;30;11277566686;S
20241009;103031;53.63;30;11277567078;S
20241009;103031;53.63;10;11277567079;S
20241009;103033;53.63;10;11277567321;S
20241009;103033;53.63;180;11277567322;S
20241009;103033;53.63;140;11277567323;S
20241009;103036;53.63;10;11277567706;S
20241009;103036;53.63;30;11277567707;S
20241009;103039;53.63;30;11277568191;S
20241009;103041;53.63;60;11277568352;S
20241009;103041;53.63;30;11277568441;S
20241009;103050;53.64;100;11277569477;B
20241009;103050;53.64;40;11277569578;B
20241009;103053;53.64;70;11277569926;B
20241009;103053;53.65;6830;11277569938;B
20241009;103053;53.65;800;11277569939;B
20241009;103053;53.65;100;11277569940;B
20241009;103053;53.65;110;11277569945;B
20241009;103053;53.65;660;11277569954;B
20241009;103053;53.65;1710;11277569958;B
20241009;103053;53.65;17790;11277569959;B
20241009;103053;53.65;2740;11277569960;B
20241009;103053;53.65;600;11277569961;B
20241009;103053;53.65;3090;11277569962;B
20241009;103055;53.65;20;11277570096;B
20241009;103057;53.64;180;11277570263;S
20241009;103058;53.64;170;11277570323;S
20241009;103058;53.64;10;11277570345;S
20241009;103103;53.64;10;11277570779;S
20241009;103106;53.65;20;11277571372;B
20241009;103107;53.64;10;11277571439;S
20241009;103107;53.65;100;11277571471;B
20241009;103108;53.64;90;11277571655;S
20241009;103109;53.64;40;11277571692;S
20241009;103111;53.64;550;11277571925;S
20241009;103111;53.64;490;11277571926;S
20241009;103111;53.63;30;11277571927;S
20241009;103111;53.63;10;11277571928;S
20241009;103111;53.63;420;11277571929;S
20241009;103111;53.63;10;11277571930;S
20241009;103111;53.63;2490;11277571931;S
20241009;103112;53.63;30;11277572015;S
20241009;103112;53.63;800;11277572019;S
20241009;103114;53.65;120;11277572332;B
20241009;103115;53.64;100;11277572412;S
20241009;103116;53.65;100;11277572448;B
20241009;103117;53.63;50;11277572575;S
20241009;103117;53.63;410;11277572595;S
20241009;103117;53.63;20;11277572610;S
20241009;103118;53.63;10;11277572646;S
20241009;103118;53.63;80;11277572671;S
20241009;103119;53.63;20;11277572823;S
20241009;103121;53.63;20;11277573016;S
20241009;103129;53.64;40;11277574077;S
20241009;103130;53.63;10;11277574296;S
20241009;103134;53.64;50;11277574716;S
20241009;103134;53.64;50;11277574717;S
20241009;103134;53.64;50;11277574719;S
20241009;103135;53.64;40;11277575104;S
20241009;103137;53.64;10;11277575441;S
20241009;103140;53.64;40;11277576084;S
20241009;103143;53.64;10;11277576441;S
20241009;103143;53.64;10;11277576482;S
20241009;103147;53.65;90;11277577048;B
20241009;103148;53.65;1500;11277577333;B
20241009;103150;53.65;2000;11277577575;B
20241009;103150;53.66;100;11277577576;B
20241009;103152;53.67;10;11277577964;B
20241009;103153;53.69;10;11277578148;B
20241009;103153;53.69;100;11277578186;S
20241009;103153;53.69;780;11277578205;S
20241009;103153;53.69;20;11277578206;S
20241009;103154;53.7;60;11277578337;S
20241009;103154;53.71;100;11277578530;B
20241009;103156;53.69;20;11277578939;S
20241009;103159;53.7;30;11277579369;S
20241009;103206;53.7;210;11277580398;S
20241009;103206;53.7;880;11277580399;S
20241009;103215;53.68;150;11277582172;S
20241009;103215;53.68;80;11277582191;S
20241009;103216;53.67;2510;11277582491;S
20241009;103216;53.67;280;11277582492;S
20241009;103216;53.66;240;11277582527;S
20241009;103216;53.64;820;11277582563;S
20241009;103216;53.64;80;11277582564;S
20241009;103216;53.64;300;11277582565;S
20241009;103216;53.64;100;11277582566;S
20241009;103216;53.64;10;11277582567;S
20241009;103216;53.63;10;11277582568;S
20241009;103216;53.63;50;11277582569;S
20241009;103216;53.63;1850;11277582570;S
20241009;103216;53.62;10;11277582571;S
20241009;103216;53.62;3720;11277582572;S
20241009;103216;53.62;1000;11277582573;S
20241009;103216;53.62;2420;11277582574;S
20241009;103216;53.62;770;11277582575;S
20241009;103216;53.62;6810;11277582576;S
20241009;103216;53.61;10;11277582577;S
20241009;103216;53.61;10;11277582578;S
20241009;103216;53.6;1000;11277582579;S
20241009;103216;53.6;10;11277582580;S
20241009;103216;53.6;10;11277582581;S
20241009;103216;53.6;800;11277582582;S
20241009;103216;53.6;1170;11277582583;S
20241009;103216;53.6;1890;11277582584;S
20241009;103216;53.6;660;11277582585;S
20241009;103216;53.59;10;11277582586;S
20241009;103216;53.59;1150;11277582587;S
20241009;103216;53.59;3780;11277582588;S
20241009;103218;53.59;30;11277582780;S
20241009;103226;53.63;230;11277583984;S
20241009;103231;53.63;10;11277584746;S
20241009;103232;53.62;20;11277584878;S
20241009;103235;53.62;30;11277585228;S
20241009;103241;53.61;100;11277586091;S
20241009;103243;53.61;420;11277586287;S
20241009;103247;53.61;10;11277586746;S
20241009;103248;53.62;130;11277586870;S
20241009;103248;53.61;370;11277586871;S
20241009;103248;53.64;880;11277587007;B
20241009;103248;53.64;6330;11277587008;B
20241009;103248;53.65;9740;11277587009;B
20241009;103248;53.65;1000;11277587010;B
20241009;103248;53.66;240;11277587011;B
20241009;103248;53.67;3720;11277587012;B
20241009;103248;53.67;60;11277587013;B
20241009;103248;53.69;500;11277587014;B
20241009;103248;53.7;1110;11277587015;B
20241009;103248;53.7;600;11277587016;B
20241009;103248;53.7;3730;11277587017;B
20241009;103248;53.7;2800;11277587018;B
20241009;103248;53.7;4120;11277587019;B
20241009;103248;53.71;10;11277587042;B
20241009;103249;53.71;580;11277587081;B
20241009;103249;53.71;80;11277587082;B
20241009;103249;53.71;300;11277587083;S
20241009;103249;53.72;100;11277587100;S
20241009;103249;53.72;140;11277587194;S
20241009;103250;53.73;10;11277587243;B
20241009;103250;53.72;10;11277587448;S
20241009;103253;53.72;100;11277587764;S
20241009;103255;53.72;110;11277588126;S
20241009;103255;53.72;30;11277588135;S
20241009;103257;53.72;10;11277588378;S
20241009;103258;53.73;400;11277588552;S
20241009;103259;53.73;90;11277588578;S
20241009;103259;53.74;10;11277588670;B
20241009;103300;53.74;20;11277588720;B
20241009;103301;53.72;50;11277588875;S
20241009;103302;53.72;80;11277589006;S
20241009;103303;53.72;10;11277589083;S
20241009;103306;53.72;130;11277589474;S
20241009;103306;53.71;80;11277589498;S
20241009;103306;53.7;10;11277589533;S
20241009;103311;53.74;20;11277590120;B
20241009;103311;53.71;10;11277590161;S
20241009;103313;53.71;10;11277590457;S
20241009;103314;53.71;20;11277590599;S
20241009;103315;53.71;120;11277590614;S
20241009;103320;53.71;10;11277591140;S
20241009;103324;53.71;30;11277591659;S
20241009;103324;53.71;10;11277591832;S
20241009;103325;53.71;30;11277591886;S
20241009;103328;53.71;940;11277592338;S
20241009;103328;53.71;1860;11277592339;S
20241009;103328;53.71;1780;11277592340;S
20241009;103328;53.71;150;11277592341;S
20241009;103328;53.71;4360;11277592342;S
20241009;103328;53.71;880;11277592343;S
20241009;103328;53.71;30;11277592344;S
20241009;103328;53.7;60000;11277592345;S
20241009;103328;53.7;880;11277592346;S
20241009;103328;53.7;1000;11277592348;S
20241009;103331;53.66;110;11277592778;S
20241009;103332;53.7;1010;11277592885;B
20241009;103332;53.71;3720;11277592886;B
20241009;103332;53.71;1010;11277592887;B
20241009;103332;53.71;1000;11277592888;B
20241009;103332;53.71;880;11277592889;B
20241009;103332;53.73;800;11277592890;B
20241009;103332;53.74;200;11277592891;B
20241009;103332;53.74;10;11277592892;B
20241009;103332;53.74;1230;11277592893;B
20241009;103332;53.74;2340;11277592894;B
20241009;103332;53.75;840;11277592895;B
20241009;103332;53.73;10;11277592896;B
20241009;103333;53.68;10;11277592981;S
20241009;103334;53.73;10;11277593152;B
20241009;103336;53.68;20;11277593322;S
20241009;103336;53.68;70;11277593354;S
20241009;103340;53.68;20;11277594002;S
20241009;103342;53.68;70;11277594264;S
20241009;103345;53.68;70;11277594559;S
20241009;103347;53.68;50;11277594731;S
20241009;103348;53.68;10;11277594782;S
20241009;103349;53.67;60;11277594872;S
20241009;103353;53.66;20;11277595386;S
20241009;103355;53.66;10;11277596022;S
20241009;103357;53.66;150;11277596260;S
20241009;103357;53.66;10;11277596264;S
20241009;103402;53.66;60;11277596855;S
20241009;103404;53.67;60;11277597112;S
20241009;103405;53.67;10;11277597125;S
20241009;103405;53.67;10;11277597158;S
20241009;103406;53.67;10;11277597201;S
20241009;103408;53.67;30;11277597469;S
20241009;103409;53.72;30;11277597476;B
20241009;103410;53.7;10;11277597561;S
20241009;103411;53.7;10;11277597696;S
20241009;103412;53.7;110;11277597812;S
20241009;103413;53.7;10;11277597896;S
20241009;103416;53.7;50;11277598273;S
20241009;103417;53.7;30;11277598402;S
20241009;103423;53.7;30;11277599166;S
20241009;103424;53.7;40;11277599228;S
20241009;103426;53.7;10;11277599494;S
20241009;103426;53.7;10;11277599495;S
20241009;103430;53.7;60;11277599951;S
20241009;103430;53.7;30;11277599958;S
20241009;103434;53.7;20;11277600385;S
20241009;103437;53.7;100;11277600938;S
20241009;103437;53.69;10;11277600941;S
20241009;103439;53.69;130;11277601029;S
20241009;103441;53.7;20;11277601278;S
20241009;103443;53.7;100;11277601643;S
20241009;103443;53.7;10;11277601648;S
20241009;103443;53.7;10;11277601652;S
20241009;103444;53.7;20;11277601798;S
20241009;103445;53.7;20;11277601936;S
20241009;103446;53.7;40;11277602042;S
20241009;103446;53.7;20;11277602116;S
20241009;103448;53.7;10;11277602431;S
20241009;103450;53.7;10;11277602703;S
20241009;103450;53.7;10;11277602736;S
20241009;103450;53.7;10;11277602737;S
20241009;103451;53.7;60;11277602792;S
20241009;103454;53.7;50;11277603257;S
20241009;103454;53.7;120;11277603302;S
20241009;103454;53.7;10;11277603336;S
20241009;103455;53.7;30;11277603366;S
20241009;103457;53.7;10;11277603664;S
20241009;103457;53.7;10;11277603748;S
20241009;103505;53.71;100;11277604817;S
20241009;103505;53.72;10;11277604824;S
20241009;103508;53.72;10;11277605281;S
20241009;103508;53.72;150;11277605415;S
20241009;103508;53.72;10;11277605553;S
20241009;103512;53.72;40;11277606166;S
20241009;103518;53.72;40;11277606705;S
20241009;103518;53.72;40;11277606706;S
20241009;103519;53.72;80;11277606841;S
20241009;103522;53.72;10;11277607057;S
20241009;103522;53.74;30;11277607177;B
20241009;103523;53.72;20;11277607214;S
20241009;103524;53.72;20;11277607288;S
20241009;103526;53.72;10;11277607701;S
20241009;103528;53.74;10;11277608418;B
20241009;103535;53.72;40;11277609517;S
20241009;103539;53.72;20;11277610143;S
20241009;103541;53.74;30;11277610273;B
20241009;103541;53.72;20;11277610274;S
20241009;103541;53.72;40;11277610299;S
20241009;103543;53.72;10;11277610507;S
20241009;103543;53.72;80;11277610508;S
20241009;103544;53.72;20;11277610560;S
20241009;103545;53.72;30;11277610740;S
20241009;103547;53.72;20;11277610936;S
20241009;103547;53.72;80;11277610937;S
20241009;103547;53.72;100;11277610938;S
20241009;103547;53.72;20;11277610939;S
20241009;103548;53.72;120;11277611096;S
20241009;103549;53.72;10;11277611224;S
20241009;103549;53.72;230;11277611225;S
20241009;103549;53.72;10;11277611263;S
20241009;103550;53.72;40;11277611361;S
20241009;103556;53.72;30;11277612227;S
20241009;103557;53.74;820;11277612245;B
20241009;103557;53.72;10;11277612393;S
20241009;103558;53.72;10;11277612521;S
20241009;103601;53.72;70;11277612795;S
20241009;103601;53.72;190;11277612910;S
20241009;103601;53.72;30;11277612911;S
20241009;103602;53.72;10;11277613025;S
20241009;103603;53.72;100;11277613037;S
20241009;103603;53.72;10;11277613044;S
20241009;103605;53.74;140;11277613295;B
20241009;103605;53.74;10;11277613296;B
20241009;103605;53.74;30;11277613297;B
20241009;103606;53.72;10;11277613399;S
20241009;103606;53.75;100;11277613421;B
20241009;103607;53.75;180;11277613550;B
20241009;103608;53.75;180;11277613651;B
20241009;103608;53.75;180;11277613737;B
20241009;103610;53.74;10;11277613969;S
20241009;103611;53.73;40;11277614001;S
20241009;103614;53.72;10;11277614355;S
20241009;103615;53.72;20;11277614537;S
20241009;103618;53.75;40;11277615109;B
20241009;103621;53.72;60;11277615342;S
20241009;103621;53.72;130;11277615343;S
20241009;103623;53.72;60;11277615672;S
20241009;103625;53.73;10;11277615998;S
20241009;103629;53.73;90;11277616516;S
20241009;103637;53.75;320;11277617459;B
20241009;103637;53.75;3720;11277617460;B
20241009;103637;53.75;20000;11277617461;B
20241009;103637;53.76;10;11277617462;B
20241009;103637;53.76;5000;11277617463;B
20241009;103637;53.76;10;11277617464;B
20241009;103637;53.76;1000;11277617465;B
20241009;103637;53.76;880;11277617466;B
20241009;103637;53.77;1000;11277617467;B
20241009;103637;53.77;1000;11277617468;B
20241009;103637;53.77;30;11277617469;B
20241009;103637;53.77;10;11277617470;B
20241009;103637;53.77;660;11277617471;B
20241009;103637;53.78;1000;11277617472;B
20241009;103637;53.78;1000;11277617473;B
20241009;103637;53.78;700;11277617474;B
20241009;103637;53.78;500;11277617475;B
20241009;103637;53.79;250;11277617476;B
20241009;103637;53.79;1000;11277617477;B
20241009;103637;53.79;1000;11277617478;B
20241009;103637;53.79;1000;11277617479;B
20241009;103637;53.79;70;11277617480;B
20241009;103637;53.79;10;11277617481;B
20241009;103637;53.8;10;11277617482;B
20241009;103637;53.8;1000;11277617483;B
20241009;103637;53.8;10;11277617484;B
20241009;103637;53.8;4010;11277617485;B
20241009;103637;53.8;110;11277617486;B
20241009;103637;53.81;1000;11277617487;B
20241009;103637;53.81;1000;11277617488;B
20241009;103637;53.81;2170;11277617489;B
20241009;103637;53.82;520;11277617490;B
20241009;103638;53.78;10;11277617570;S
20241009;103644;53.78;30;11277618144;S
20241009;103647;53.78;10;11277618434;S
20241009;103649;53.78;100;11277618838;S
20241009;103649;53.78;10;11277618847;S
20241009;103650;53.78;720;11277618975;S
20241009;103650;53.78;4820;11277618976;S
20241009;103650;53.78;870;11277618977;S
20241009;103653;53.8;150;11277619308;B
20241009;103655;53.78;10;11277619505;S
20241009;103655;53.78;140;11277619537;S
20241009;103656;53.8;350;11277619612;B
20241009;103656;53.8;600;11277619613;B
20241009;103658;53.8;100;11277619899;B
20241009;103700;53.78;570;11277620053;S
20241009;103705;53.79;120;11277620712;B
20241009;103705;53.79;1100;11277620713;B
20241009;103705;53.79;130;11277620714;B
20241009;103706;53.79;570;11277620905;B
20241009;103709;53.79;300;11277621519;B
20241009;103709;53.79;100;11277621520;B
20241009;103709;53.8;1250;11277621521;B
20241009;103709;53.78;10000;11277621538;S
20241009;103709;53.78;20;11277621638;S
20241009;103710;53.78;200;11277621829;S
20241009;103714;53.78;150;11277622329;S
20241009;103720;53.75;70;11277623048;S
20241009;103724;53.75;40;11277623535;S
20241009;103727;53.78;10;11277623882;S
20241009;103735;53.78;20;11277625155;S
20241009;103735;53.78;30;11277625162;S
20241009;103737;53.78;80;11277625336;S
20241009;103737;53.78;40;11277625401;S
20241009;103737;53.78;110;11277625402;S
20241009;103743;53.78;90;11277626262;S
20241009;103746;53.78;10;11277626776;S
20241009;103747;53.78;620;11277626902;S
20241009;103747;53.78;130;11277626903;S
20241009;103747;53.76;1040;11277626905;S
20241009;103747;53.75;240;11277626906;S
20241009;103747;53.75;3640;11277626907;S
20241009;103747;53.75;170;11277626908;S
20241009;103747;53.75;710;11277626910;S
20241009;103747;53.74;2360;11277626911;S
20241009;103750;53.72;10;11277627257;S
20241009;103750;53.71;10;11277627258;S
20241009;103750;53.71;70;11277627259;S
20241009;103750;53.7;230;11277627278;S
20241009;103751;53.7;10;11277627333;S
20241009;103753;53.7;20;11277627632;S
20241009;103755;53.7;60;11277627835;S
20241009;103800;53.7;10;11277628245;S
20241009;103801;53.7;40;11277628350;S
20241009;103804;53.7;20;11277628589;S
20241009;103806;53.7;10;11277628769;S
20241009;103809;53.7;10;11277628989;S
20241009;103811;53.7;360;11277629121;S
20241009;103812;53.7;30;11277629241;S
20241009;103812;53.7;120;11277629254;S
20241009;103813;53.7;160;11277629357;S
20241009;103815;53.7;600;11277629482;S
20241009;103818;53.7;320;11277629729;S
20241009;103818;53.7;10;11277629730;S
20241009;103818;53.7;20;11277629731;S
20241009;103818;53.7;20;11277629746;S
20241009;103821;53.7;10;11277630005;S
20241009;103823;53.7;50;11277630123;S
20241009;103826;53.7;10;11277630393;S
20241009;103832;53.7;10;11277631249;S
20241009;103832;53.7;10;11277631253;S
20241009;103837;53.74;10;11277631791;B
20241009;103843;53.7;10;11277632444;S
20241009;103843;53.7;60;11277632448;S
20241009;103843;53.7;10;11277632478;S
20241009;103847;53.7;280;11277632976;S
20241009;103848;53.7;10;11277633101;S
20241009;103849;53.7;20;11277633329;S
20241009;103850;53.74;10;11277633510;B
20241009;103854;53.74;100;11277633819;B
20241009;103859;53.75;10;11277634440;B
20241009;103901;53.74;10;11277634668;S
20241009;103902;53.74;10;11277634800;S
20241009;103904;53.74;10;11277635118;S
20241009;103904;53.74;10;11277635119;S
20241009;103904;53.74;10;11277635120;S
20241009;103906;53.74;10;11277635432;S
20241009;103906;53.74;20;11277635530;S
20241009;103907;53.74;80;11277635537;S
20241009;103907;53.74;20;11277635548;S
20241009;103907;53.74;10;11277635549;S
20241009;103907;53.74;10;11277635550;S
20241009;103907;53.74;10;11277635551;S
20241009;103907;53.74;10;11277635552;S
20241009;103907;53.74;10;11277635553;S
20241009;103907;53.74;10;11277635554;S
20241009;103907;53.74;10;11277635555;S
20241009;103907;53.74;10;11277635556;S
20241009;103907;53.74;10;11277635557;S
20241009;103907;53.74;10;11277635558;S
20241009;103907;53.74;10;11277635559;S
20241009;103907;53.74;10;11277635560;S
20241009;103907;53.74;10;11277635561;S
20241009;103907;53.74;130;11277635575;B
20241009;103907;53.74;10;11277635579;B
20241009;103907;53.74;130;11277635580;B
20241009;103907;53.74;10;11277635582;B
20241009;103907;53.74;130;11277635584;B
20241009;103907;53.74;130;11277635664;B
20241009;103907;53.74;130;11277635677;B
20241009;103907;53.74;130;11277635683;B
20241009;103907;53.74;130;11277635692;B
20241009;103907;53.74;100;11277635700;B
20241009;103908;53.74;30;11277635867;B
20241009;103910;53.75;770;11277636337;B
20241009;103911;53.7;30;11277636483;S
20241009;103912;53.75;10;11277636529;B
20241009;103912;53.7;10;11277636658;S
20241009;103917;53.74;10;11277637238;B
20241009;103919;53.7;30;11277637381;S
20241009;103919;53.7;20;11277637457;S
20241009;103920;53.7;30;11277637610;S
20241009;103922;53.7;690;11277637791;S
20241009;103923;53.7;30;11277637871;S
20241009;103923;53.74;10;11277637896;B
20241009;103926;53.7;20;11277638177;S
20241009;103928;53.7;60;11277638432;S
20241009;103930;53.7;40;11277638555;S
20241009;103930;53.7;270;11277638564;S
20241009;103933;53.7;10;11277638906;S
20241009;103933;53.7;120;11277638907;S
20241009;103933;53.7;50;11277638913;S
20241009;103933;53.7;10;11277638958;S
20241009;103936;53.74;10;11277639314;B
20241009;103937;53.74;10;11277639497;B
20241009;103938;53.74;10;11277639541;B
20241009;103938;53.74;10;11277639544;B
20241009;103938;53.74;10;11277639547;B
20241009;103938;53.74;10;11277639551;B
20241009;103938;53.74;10;11277639555;B
20241009;103938;53.74;10;11277639564;B
20241009;103938;53.74;10;11277639611;B
20241009;103938;53.74;10;11277639667;B
20241009;103941;53.71;10;11277639859;S
20241009;103941;53.71;90;11277639938;S
20241009;103941;53.7;40;11277639939;S
20241009;103942;53.71;20;11277640199;S
20241009;103945;53.71;10;11277640463;S
20241009;103947;53.73;100;11277640645;B
20241009;103947;53.74;1760;11277640646;B
20241009;103948;53.71;20;11277640680;S
20241009;103951;53.71;10;11277641013;S
20241009;103954;53.71;10;11277641278;S
20241009;104000;53.74;10;11277642065;B
20241009;104002;53.74;10;11277642357;S
20241009;104002;53.74;10;11277642358;S
20241009;104002;53.72;30;11277642359;S
20241009;104002;53.75;10;11277642453;B
20241009;104003;53.75;10;11277642505;B
20241009;104007;53.76;10;11277642934;B
20241009;104011;53.74;10;11277643605;S
20241009;104011;53.74;10;11277643606;S
20241009;104011;53.74;10;11277643607;S
20241009;104011;53.74;20;11277643608;S
20241009;104011;53.74;80;11277643609;S
20241009;104012;53.74;50;11277643632;S
20241009;104019;53.74;20;11277644472;S
20241009;104019;53.74;70;11277644473;S
20241009;104020;53.74;110;11277644627;S
20241009;104022;53.74;60;11277644871;S
20241009;104022;53.74;100;11277644897;S
20241009;104027;53.74;10;11277645518;S
20241009;104030;53.74;20;11277645818;S
20241009;104030;53.74;10;11277645819;S
20241009;104030;53.74;110;11277645820;S
20241009;104030;53.74;50;11277645821;S
20241009;104033;53.74;30;11277646300;S
20241009;104034;53.76;10;11277646387;B
20241009;104046;53.74;10;11277647774;S
20241009;104046;53.74;110;11277647785;S
20241009;104046;53.74;10;11277647786;S
20241009;104046;53.74;10;11277647787;S
20241009;104046;53.74;10;11277647788;S
20241009;104046;53.74;10;11277647789;S
20241009;104046;53.74;10;11277647790;S
20241009;104046;53.74;10;11277647791;S
20241009;104046;53.74;10;11277647792;S
20241009;104051;53.74;10;11277648519;S
20241009;104051;53.74;10;11277648520;S
20241009;104051;53.74;80;11277648521;S
20241009;104056;53.76;10;11277649142;B
20241009;104056;53.74;20;11277649156;S
20241009;104056;53.74;100;11277649157;S
20241009;104056;53.74;10;11277649158;S
20241009;104056;53.74;10;11277649159;S
20241009;104056;53.74;10;11277649160;S
20241009;104056;53.74;10;11277649161;S
20241009;104057;53.74;10;11277649332;S
20241009;104058;53.74;10;11277649367;S
20241009;104058;53.74;10;11277649368;S
20241009;104058;53.74;10;11277649369;S
20241009;104058;53.74;10;11277649370;S
20241009;104058;53.74;10;11277649371;S
20241009;104058;53.74;10;11277649372;S
20241009;104058;53.74;10;11277649373;S
20241009;104058;53.74;10;11277649374;S
20241009;104058;53.74;10;11277649375;S
20241009;104058;53.74;10;11277649376;S
20241009;104058;53.74;10;11277649377;S
20241009;104058;53.74;10;11277649378;S
20241009;104058;53.74;10;11277649379;S
20241009;104058;53.74;10;11277649380;S
20241009;104058;53.74;10;11277649381;S
20241009;104058;53.74;10;11277649382;S
20241009;104058;53.74;10;11277649383;S
20241009;104058;53.74;60;11277649384;S
20241009;104058;53.74;40;11277649420;S
20241009;104059;53.74;200;11277649585;S
20241009;104059;53.74;10;11277649586;S
20241009;104059;53.74;10;11277649587;S
20241009;104059;53.74;10;11277649588;S
20241009;104104;53.76;10;11277650059;B
20241009;104105;53.74;10;11277650160;S
20241009;104109;53.74;10;11277650543;S
20241009;104116;53.74;10;11277651258;S
20241009;104116;53.74;10;11277651259;S
20241009;104116;53.74;10;11277651260;S
20241009;104116;53.74;10;11277651262;S
20241009;104116;53.74;10;11277651263;S
20241009;104116;53.74;10;11277651264;S
20241009;104116;53.74;10;11277651265;S
20241009;104116;53.74;10;11277651266;S
20241009;104116;53.74;10;11277651267;S
20241009;104116;53.74;10;11277651268;S
20241009;104116;53.74;10;11277651269;S
20241009;104117;53.74;10;11277651342;S
20241009;104117;53.74;10;11277651343;S
20241009;104117;53.74;10;11277651344;S
20241009;104117;53.74;10;11277651345;S
20241009;104117;53.74;10;11277651346;S
20241009;104117;53.74;10;11277651347;S
20241009;104117;53.74;10;11277651348;S
20241009;104117;53.74;10;11277651349;S
20241009;104117;53.74;10;11277651350;S
20241009;104117;53.74;10;11277651351;S
20241009;104117;53.73;10;11277651352;S
20241009;104117;53.72;200;11277651353;S
20241009;104117;53.72;190;11277651354;S
20241009;104118;53.76;10;11277651484;B
20241009;104118;53.76;100;11277651499;B
20241009;104118;53.74;10;11277651515;S
20241009;104120;53.74;10;11277651747;S
20241009;104121;53.76;10;11277651881;B
20241009;104129;53.74;10;11277652759;S
20241009;104129;53.74;10;11277652760;S
20241009;104129;53.74;10;11277652761;S
20241009;104129;53.74;10;11277652762;S
20241009;104129;53.74;10;11277652763;S
20241009;104129;53.74;10;11277652764;S
20241009;104129;53.74;10;11277652765;S
20241009;104129;53.74;10;11277652766;S
20241009;104129;53.74;10;11277652767;S
20241009;104129;53.74;10;11277652768;S
20241009;104129;53.72;40;11277652769;S
20241009;104130;53.74;10;11277652875;S
20241009;104132;53.74;10;11277653084;S
20241009;104132;53.74;10;11277653085;S
20241009;104135;53.74;10;11277653494;S
20241009;104135;53.74;10;11277653495;S
20241009;104135;53.74;10;11277653497;S
20241009;104135;53.74;10;11277653498;S
20241009;104137;53.74;10;11277653664;S
20241009;104138;53.74;10;11277653812;S
20241009;104138;53.74;10;11277653813;S
20241009;104143;53.74;10;11277654427;S
20241009;104144;53.74;10;11277654597;S
20241009;104144;53.74;10;11277654598;S
20241009;104144;53.74;10;11277654599;S
20241009;104144;53.74;10;11277654600;S
20241009;104144;53.74;10;11277654601;S
20241009;104144;53.72;200;11277654602;S
20241009;104149;53.74;10;11277655244;S
20241009;104149;53.74;10;11277655245;S
20241009;104149;53.74;10;11277655246;S
20241009;104149;53.73;10;11277655247;S
20241009;104149;53.72;10;11277655248;S
20241009;104149;53.72;30;11277655249;S
20241009;104150;53.71;10;11277655281;S
20241009;104152;53.71;20;11277655666;S
20241009;104152;53.71;20;11277655669;S
20241009;104154;53.74;180;11277655873;B
20241009;104155;53.71;40;11277656076;S
20241009;104156;53.71;340;11277656155;S
20241009;104156;53.71;10;11277656156;S
20241009;104156;53.7;770;11277656157;S
20241009;104156;53.7;80;11277656165;S
20241009;104159;53.73;10;11277656821;B
20241009;104201;53.7;30;11277657386;S
20241009;104201;53.73;10;11277657423;B
20241009;104205;53.73;10;11277658103;B
20241009;104207;53.71;10;11277658271;S
20241009;104207;53.7;90;11277658272;S
20241009;104208;53.73;10;11277658381;B
20241009;104221;53.73;880;11277659718;B
20241009;104221;53.73;390;11277659719;B
20241009;104221;53.73;1000;11277659720;B
20241009;104221;53.74;370;11277659721;B
20241009;104221;53.74;2360;11277659722;B
20241009;104221;53.71;10;11277659780;S
20241009;104221;53.7;80;11277659781;S
20241009;104222;53.7;20;11277659940;S
20241009;104223;53.7;10;11277660016;S
20241009;104225;53.72;10;11277660199;B
20241009;104225;53.72;10;11277660226;B
20241009;104226;53.72;10;11277660359;B
20241009;104229;53.7;10;11277660738;S
20241009;104232;53.7;10;11277661250;S
20241009;104237;53.7;20;11277661821;S
20241009;104240;53.7;10;11277662159;S
20241009;104245;53.7;10;11277662650;S
20241009;104245;53.7;30;11277662651;S
20241009;104246;53.72;10;11277662815;B
20241009;104249;53.69;30;11277663149;S
20241009;104249;53.68;10;11277663204;S
20241009;104249;53.68;190;11277663273;S
20241009;104249;53.67;930;11277663274;S
20241009;104249;53.67;3720;11277663275;S
20241009;104249;53.66;50;11277663276;S
20241009;104249;53.66;1000;11277663277;S
20241009;104249;53.66;40;11277663278;S
20241009;104249;53.66;280;11277663279;S
20241009;104249;53.66;760;11277663280;S
20241009;104249;53.66;2030;11277663281;S
20241009;104249;53.66;20;11277663581;B
20241009;104253;53.65;10;11277664055;S
20241009;104253;53.66;10;11277664156;B
20241009;104254;53.65;10;11277664235;S
20241009;104254;53.64;100;11277664236;S
20241009;104254;53.64;10;11277664237;S
20241009;104255;53.64;10;11277664410;S
20241009;104256;53.64;10;11277664571;S
20241009;104257;53.64;10;11277664695;S
20241009;104257;53.65;10;11277664774;B
20241009;104258;53.65;10;11277664781;B
20241009;104259;53.64;30;11277665146;S
20241009;104259;53.65;10;11277665190;B
20241009;104259;53.64;950;11277665503;S
20241009;104303;53.64;10;11277667196;B
20241009;104303;53.63;10;11277667293;S
20241009;104303;53.63;10;11277667294;S
20241009;104303;53.63;10;11277667295;S
20241009;104303;53.63;10;11277667296;S
20241009;104303;53.63;10;11277667297;S
20241009;104303;53.63;10;11277667298;S
20241009;104303;53.63;10;11277667299;S
20241009;104303;53.63;10;11277667300;S
20241009;104303;53.63;10;11277667301;S
20241009;104303;53.63;10;11277667302;S
20241009;104303;53.63;10;11277667303;S
20241009;104303;53.63;10;11277667304;S
20241009;104303;53.63;10;11277667305;S
20241009;104303;53.63;10;11277667306;S
20241009;104303;53.63;10;11277667307;S
20241009;104303;53.63;10;11277667308;S
20241009;104303;53.63;10;11277667309;S
20241009;104303;53.63;10;11277667310;S
20241009;104303;53.63;10;11277667311;S
20241009;104303;53.63;10;11277667312;S
20241009;104303;53.63;10;11277667313;S
20241009;104303;53.63;10;11277667314;S
20241009;104303;53.63;10;11277667315;S
20241009;104303;53.63;10;11277667316;S
20241009;104303;53.63;10;11277667317;S
20241009;104303;53.63;120;11277667318;S
20241009;104303;53.63;10;11277667392;S
20241009;104303;53.63;10;11277667393;S
20241009;104303;53.63;10;11277667394;S
20241009;104303;53.63;10;11277667427;S
20241009;104303;53.62;40;11277667428;S
20241009;104304;53.63;10;11277667515;S
20241009;104304;53.62;260;11277667516;S
20241009;104304;53.62;130;11277667626;S
20241009;104304;53.62;400;11277667749;S
20241009;104305;53.63;10;11277668209;S
20241009;104305;53.63;10;11277668440;S
20241009;104305;53.62;30;11277668441;S
20241009;104305;53.63;10;11277668447;B
20241009;104305;53.63;10;11277668448;B
20241009;104305;53.63;10;11277668469;B
20241009;104307;53.62;190;11277668833;B
20241009;104309;53.61;20;11277669097;S
20241009;104310;53.61;40;11277669244;S
20241009;104310;53.61;40;11277669245;S
20241009;104310;53.61;640;11277669246;S
20241009;104310;53.61;50;11277669247;S
20241009;104310;53.61;180;11277669248;S
20241009;104311;53.6;50;11277669756;S
20241009;104311;53.6;180;11277669757;S
20241009;104317;53.61;10;11277671078;B
20241009;104317;53.61;50;11277671196;B
20241009;104318;53.6;3550;11277671393;S
20241009;104319;53.59;20;11277671482;S
20241009;104319;53.59;10;11277671483;S
20241009;104319;53.6;10;11277671674;B
20241009;104324;53.59;20;11277672641;S
20241009;104324;53.6;10;11277672708;B
20241009;104325;53.59;20;11277672908;S
20241009;104326;53.6;10;11277672945;B
20241009;104328;53.59;20;11277673353;S
20241009;104331;53.59;10;11277673857;S
20241009;104333;53.59;50;11277674240;S
20241009;104335;53.6;1170;11277674560;B
20241009;104335;53.6;250;11277674564;B
20241009;104335;53.6;190;11277674565;B
20241009;104335;53.61;270;11277674566;B
20241009;104335;53.61;170;11277674567;B
20241009;104335;53.61;280;11277674568;B
20241009;104335;53.62;210;11277674569;B
20241009;104335;53.64;390;11277674570;B
20241009;104337;53.64;10;11277674745;B
20241009;104337;53.64;140;11277674746;B
20241009;104340;53.62;200;11277675119;S
20241009;104341;53.62;60;11277675262;S
20241009;104343;53.62;20;11277675503;S
20241009;104345;53.63;20;11277675783;S
20241009;104345;53.63;120;11277675815;S
20241009;104348;53.65;10;11277676146;B
20241009;104350;53.64;10;11277676380;B
20241009;104353;53.64;10;11277676715;B
20241009;104354;53.64;10;11277676862;B
20241009;104355;53.64;10;11277677012;B
20241009;104357;53.61;10;11277677287;S
20241009;104359;53.61;140;11277677485;S
20241009;104406;53.64;10;11277678471;B
20241009;104407;53.64;10;11277678523;B
20241009;104408;53.63;10;11277678701;B
20241009;104409;53.63;10;11277678738;B
20241009;104410;53.64;10;11277678902;B
20241009;104411;53.64;100;11277678990;S
20241009;104411;53.65;10;11277679041;B
20241009;104412;53.64;30;11277679105;S
20241009;104412;53.64;50;11277679106;S
20241009;104413;53.66;10;11277679346;B
20241009;104419;53.62;60;11277680082;S
20241009;104421;53.62;10;11277680315;S
20241009;104423;53.62;10;11277680653;S
20241009;104424;53.62;10;11277680742;S
20241009;104430;53.64;10;11277681383;B
20241009;104430;53.65;10;11277681385;B
20241009;104430;53.66;10;11277681391;B
20241009;104430;53.66;10;11277681393;B
20241009;104430;53.66;10;11277681399;B
20241009;104431;53.61;50;11277681575;S
20241009;104437;53.64;10;11277682382;B
20241009;104438;53.64;10;11277682427;B
20241009;104440;53.61;40;11277682626;S
20241009;104440;53.64;100;11277682634;B
20241009;104440;53.65;290;11277682635;B
20241009;104443;53.61;30;11277683299;S
20241009;104443;53.65;10;11277683307;B
20241009;104444;53.61;210;11277683341;S
20241009;104444;53.65;10;11277683401;B
20241009;104444;53.61;190;11277683415;S
20241009;104446;53.65;10;11277683606;B
20241009;104446;53.61;10;11277683667;S
20241009;104447;53.65;10;11277683673;B
20241009;104447;53.65;10;11277683750;B
20241009;104448;53.65;10;11277683847;B
20241009;104448;53.65;10;11277683942;B
20241009;104451;53.62;80;11277684320;S
20241009;104451;53.65;70;11277684342;B
20241009;104451;53.66;330;11277684350;B
20241009;104451;53.68;10;11277684364;B
20241009;104453;53.67;10;11277684666;B
20241009;104455;53.68;10;11277684808;B
20241009;104456;53.68;10;11277684964;B
20241009;104456;53.68;10;11277684986;B
20241009;104457;53.64;10;11277685142;S
20241009;104457;53.64;30;11277685164;S
20241009;104457;53.64;5060;11277685165;S
20241009;104457;53.64;620;11277685166;S
20241009;104457;53.63;1500;11277685167;S
20241009;104457;53.63;880;11277685168;S
20241009;104457;53.63;1000;11277685169;S
20241009;104457;53.63;800;11277685170;S
20241009;104457;53.63;620;11277685171;S
20241009;104457;53.62;7720;11277685172;S
20241009;104457;53.62;1360;11277685173;S
20241009;104457;53.62;3720;11277685174;S
20241009;104457;53.6;560;11277685175;S
20241009;104457;53.6;3940;11277685176;S
20241009;104457;53.59;870;11277685177;S
20241009;104457;53.59;1000;11277685178;S
20241009;104457;53.59;6720;11277685179;S
20241009;104457;53.59;880;11277685180;S
20241009;104457;53.58;1000;11277685181;S
20241009;104457;53.58;10000;11277685182;S
20241009;104457;53.57;20;11277685183;S
20241009;104457;53.57;10;11277685184;S
20241009;104457;53.57;1000;11277685185;S
20241009;104457;53.57;70;11277685186;S
20241009;104457;53.57;9700;11277685187;S
20241009;104457;53.56;10;11277685188;S
20241009;104457;53.56;1000;11277685189;S
20241009;104457;53.56;10;11277685190;S
20241009;104457;53.56;10;11277685191;S
20241009;104457;53.56;4890;11277685192;S
20241009;104458;53.62;10;11277685288;B
20241009;104459;53.62;10;11277685422;B
20241009;104459;53.62;10;11277685445;B
20241009;104500;53.63;10;11277685530;B
20241009;104501;53.62;20;11277685772;B
20241009;104502;53.58;20;11277685827;S
20241009;104505;53.56;30;11277686354;S
20241009;104506;53.56;90;11277686400;S
20241009;104506;53.56;20;11277686410;S
20241009;104510;53.56;10;11277686987;S
20241009;104511;53.6;60;11277687074;B
20241009;104513;53.56;50;11277687353;S
20241009;104514;53.6;10;11277687386;B
20241009;104514;53.6;10;11277687394;B
20241009;104514;53.6;10;11277687433;B
20241009;104514;53.6;10;11277687438;B
20241009;104514;53.6;10;11277687444;B
20241009;104514;53.6;10;11277687484;B
20241009;104514;53.6;10;11277687488;B
20241009;104514;53.6;10;11277687495;B
20241009;104514;53.6;10;11277687505;B
20241009;104514;53.6;10;11277687521;B
20241009;104515;53.56;300;11277687687;S
20241009;104515;53.56;700;11277687688;S
20241009;104516;53.6;10;11277687814;B
20241009;104516;53.6;10;11277687835;B
20241009;104516;53.6;10;11277687841;B
20241009;104516;53.6;10;11277687850;B
20241009;104516;53.6;10;11277687857;B
20241009;104516;53.6;10;11277687861;B
20241009;104519;53.56;20;11277688120;S
20241009;104519;53.6;200;11277688285;B
20241009;104520;53.61;10;11277688428;B
20241009;104523;53.56;60;11277689105;S
20241009;104536;53.6;10;11277690751;B
20241009;104538;53.6;10;11277690981;B
20241009;104539;53.6;10;11277691218;B
20241009;104541;53.6;20;11277691452;B
20241009;104544;53.56;10;11277691762;S
20241009;104551;53.56;200;11277692862;S
20241009;104552;53.6;10;11277693015;B
20241009;104553;53.6;10;11277693203;B
20241009;104553;53.6;10;11277693228;B
20241009;104555;53.6;10;11277693598;B
20241009;104555;53.56;50;11277693653;S
20241009;104556;53.6;10;11277693827;B
20241009;104556;53.6;10;11277693851;B
20241009;104559;53.57;10;11277694185;S
20241009;104559;53.6;10;11277694208;B
20241009;104559;53.6;310;11277694213;B
20241009;104559;53.6;920;11277694217;B
20241009;104559;53.6;4890;11277694218;B
20241009;104559;53.61;40;11277694228;B
20241009;104559;53.62;950;11277694231;B
20241009;104559;53.64;600;11277694259;B
20241009;104559;53.64;10;11277694379;B
20241009;104604;53.61;20;11277695016;S
20241009;104604;53.61;100;11277695029;S
20241009;104609;53.61;10;11277695574;S
20241009;104613;53.64;50;11277696087;B
20241009;104613;53.64;50;11277696098;B
20241009;104613;53.64;50;11277696118;B
20241009;104613;53.64;50;11277696126;B
20241009;104613;53.64;50;11277696135;B
20241009;104613;53.64;50;11277696142;B
20241009;104613;53.64;50;11277696147;B
20241009;104614;53.64;50;11277696152;B
20241009;104614;53.64;50;11277696156;B
20241009;104614;53.64;50;11277696168;B
20241009;104614;53.64;40;11277696220;B
20241009;104614;53.64;10;11277696221;B
20241009;104615;53.64;10;11277696404;B
20241009;104615;53.64;10;11277696409;B
20241009;104615;53.64;10;11277696414;B
20241009;104616;53.61;80;11277696499;S
20241009;104621;53.61;10;11277697345;S
20241009;104625;53.64;10;11277697744;B
20241009;104625;53.64;10;11277697785;B
20241009;104625;53.64;10;11277697846;B
20241009;104626;53.64;10;11277697948;B
20241009;104626;53.64;10;11277697951;B
20241009;104627;53.64;10;11277698012;B
20241009;104628;53.64;10;11277698205;B
20241009;104630;53.64;10;11277698426;B
20241009;104630;53.64;10;11277698432;B
20241009;104630;53.64;10;11277698444;B
20241009;104634;53.64;100;11277699004;B
20241009;104634;53.62;450;11277699030;S
20241009;104635;53.61;80;11277699117;S
20241009;104635;53.61;20;11277699192;S
20241009;104641;53.61;80;11277699838;S
20241009;104641;53.61;80;11277699839;S
20241009;104641;53.61;10;11277699840;S
20241009;104641;53.61;210;11277699841;S
20241009;104643;53.61;140;11277700013;S
20241009;104643;53.61;70;11277700014;S
20241009;104643;53.61;30;11277700015;S
20241009;104643;53.61;90;11277700016;S
20241009;104643;53.61;100;11277700017;S
20241009;104643;53.61;1670;11277700018;S
20241009;104645;53.64;10;11277700097;B
20241009;104645;53.64;10;11277700103;B
20241009;104645;53.64;10;11277700141;B
20241009;104645;53.64;10;11277700169;B
20241009;104645;53.64;260;11277700203;B
20241009;104645;53.64;10;11277700222;B
20241009;104645;53.64;10;11277700228;B
20241009;104646;53.64;10;11277700377;B
20241009;104646;53.64;10;11277700381;B
20241009;104646;53.61;300;11277700411;S
20241009;104648;53.64;10;11277700654;B
20241009;104648;53.64;10;11277700662;B
20241009;104648;53.64;10;11277700668;B
20241009;104648;53.64;10;11277700677;B
20241009;104648;53.64;20;11277700678;B
20241009;104648;53.64;10;11277700683;B
20241009;104648;53.64;10;11277700689;B
20241009;104648;53.64;10;11277700696;B
20241009;104649;53.64;70;11277700711;B
20241009;104649;53.64;1710;11277700712;B
20241009;104649;53.65;10;11277700713;B
20241009;104649;53.65;40;11277700714;B
20241009;104649;53.65;1000;11277700715;B
20241009;104649;53.67;10;11277700720;B
20241009;104649;53.67;10;11277700740;B
20241009;104649;53.63;10;11277700772;S
20241009;104649;53.67;10;11277700802;B
20241009;104649;53.67;10;11277700814;B
20241009;104649;53.67;10;11277700990;B
20241009;104649;53.67;10;11277701001;B
20241009;104649;53.67;10;11277701009;B
20241009;104650;53.67;10;11277701017;B
20241009;104650;53.67;10;11277701023;B
20241009;104654;53.63;10;11277701575;S
20241009;104655;53.67;10;11277701628;B
20241009;104658;53.63;500;11277702008;S
20241009;104702;53.64;730;11277702452;S
20241009;104704;53.63;20;11277702720;S
20241009;104707;53.63;40;11277703098;S
20241009;104711;53.67;10;11277703668;B
20241009;104711;53.67;10;11277703673;B
20241009;104713;53.67;10;11277703876;B
20241009;104713;53.67;10;11277703894;B
20241009;104713;53.67;10;11277703899;B
20241009;104713;53.67;10;11277703900;B
20241009;104713;53.67;10;11277703902;B
20241009;104714;53.67;10;11277704013;B
20241009;104714;53.67;10;11277704018;B
20241009;104714;53.67;10;11277704038;B
20241009;104714;53.67;10;11277704042;B
20241009;104714;53.67;10;11277704048;B
20241009;104714;53.67;10;11277704051;B
20241009;104714;53.67;10;11277704055;B
20241009;104714;53.67;10;11277704063;B
20241009;104714;53.67;10;11277704068;B
20241009;104714;53.67;10;11277704071;B
20241009;104715;53.67;10;11277704074;B
20241009;104716;53.63;10;11277704240;S
20241009;104716;53.63;30;11277704241;S
20241009;104719;53.62;10;11277704593;S
20241009;104720;53.62;60;11277704653;S
20241009;104720;53.67;10;11277704675;B
20241009;104726;53.62;40;11277705359;S
20241009;104729;53.62;70;11277705681;S
20241009;104729;53.62;30;11277705694;S
20241009;104731;53.63;400;11277705849;S
20241009;104731;53.63;1100;11277705920;S
20241009;104731;53.62;650;11277705947;S
20241009;104731;53.61;70;11277705991;S
20241009;104731;53.61;3730;11277705992;S
20241009;104731;53.6;80;11277706007;S
20241009;104731;53.6;10;11277706008;S
20241009;104731;53.59;600;11277706154;S
20241009;104732;53.57;900;11277706393;S
20241009;104733;53.59;10;11277706766;B
20241009;104734;53.57;110;11277706960;S
20241009;104735;53.59;10;11277707103;B
20241009;104736;53.59;10;11277707150;B
20241009;104736;53.59;10;11277707153;B
20241009;104741;53.57;60;11277707712;S
20241009;104743;53.57;200;11277707819;S
20241009;104743;53.57;60;11277707872;S
20241009;104744;53.57;70;11277707978;S
20241009;104747;53.57;20;11277708423;S
20241009;104750;53.6;10;11277708900;B
20241009;104750;53.56;20;11277708922;S
20241009;104751;53.6;10;11277708999;B
20241009;104753;53.6;10;11277709223;B
20241009;104753;53.6;10;11277709235;B
20241009;104753;53.6;10;11277709248;B
20241009;104753;53.6;10;11277709257;B
20241009;104753;53.6;10;11277709268;B
20241009;104753;53.6;10;11277709277;B
20241009;104756;53.61;10;11277709590;B
20241009;104756;53.63;10;11277709598;B
20241009;104757;53.59;60;11277709814;S
20241009;104800;53.63;30;11277710144;B
20241009;104800;53.63;30;11277710148;B
20241009;104800;53.59;10;11277710150;S
20241009;104800;53.63;30;11277710155;B
20241009;104800;53.62;30;11277710189;B
20241009;104800;53.62;30;11277710195;B
20241009;104800;53.62;30;11277710198;B
20241009;104800;53.62;30;11277710221;B
20241009;104800;53.63;30;11277710227;B
20241009;104800;53.63;20;11277710232;B
20241009;104801;53.63;10;11277710386;B
20241009;104801;53.63;10;11277710390;B
20241009;104801;53.63;10;11277710393;B
20241009;104801;53.63;10;11277710398;B
20241009;104802;53.63;10;11277710424;B
20241009;104802;53.63;10;11277710430;B
20241009;104802;53.63;10;11277710437;B
20241009;104802;53.63;10;11277710453;B
20241009;104802;53.63;10;11277710462;B
20241009;104802;53.63;10;11277710466;B
20241009;104804;53.63;10;11277710683;B
20241009;104805;53.61;20;11277710832;S
20241009;104806;53.6;10;11277710985;S
20241009;104810;53.6;880;11277711427;S
20241009;104810;53.6;530;11277711428;S
20241009;104812;53.6;60;11277711736;S
20241009;104813;53.59;30;11277711871;S
20241009;104815;53.59;970;11277712173;S
20241009;104815;53.59;150;11277712174;S
20241009;104815;53.59;740;11277712175;S
20241009;104815;53.58;3730;11277712176;S
20241009;104815;53.58;720;11277712177;S
20241009;104815;53.57;20;11277712178;S
20241009;104815;53.57;1000;11277712179;S
20241009;104815;53.57;880;11277712180;S
20241009;104815;53.57;3980;11277712181;S
20241009;104815;53.57;100;11277712182;S
20241009;104815;53.56;2000;11277712183;S
20241009;104815;53.56;710;11277712184;S
20241009;104816;53.55;20;11277712256;S
20241009;104818;53.58;720;11277712491;B
20241009;104818;53.58;880;11277712492;B
20241009;104818;53.59;1450;11277712493;B
20241009;104818;53.59;70;11277712494;B
20241009;104818;53.6;1000;11277712495;B
20241009;104818;53.61;240;11277712496;B
20241009;104818;53.61;2100;11277712497;B
20241009;104819;53.6;20;11277712525;B
20241009;104820;53.6;10;11277712731;B
20241009;104823;53.63;20;11277713018;B
20241009;104825;53.59;40;11277713238;S
20241009;104826;53.59;30;11277713330;S
20241009;104828;53.59;850;11277713554;S
20241009;104828;53.59;1650;11277713555;S
20241009;104828;53.57;20;11277713616;S
20241009;104831;53.57;10;11277714033;S
20241009;104831;53.59;20;11277714069;S
20241009;104835;53.58;80;11277714454;S
20241009;104836;53.6;10;11277714652;B
20241009;104837;53.59;10;11277714859;S
20241009;104839;53.6;10;11277715112;B
20241009;104839;53.62;10;11277715113;B
20241009;104846;53.59;50;11277716058;S
20241009;104850;53.59;10;11277716691;S
20241009;104851;53.59;10;11277716872;S
20241009;104854;53.6;10;11277717295;B
20241009;104858;53.58;10;11277717977;S
20241009;104859;53.6;10;11277718157;B
20241009;104900;53.59;40;11277718237;S
20241009;104901;53.58;10;11277718380;S
20241009;104903;53.6;10;11277718530;B
20241009;104904;53.58;10;11277718674;S
20241009;104907;53.58;30;11277719124;S
20241009;104908;53.6;10;11277719305;B
20241009;104909;53.59;10;11277719441;S
20241009;104909;53.6;10;11277719559;B
20241009;104910;53.61;180;11277719754;S
20241009;104912;53.65;10;11277719970;B
20241009;104912;53.6;10;11277719988;S
20241009;104919;53.65;10;11277720847;S
20241009;104919;53.64;100;11277720851;S
20241009;104919;53.62;20;11277720913;S
20241009;104920;53.65;10;11277720986;B
20241009;104920;53.65;10;11277721074;B
20241009;104920;53.65;1780;11277721105;B
20241009;104920;53.65;40;11277721106;B
20241009;104920;53.67;30;11277721122;B
20241009;104929;53.65;30;11277722149;S
20241009;104929;53.65;40;11277722159;S
20241009;104933;53.65;80;11277722620;S
20241009;104934;53.65;50;11277722703;S
20241009;104938;53.65;10;11277723133;S
20241009;104939;53.65;100;11277723162;S
20241009;104942;53.65;90;11277723490;S
20241009;104943;53.65;200;11277723555;S
20241009;104945;53.65;40;11277723777;S
20241009;104947;53.67;20;11277723968;B
20241009;104951;53.65;330;11277724472;S
20241009;104951;53.65;10;11277724473;S
20241009;104951;53.65;10;11277724474;S
20241009;104951;53.65;10;11277724475;S
20241009;104951;53.65;10;11277724476;S
20241009;104951;53.65;10;11277724477;S
20241009;104951;53.65;10;11277724478;S
20241009;104951;53.65;10;11277724479;S
20241009;104951;53.65;10;11277724480;S
20241009;104951;53.65;20;11277724481;S
20241009;104951;53.65;10;11277724482;S
20241009;104951;53.65;10;11277724483;S
20241009;104951;53.65;10;11277724484;S
20241009;104951;53.64;530;11277724485;S
20241009;104951;53.64;310;11277724486;S
20241009;104951;53.63;320;11277724487;S
20241009;104951;53.62;10;11277724490;S
20241009;104951;53.65;10;11277724491;S
20241009;104951;53.65;10;11277724492;S
20241009;104951;53.65;10;11277724493;S
20241009;104951;53.65;20;11277724494;B
20241009;104951;53.65;10;11277724495;B
20241009;104951;53.65;10;11277724496;B
20241009;104951;53.65;10;11277724497;B
20241009;104951;53.65;10;11277724502;B
20241009;104951;53.65;10;11277724503;B
20241009;104951;53.65;20;11277724504;B
20241009;104951;53.65;10;11277724507;B
20241009;104951;53.65;20;11277724511;B
20241009;104951;53.65;20;11277724518;B
20241009;104951;53.65;20;11277724522;B
20241009;104951;53.65;20;11277724530;B
20241009;104951;53.65;20;11277724539;B
20241009;104951;53.65;20;11277724548;B
20241009;104952;53.65;20;11277724568;B
20241009;104952;53.62;10;11277724643;S
20241009;104953;53.62;80;11277724730;S
20241009;104953;53.6;180;11277724731;S
20241009;104953;53.6;620;11277724732;S
20241009;104953;53.6;10;11277724764;S
20241009;104955;53.6;20;11277725023;S
20241009;105002;53.6;160;11277725759;S
20241009;105003;53.6;10;11277725956;S
20241009;105004;53.6;10;11277725964;S
20241009;105004;53.6;10;11277725995;S
20241009;105004;53.64;10;11277726024;B
20241009;105008;53.59;10;11277726787;S
20241009;105009;53.59;90;11277726993;S
20241009;105009;53.59;200;11277726994;S
20241009;105009;53.57;30;11277727031;S
20241009;105009;53.57;920;11277727032;S
20241009;105009;53.57;380;11277727121;S
20241009;105009;53.56;100;11277727228;S
20241009;105009;53.56;50;11277727229;S
20241009;105010;53.57;20;11277727419;B
20241009;105013;53.56;40;11277727985;S
20241009;105015;53.57;270;11277728261;B
20241009;105018;53.56;20;11277728589;S
20241009;105020;53.58;60;11277728983;B
20241009;105020;53.56;60;11277728995;S
20241009;105023;53.58;110;11277729458;B
20241009;105023;53.58;490;11277729459;B
20241009;105023;53.59;490;11277729460;B
20241009;105023;53.59;880;11277729461;B
20241009;105023;53.6;10;11277729462;B
20241009;105023;53.6;10;11277729463;B
20241009;105023;53.6;10;11277729464;B
20241009;105023;53.6;10;11277729465;B
20241009;105023;53.6;1000;11277729466;B
20241009;105023;53.6;10;11277729467;B
20241009;105023;53.6;10;11277729468;B
20241009;105023;53.61;4010;11277729469;B
20241009;105024;53.59;10;11277729741;S
20241009;105034;53.6;10;11277731019;B
20241009;105034;53.58;30;11277731022;S
20241009;105036;53.58;30;11277731283;S
20241009;105040;53.58;20;11277731850;S
20241009;105043;53.58;40;11277732115;S
20241009;105043;53.58;40;11277732116;S
20241009;105043;53.6;10;11277732138;B
20241009;105043;53.6;10;11277732139;B
20241009;105043;53.6;10;11277732148;B
20241009;105043;53.61;10;11277732149;B
20241009;105043;53.6;10;11277732157;B
20241009;105043;53.62;10;11277732158;B
20241009;105043;53.6;10;11277732168;B
20241009;105043;53.6;10;11277732169;B
20241009;105043;53.61;10;11277732174;S
20241009;105043;53.64;20;11277732175;B
20241009;105043;53.6;10;11277732192;S
20241009;105043;53.64;20;11277732193;B
20241009;105043;53.64;20;11277732197;B
20241009;105043;53.64;20;11277732206;B
20241009;105043;53.64;20;11277732222;B
20241009;105043;53.64;20;11277732227;B
20241009;105045;53.62;100;11277732486;S
20241009;105046;53.62;10;11277732831;S
20241009;105051;53.62;30;11277733555;S
20241009;105055;53.64;30;11277734041;B
20241009;105056;53.62;50;11277734088;S
20241009;105058;53.64;40;11277734250;B
20241009;105059;53.62;10;11277734365;S
20241009;105101;53.64;10;11277734596;B
20241009;105102;53.62;10;11277734626;S
20241009;105105;53.62;100;11277734890;S
20241009;105105;53.62;1250;11277734891;S
20241009;105105;53.62;610;11277734892;S
20241009;105105;53.62;330;11277734893;S
20241009;105105;53.62;140;11277734894;S
20241009;105105;53.62;110;11277734895;S
20241009;105105;53.61;780;11277734896;S
20241009;105106;53.62;10;11277734996;B
20241009;105106;53.62;10;11277735009;B
20241009;105106;53.62;10;11277735013;B
20241009;105106;53.62;10;11277735021;B
20241009;105106;53.65;10;11277735025;B
20241009;105107;53.65;10;11277735198;B
20241009;105107;53.65;10;11277735200;B
20241009;105110;53.65;10;11277735517;B
20241009;105110;53.65;10;11277735526;B
20241009;105110;53.65;10;11277735529;B
20241009;105110;53.65;10;11277735530;B
20241009;105110;53.65;10;11277735532;B
20241009;105111;53.65;10;11277735536;B
20241009;105111;53.65;10;11277735544;B
20241009;105112;53.61;20;11277735668;S
20241009;105116;53.64;10;11277736060;B
20241009;105117;53.61;10;11277736070;S
20241009;105118;53.61;10;11277736183;S
20241009;105119;53.6;120;11277736259;S
20241009;105121;53.6;60;11277736519;S
20241009;105129;53.61;580;11277737471;S
20241009;105129;53.61;200;11277737472;S
20241009;105130;53.61;20;11277737607;S
20241009;105131;53.61;70;11277737632;S
20241009;105136;53.61;50;11277738235;S
20241009;105136;53.61;20;11277738236;S
20241009;105136;53.6;30;11277738237;S
20241009;105136;53.6;40;11277738238;S
20241009;105140;53.6;70;11277738850;S
20241009;105140;53.6;60;11277738852;S
20241009;105141;53.6;10;11277738963;S
20241009;105144;53.61;50;11277739401;S
20241009;105149;53.61;130;11277739947;S
20241009;105149;53.61;70;11277739948;S
20241009;105150;53.6;30;11277740031;S
20241009;105204;53.6;10;11277741535;S
20241009;105205;53.6;10;11277741615;S
20241009;105209;53.6;510;11277742135;S
20241009;105209;53.6;70;11277742136;S
20241009;105209;53.6;70;11277742137;S
20241009;105210;53.62;10;11277742199;B
20241009;105211;53.62;20;11277742285;B
20241009;105211;53.6;50;11277742291;S
20241009;105220;53.61;30;11277743028;S
20241009;105220;53.61;50;11277743029;S
20241009;105227;53.6;80;11277743620;S
20241009;105231;53.62;20;11277744122;B
20241009;105232;53.6;10;11277744257;S
20241009;105233;53.59;20;11277744443;S
20241009;105235;53.59;10;11277744614;S
20241009;105242;53.59;10;11277745114;S
20241009;105242;53.59;50;11277745127;S
20241009;105249;53.63;10;11277745964;B
20241009;105251;53.64;140;11277746276;B
20241009;105257;53.6;10;11277747165;S
20241009;105259;53.6;10;11277747376;S
20241009;105301;53.65;10;11277747649;B
20241009;105304;53.63;10;11277747983;S
20241009;105308;53.65;80;11277748482;B
20241009;105308;53.65;360;11277748483;B
20241009;105309;53.62;10;11277748594;S
20241009;105310;53.62;20;11277748662;S
20241009;105317;53.62;10;11277749318;S
20241009;105332;53.61;20;11277751281;S
20241009;105344;53.61;100;11277752517;S
20241009;105345;53.61;100;11277752547;S
20241009;105345;53.61;60;11277752573;S
20241009;105353;53.61;10;11277753185;S
20241009;105356;53.61;10;11277753467;S
20241009;105356;53.61;10;11277753473;S
20241009;105357;53.61;80;11277753485;S
20241009;105400;53.62;10;11277753761;S
20241009;105401;53.61;40;11277753850;S
20241009;105406;53.61;20;11277754318;S
20241009;105406;53.61;70;11277754332;S
20241009;105406;53.61;150;11277754333;S
20241009;105417;53.65;150;11277755211;B
20241009;105418;53.61;10;11277755391;S
20241009;105420;53.61;30;11277755491;S
20241009;105427;53.61;790;11277756272;S
20241009;105427;53.61;160;11277756314;S
20241009;105427;53.61;600;11277756454;S
20241009;105427;53.6;180;11277756463;S
20241009;105427;53.6;10;11277756464;S
20241009;105427;53.6;630;11277756465;S
20241009;105427;53.6;890;11277756466;S
20241009;105429;53.6;20;11277756729;S
20241009;105435;53.61;10;11277757495;B
20241009;105439;53.6;30;11277758106;S
20241009;105441;53.61;20;11277758283;B
20241009;105441;53.61;10;11277758301;S
20241009;105450;53.61;10;11277759306;S
20241009;105450;53.61;10;11277759307;S
20241009;105450;53.61;10;11277759308;S
20241009;105450;53.6;30;11277759309;S
20241009;105450;53.61;20;11277759313;B
20241009;105454;53.61;10;11277759776;S
20241009;105454;53.61;10;11277759931;S
20241009;105454;53.61;10;11277759932;S
20241009;105454;53.6;610;11277759933;S
20241009;105454;53.61;20;11277760064;S
20241009;105454;53.6;600;11277760082;S
20241009;105455;53.61;20;11277760228;S
20241009;105455;53.61;20;11277760284;B
20241009;105455;53.61;20;11277760287;B
20241009;105455;53.61;20;11277760290;B
20241009;105455;53.61;20;11277760294;B
20241009;105457;53.61;20;11277760561;S
20241009;105457;53.6;780;11277760605;S
20241009;105458;53.6;100;11277760700;S
20241009;105500;53.6;210;11277760907;S
20241009;105504;53.6;40;11277761417;S
20241009;105518;53.6;220;11277762542;S
20241009;105518;53.6;150;11277762554;S
20241009;105518;53.61;20;11277762623;B
20241009;105521;53.6;10;11277762793;S
20241009;105521;53.61;20;11277762813;B
20241009;105521;53.61;20;11277762814;B
20241009;105521;53.61;40;11277762815;B
20241009;105521;53.61;100;11277762816;B
20241009;105521;53.61;10;11277762817;B
20241009;105521;53.61;20;11277762818;B
20241009;105521;53.61;20;11277762819;B
20241009;105521;53.61;220;11277762820;B
20241009;105521;53.62;900;11277762821;B
20241009;105521;53.63;650;11277762822;B
20241009;105526;53.6;30;11277763138;S
20241009;105526;53.62;170;11277763210;B
20241009;105526;53.64;950;11277763211;B
20241009;105526;53.65;990;11277763212;B
20241009;105526;53.65;3720;11277763213;B
20241009;105526;53.65;880;11277763214;B
20241009;105526;53.65;950;11277763215;B
20241009;105526;53.66;900;11277763216;B
20241009;105526;53.66;1440;11277763217;B
20241009;105528;53.61;20;11277763365;S
20241009;105529;53.64;60;11277763372;B
20241009;105539;53.62;20;11277764099;S
20241009;105539;53.61;980;11277764100;S
20241009;105540;53.63;10;11277764187;B
20241009;105549;53.61;20;11277765199;S
20241009;105607;53.61;10;11277767281;S
20241009;105610;53.61;90;11277767606;S
20241009;105620;53.61;10;11277769034;S
20241009;105623;53.61;30;11277769287;S
20241009;105624;53.63;130;11277769548;B
20241009;105624;53.63;10;11277769549;B
20241009;105624;53.63;20;11277769550;B
20241009;105624;53.64;630;11277769551;B
20241009;105624;53.65;1000;11277769552;B
20241009;105624;53.65;180;11277769553;B
20241009;105626;53.65;20;11277769721;B
20241009;105628;53.61;50;11277770145;S
20241009;105636;53.61;210;11277770768;S
20241009;105644;53.61;2330;11277771611;S
20241009;105644;53.61;10;11277771612;S
20241009;105644;53.61;10;11277771613;S
20241009;105644;53.61;10;11277771614;S
20241009;105644;53.61;120;11277771615;S
20241009;105644;53.61;80;11277771616;S
20241009;105644;53.61;100;11277771617;S
20241009;105644;53.61;90;11277771618;S
20241009;105644;53.61;10;11277771619;S
20241009;105644;53.61;10;11277771620;S
20241009;105644;53.61;120;11277771621;S
20241009;105644;53.61;370;11277771622;S
20241009;105644;53.61;20;11277771623;S
20241009;105644;53.61;300;11277771624;S
20241009;105644;53.61;10;11277771625;S
20241009;105644;53.6;910;11277771626;S
20241009;105649;53.63;10;11277772031;B
20241009;105649;53.61;10;11277772105;S
20241009;105651;53.61;10;11277772194;S
20241009;105651;53.61;10;11277772195;S
20241009;105651;53.61;10;11277772196;S
20241009;105651;53.61;470;11277772197;S
20241009;105652;53.61;10;11277772313;S
20241009;105652;53.61;10;11277772314;S
20241009;105652;53.61;10;11277772315;S
20241009;105652;53.6;60;11277772316;S
20241009;105656;53.61;10;11277772707;S
20241009;105700;53.61;10;11277773067;S
20241009;105700;53.61;10;11277773068;S
20241009;105700;53.61;10;11277773140;S
20241009;105702;53.63;10;11277773350;B
20241009;105707;53.6;20;11277773867;S
20241009;105708;53.6;10;11277773902;S
20241009;105709;53.6;220;11277774066;S
20241009;105710;53.6;30;11277774092;S
20241009;105711;53.6;20;11277774215;S
