<DATE>;<TIME>;<LAST>;<VOL>;<ID>;<OPER>
20241014;095939;52.97;30;11291470142;S
20241014;095939;52.97;90;11291470143;S
20241014;095939;52.97;20;11291470144;S
20241014;095939;52.97;10;11291470145;S
20241014;095939;52.97;20;11291470146;B
20241014;095939;52.97;510;11291470147;B
20241014;095939;52.97;690;11291470148;B
20241014;095939;52.97;20;11291470149;B
20241014;095939;52.97;20;11291470150;B
20241014;095939;52.97;30;11291470151;B
20241014;095939;52.97;190;11291470152;B
20241014;095939;52.97;20;11291470153;B
20241014;095939;52.97;10;11291470154;B
20241014;095939;52.97;310;11291470155;B
20241014;095939;52.97;1000;11291470156;B
20241014;095939;52.97;170;11291470157;B
20241014;095939;52.97;10;11291470158;B
20241014;095939;52.97;50;11291470159;B
20241014;095939;52.97;10;11291470160;B
20241014;095939;52.97;10;11291470161;B
20241014;095939;52.97;10;11291470162;B
20241014;095939;52.97;20;11291470163;B
20241014;095939;52.97;20;11291470164;B
20241014;095939;52.97;20;11291470165;B
20241014;095939;52.97;50;11291470166;B
20241014;095939;52.97;10;11291470167;S
20241014;095939;52.97;10;11291470168;B
20241014;095939;52.97;20;11291470169;B
20241014;095939;52.97;10;11291470170;B
20241014;095939;52.97;1500;11291470171;B
20241014;095939;52.97;600;11291470172;B
20241014;095939;52.97;20;11291470173;B
20241014;095939;52.97;2000;11291470174;B
20241014;095939;52.97;20;11291470175;B
20241014;095939;52.97;20;11291470176;B
20241014;095939;52.97;20;11291470177;B
20241014;095939;52.97;4080;11291470178;B
20241014;095939;52.97;920;11291470179;S
20241014;095939;52.97;10;11291470180;S
20241014;095939;52.97;50;11291470181;S
20241014;095939;52.97;10;11291470182;S
20241014;095939;52.97;10;11291470183;S
20241014;095939;52.97;10;11291470184;S
20241014;095939;52.97;10;11291470185;S
20241014;095939;52.97;10;11291470186;S
20241014;095939;52.97;10;11291470187;S
20241014;095939;52.97;10;11291470188;S
20241014;095939;52.97;150;11291470189;S
20241014;095939;52.97;20;11291470190;S
20241014;095939;52.97;10;11291470191;S
20241014;095939;52.97;10;11291470192;S
20241014;095939;52.97;760;11291470193;S
20241014;095939;52.97;140;11291470194;S
20241014;095939;52.97;10;11291470195;S
20241014;095939;52.97;130;11291470196;S
20241014;095939;52.97;10;11291470197;S
20241014;095939;52.97;50;11291470198;S
20241014;095939;52.97;20;11291470199;S
20241014;095939;52.97;10;11291470200;S
20241014;095939;52.97;30;11291470201;S
20241014;095939;52.97;10;11291470202;S
20241014;095939;52.97;30;11291470203;S
20241014;095939;52.97;10;11291470204;S
20241014;095939;52.97;10;11291470205;S
20241014;095939;52.97;10;11291470206;S
20241014;095939;52.97;10;11291470207;S
20241014;095939;52.97;10;11291470208;S
20241014;095939;52.97;30;11291470209;S
20241014;095939;52.97;10;11291470210;S
20241014;095939;52.97;10;11291470211;S
20241014;095939;52.97;1620;11291470212;S
20241014;095939;52.97;20;11291470213;S
20241014;095939;52.97;10;11291470214;S
20241014;095939;52.97;10;11291470215;S
20241014;095939;52.97;10;11291470216;S
20241014;095939;52.97;10;11291470217;S
20241014;095939;52.97;10;11291470218;S
20241014;095939;52.97;10;11291470219;S
20241014;095939;52.97;10;11291470220;S
20241014;095939;52.97;200;11291470221;S
20241014;095939;52.97;10;11291470222;S
20241014;095939;52.97;10;11291470223;S
20241014;095939;52.97;10;11291470224;S
20241014;095939;52.97;10;11291470225;S
20241014;095939;52.97;10;11291470226;S
20241014;095939;52.97;10;11291470227;S
20241014;095939;52.97;10;11291470228;S
20241014;095939;52.97;190;11291470229;S
20241014;095939;52.97;100;11291470230;S
20241014;095939;52.97;10;11291470231;S
20241014;095939;52.97;20;11291470232;S
20241014;095939;52.97;50;11291470233;S
20241014;095939;52.97;20;11291470234;S
20241014;095939;52.97;10;11291470235;S
20241014;095939;52.97;20;11291470236;S
20241014;095939;52.97;10;11291470237;S
20241014;095939;52.97;10;11291470238;S
20241014;095939;52.97;10;11291470239;S
20241014;095939;52.97;10;11291470240;S
20241014;095939;52.97;10;11291470241;S
20241014;095939;52.97;10;11291470242;S
20241014;095939;52.97;10;11291470243;S
20241014;095939;52.97;10;11291470244;S
20241014;095939;52.97;20;11291470245;S
20241014;095939;52.97;10;11291470246;S
20241014;095939;52.97;20;11291470247;S
20241014;095939;52.97;10;11291470248;S
20241014;095939;52.97;10;11291470249;S
20241014;095939;52.97;10;11291470250;S
20241014;095939;52.97;20;11291470251;S
20241014;095939;52.97;10;11291470252;S
20241014;095939;52.97;100;11291470253;S
20241014;095939;52.97;10;11291470254;S
20241014;095939;52.97;10;11291470255;S
20241014;095939;52.97;10;11291470256;S
20241014;095939;52.97;30;11291470257;S
20241014;095939;52.97;10;11291470258;S
20241014;095939;52.97;10;11291470259;S
20241014;095939;52.97;10;11291470260;S
20241014;095939;52.97;10;11291470261;S
20241014;095939;52.97;10;11291470262;S
20241014;095939;52.97;10;11291470263;S
20241014;095939;52.97;100;11291470264;S
20241014;095939;52.97;10;11291470265;S
20241014;095939;52.97;20;11291470266;S
20241014;095939;52.97;10;11291470267;S
20241014;095939;52.97;10;11291470268;S
20241014;095939;52.97;20;11291470269;S
20241014;095939;52.97;20;11291470270;S
20241014;095939;52.97;60;11291470271;S
20241014;095939;52.97;20;11291470272;S
20241014;095939;52.97;30;11291470273;S
20241014;095939;52.97;20;11291470274;S
20241014;095939;52.97;10;11291470275;S
20241014;095939;52.97;10;11291470276;S
20241014;095939;52.97;10;11291470277;S
20241014;095939;52.97;30;11291470278;S
20241014;095939;52.97;450;11291470279;S
20241014;095939;52.97;10;11291470280;S
20241014;095939;52.97;10;11291470281;S
20241014;095939;52.97;10;11291470282;S
20241014;095939;52.97;10;11291470283;S
20241014;095939;52.97;10;11291470284;S
20241014;095939;52.97;120;11291470285;S
20241014;095939;52.97;10;11291470286;S
20241014;095939;52.97;100;11291470287;S
20241014;095939;52.97;20;11291470288;S
20241014;095939;52.97;20;11291470289;S
20241014;095939;52.97;10;11291470290;S
20241014;095939;52.97;100;11291470291;S
20241014;095939;52.97;10;11291470292;S
20241014;095939;52.97;40;11291470293;S
20241014;095939;52.97;50;11291470294;S
20241014;095939;52.97;20;11291470295;S
20241014;095939;52.97;20;11291470296;S
20241014;095939;52.97;20;11291470297;S
20241014;095939;52.97;50;11291470298;S
20241014;095939;52.97;100;11291470299;S
20241014;095939;52.97;30;11291470300;S
20241014;095939;52.97;30;11291470301;S
20241014;095939;52.97;20;11291470302;S
20241014;095939;52.97;20;11291470303;S
20241014;095939;52.97;10;11291470304;S
20241014;095939;52.97;2000;11291470305;S
20241014;095939;52.97;330;11291470306;S
20241014;095939;52.97;10;11291470307;S
20241014;095939;52.97;400;11291470308;S
20241014;095939;52.97;30;11291470309;S
20241014;095939;52.97;10;11291470310;S
20241014;095939;52.97;10;11291470311;S
20241014;095939;52.97;100;11291470312;S
20241014;095939;52.97;20;11291470313;S
20241014;095939;52.97;50;11291470314;S
20241014;095939;52.97;940;11291470315;S
20241014;095939;52.97;20;11291470316;S
20241014;095939;52.97;100;11291470317;S
20241014;095939;52.97;50;11291470318;S
20241014;095939;52.97;10;11291470319;B
20241014;095939;52.97;10;11291470320;S
20241014;095939;52.97;10;11291470321;S
20241014;095939;52.97;30;11291470322;S
20241014;095939;52.97;60;11291470323;S
20241014;095939;52.97;10;11291470324;S
20241014;095939;52.97;10;11291470325;S
20241014;100001;52.96;370;11291479418;S
20241014;100001;52.96;1000;11291480042;S
20241014;100002;52.96;260;11291480118;S
20241014;100002;52.96;2000;11291480268;S
20241014;100002;52.96;420;11291480384;S
20241014;100004;52.97;10;11291482653;B
20241014;100004;52.97;10;11291482657;B
20241014;100004;52.96;1000;11291482659;S
20241014;100004;52.97;10;11291482663;B
20241014;100004;52.97;10;11291482664;B
20241014;100004;52.96;10;11291482668;S
20241014;100004;52.96;10;11291482669;S
20241014;100004;52.97;10;11291482675;B
20241014;100004;52.97;10;11291482680;B
20241014;100004;52.96;10;11291482687;S
20241014;100005;52.96;200;11291483340;S
20241014;100005;52.96;460;11291483341;S
20241014;100005;52.96;220;11291483342;S
20241014;100005;52.96;10;11291483343;S
20241014;100005;52.96;10;11291483344;S
20241014;100005;52.96;10;11291483345;S
20241014;100005;52.95;70;11291483346;S
20241014;100005;52.95;20;11291483347;S
20241014;100005;52.96;400;11291483353;B
20241014;100005;52.96;10;11291484393;S
20241014;100005;52.96;20;11291484401;S
20241014;100005;52.97;10;11291484412;B
20241014;100005;52.97;20;11291484418;B
20241014;100005;52.97;10;11291484430;B
20241014;100005;52.96;10;11291484435;S
20241014;100005;52.97;10;11291484473;B
20241014;100005;52.97;10;11291484494;B
20241014;100005;52.96;30;11291484496;S
20241014;100005;52.96;20;11291484501;S
20241014;100005;52.97;10;11291484513;B
20241014;100005;52.97;10;11291484535;B
20241014;100005;52.96;20;11291484543;S
20241014;100005;52.97;10;11291484550;B
20241014;100005;52.97;10;11291484589;B
20241014;100005;52.97;10;11291484626;B
20241014;100005;52.96;10;11291484638;S
20241014;100005;52.96;10;11291484941;S
20241014;100005;52.97;20;11291484952;B
20241014;100005;52.97;10;11291484967;B
20241014;100005;52.96;20;11291484977;S
20241014;100005;52.96;10;11291484997;S
20241014;100005;52.96;20;11291485005;S
20241014;100005;52.96;20;11291485022;S
20241014;100005;52.97;10;11291485047;B
20241014;100005;52.97;10;11291485057;B
20241014;100005;52.96;20;11291485080;S
20241014;100005;52.97;20;11291485099;B
20241014;100005;52.97;10;11291485117;B
20241014;100005;52.97;10;11291485151;B
20241014;100005;52.97;10;11291486061;B
20241014;100005;52.97;10;11291486074;B
20241014;100005;52.97;20;11291486099;B
20241014;100005;52.96;20;11291486112;S
20241014;100005;52.96;20;11291486122;S
20241014;100005;52.97;10;11291486144;B
20241014;100005;52.97;10;11291486160;B
20241014;100005;52.97;10;11291486177;B
20241014;100005;52.97;10;11291486231;B
20241014;100005;52.97;10;11291486246;B
20241014;100005;52.97;60;11291486263;B
20241014;100005;52.97;10;11291486307;B
20241014;100005;52.96;30;11291486327;S
20241014;100005;52.97;10;11291486339;B
20241014;100005;52.96;10;11291486346;S
20241014;100005;52.97;10;11291486361;B
20241014;100005;52.97;10;11291486384;B
20241014;100005;52.97;10;11291486408;B
20241014;100005;52.97;10;11291486438;B
20241014;100005;52.96;10;11291486457;S
20241014;100005;52.97;10;11291486475;B
20241014;100005;52.97;10;11291486496;B
20241014;100005;52.96;20;11291486513;S
20241014;100005;52.96;10;11291486539;S
20241014;100005;52.97;20;11291486554;B
20241014;100005;52.97;10;11291486599;B
20241014;100005;52.97;10;11291486620;B
20241014;100005;52.96;20;11291486634;S
20241014;100005;52.97;10;11291486666;B
20241014;100005;52.97;10;11291486669;B
20241014;100006;52.96;10;11291486680;S
20241014;100006;52.96;30;11291486725;S
20241014;100006;52.96;20;11291486737;S
20241014;100006;52.97;20;11291486746;B
20241014;100006;52.97;30;11291486755;B
20241014;100006;52.97;20;11291486775;B
20241014;100006;52.97;10;11291486784;B
20241014;100006;52.97;20;11291486800;B
20241014;100006;52.96;20;11291486801;S
20241014;100006;52.96;20;11291486820;S
20241014;100006;52.96;10;11291486825;S
20241014;100006;52.96;20;11291486829;S
20241014;100006;52.97;10;11291486852;B
20241014;100006;52.96;10;11291486867;S
20241014;100006;52.97;10;11291486914;B
20241014;100006;52.97;10;11291486921;B
20241014;100006;52.96;4380;11291490827;S
20241014;100006;52.95;130;11291490828;S
20241014;100006;52.95;10;11291490829;S
20241014;100006;52.95;10;11291490830;S
20241014;100006;52.95;70;11291490831;S
20241014;100006;52.95;390;11291490832;S
20241014;100006;52.94;390;11291490833;S
20241014;100006;52.93;2000;11291490834;S
20241014;100006;52.92;60;11291490835;S
20241014;100006;52.92;10;11291490836;S
20241014;100006;52.92;40;11291490837;S
20241014;100006;52.92;50;11291490838;S
20241014;100006;52.92;2000;11291490839;S
20241014;100006;52.91;10;11291490840;S
20241014;100006;52.91;1850;11291490841;S
20241014;100007;52.92;2400;11291491718;S
20241014;100007;52.96;10;11291492860;B
20241014;100008;52.97;20;11291494957;B
20241014;100008;52.94;10;11291494961;S
20241014;100008;52.97;10;11291494962;B
20241014;100008;52.97;10;11291494970;B
20241014;100008;52.94;100;11291494971;S
20241014;100008;52.94;100;11291494973;S
20241014;100008;52.97;20;11291494975;B
20241014;100008;52.97;10;11291494978;B
20241014;100008;52.94;10;11291494984;S
20241014;100008;52.97;40;11291494986;B
20241014;100008;52.97;10;11291495004;B
20241014;100008;52.94;10;11291495006;S
20241014;100008;52.97;10;11291495010;B
20241014;100008;52.97;10;11291495022;B
20241014;100008;52.94;20;11291495033;S
20241014;100008;52.94;10;11291495040;S
20241014;100008;52.94;10;11291495054;S
20241014;100008;52.94;40;11291495061;S
20241014;100008;52.97;20;11291495071;B
20241014;100008;52.97;10;11291495081;B
20241014;100008;52.97;10;11291495088;B
20241014;100008;52.97;10;11291495098;B
20241014;100008;52.97;20;11291495116;B
20241014;100008;52.94;10;11291495129;S
20241014;100008;52.97;10;11291495142;B
20241014;100008;52.94;20;11291495156;S
20241014;100008;52.94;10;11291495176;S
20241014;100008;52.97;10;11291495185;B
20241014;100008;52.97;10;11291495211;B
20241014;100008;52.97;10;11291495219;B
20241014;100008;52.97;10;11291495233;B
20241014;100008;52.94;20;11291495247;S
20241014;100008;52.97;10;11291495257;B
20241014;100008;52.97;10;11291495274;B
20241014;100008;52.94;350;11291495284;S
20241014;100008;52.94;100;11291495294;S
20241014;100008;52.97;20;11291495304;B
20241014;100008;52.97;20;11291495651;B
20241014;100008;52.97;10;11291495654;B
20241014;100008;52.97;10;11291495666;B
20241014;100008;52.97;10;11291495668;B
20241014;100008;52.94;10;11291495671;S
20241014;100008;52.94;10;11291495684;S
20241014;100008;52.94;10;11291495687;S
20241014;100008;52.97;10;11291495689;B
20241014;100008;52.94;10;11291495715;S
20241014;100008;52.97;20;11291495718;B
20241014;100008;52.97;10;11291495721;B
20241014;100008;52.97;10;11291495730;B
20241014;100008;52.94;30;11291495734;S
20241014;100008;52.94;20;11291495736;S
20241014;100008;52.94;10;11291495738;S
20241014;100008;52.94;10;11291495747;S
20241014;100008;52.97;20;11291495749;B
20241014;100008;52.97;10;11291495751;B
20241014;100008;52.97;10;11291495762;B
20241014;100008;52.97;10;11291495764;B
20241014;100008;52.94;10;11291495775;S
20241014;100008;52.94;20;11291495776;S
20241014;100008;52.94;20;11291495810;S
20241014;100008;52.97;1000;11291495813;B
20241014;100008;52.97;20;11291495814;B
20241014;100008;52.97;860;11291495815;B
20241014;100008;52.97;10;11291495817;B
20241014;100008;52.94;10;11291495818;S
20241014;100008;52.98;10;11291495830;B
20241014;100008;52.98;10;11291495831;B
20241014;100008;52.94;10;11291495834;S
20241014;100008;52.98;20;11291495835;B
20241014;100008;52.94;20;11291495844;S
20241014;100008;52.98;10;11291495978;B
20241014;100008;52.97;10;11291497536;B
20241014;100008;52.97;20;11291497542;B
20241014;100008;52.97;10;11291497550;B
20241014;100008;52.97;10;11291497560;B
20241014;100008;52.97;20;11291497570;B
20241014;100008;52.94;10;11291497584;S
20241014;100008;52.97;10;11291497596;B
20241014;100009;52.94;3000;11291498216;S
20241014;100009;52.94;10;11291498734;S
20241014;100009;52.94;10;11291498744;S
20241014;100009;52.97;10;11291498761;B
20241014;100009;52.94;20;11291498765;S
20241014;100009;52.97;10;11291498771;B
20241014;100009;52.97;10;11291498779;B
20241014;100009;52.94;30;11291498790;S
20241014;100009;52.97;10;11291498799;B
20241014;100009;52.94;10;11291498819;S
20241014;100009;52.97;40;11291498988;B
20241014;100010;52.94;460;11291501418;S
20241014;100010;52.95;10;11291501863;S
20241014;100010;52.98;1000;11291502131;B
20241014;100010;52.98;20;11291502292;B
20241014;100010;52.98;10;11291502293;B
20241014;100010;52.98;10;11291502294;B
20241014;100010;52.95;10;11291502295;S
20241014;100010;52.94;400;11291502296;S
20241014;100010;52.98;10;11291502300;B
20241014;100010;52.98;10;11291502301;B
20241014;100010;52.94;20;11291502303;S
20241014;100010;52.98;10;11291502306;B
20241014;100010;52.98;10;11291502308;B
20241014;100010;52.98;10;11291502309;B
20241014;100010;52.94;20;11291502310;S
20241014;100010;52.98;20;11291502315;B
20241014;100010;52.98;10;11291502319;B
20241014;100010;52.98;10;11291502320;B
20241014;100010;52.98;10;11291502322;B
20241014;100010;52.98;1000;11291502485;B
20241014;100010;52.94;270;11291503751;S
20241014;100010;52.94;90;11291503752;S
20241014;100010;52.93;10;11291503753;S
20241014;100010;52.92;500;11291503754;S
20241014;100010;52.91;3150;11291503755;S
20241014;100010;52.91;20;11291503756;S
20241014;100010;52.91;100;11291503757;S
20241014;100010;52.9;50;11291503758;S
20241014;100010;52.9;10;11291503759;S
20241014;100010;52.9;100;11291503760;S
20241014;100010;52.9;10;11291503761;S
20241014;100010;52.9;10;11291503762;S
20241014;100010;52.9;10;11291503763;S
20241014;100010;52.9;3000;11291503764;S
20241014;100010;52.89;10;11291503765;S
20241014;100010;52.88;10;11291503766;S
20241014;100010;52.87;130;11291503767;S
20241014;100010;52.85;4000;11291503768;S
20241014;100010;52.83;500;11291503769;S
20241014;100010;52.82;210;11291503770;S
20241014;100010;52.81;150;11291503771;S
20241014;100010;52.81;10;11291503772;S
20241014;100010;52.81;160;11291503773;S
20241014;100010;52.81;700;11291503774;S
20241014;100010;52.8;100;11291503775;S
20241014;100010;52.8;40;11291503776;S
20241014;100010;52.8;10;11291503777;S
20241014;100010;52.8;10;11291503778;S
20241014;100010;52.8;10;11291503779;S
20241014;100010;52.8;10;11291503780;S
20241014;100010;52.79;80;11291503781;S
20241014;100010;52.79;2270;11291503782;S
20241014;100010;52.78;50;11291503783;S
20241014;100010;52.78;3620;11291503784;S
20241014;100010;52.77;10;11291503785;S
20241014;100010;52.77;200;11291503786;S
20241014;100010;52.77;300;11291503787;S
20241014;100010;52.77;80;11291503788;S
20241014;100011;52.92;20;11291504624;S
20241014;100011;52.92;10;11291504637;S
20241014;100011;52.92;20;11291504649;S
20241014;100011;52.98;20;11291504684;B
20241014;100011;52.92;10;11291504722;S
20241014;100011;52.92;20;11291504730;S
20241014;100011;52.98;10;11291504732;B
20241014;100011;52.98;20;11291504741;B
20241014;100011;52.98;10;11291504743;B
20241014;100011;52.98;10;11291504748;B
20241014;100011;52.98;30;11291504754;B
20241014;100011;52.98;10;11291504758;B
20241014;100011;52.98;10;11291504767;B
20241014;100011;52.98;10;11291504770;B
20241014;100011;52.98;100;11291504772;B
20241014;100011;52.98;10;11291504778;B
20241014;100011;52.98;10;11291504782;B
20241014;100011;52.98;20;11291504790;B
20241014;100011;52.97;500;11291505392;B
20241014;100011;52.98;230;11291505393;B
20241014;100011;52.91;800;11291505898;S
20241014;100011;52.91;10;11291506315;S
20241014;100011;52.97;20;11291506318;B
20241014;100011;52.91;10;11291506320;S
20241014;100011;52.97;10;11291506323;B
20241014;100011;52.91;20;11291506328;S
20241014;100011;52.91;20;11291506331;S
20241014;100011;52.97;10;11291506335;B
20241014;100011;52.97;10;11291506336;B
20241014;100011;52.91;10;11291506338;S
20241014;100011;52.97;10;11291506345;B
20241014;100012;52.91;90;11291507338;S
20241014;100012;52.91;20;11291507540;S
20241014;100012;52.97;10;11291507547;B
20241014;100012;52.97;30;11291507553;B
20241014;100012;52.91;320;11291507561;S
20241014;100012;52.97;10;11291507564;B
20241014;100012;52.97;10;11291507570;B
20241014;100012;52.91;20;11291507573;S
20241014;100012;52.97;20;11291507583;B
20241014;100012;52.91;20;11291507586;S
20241014;100012;52.97;10;11291507599;B
20241014;100012;52.91;10;11291507601;S
20241014;100012;52.91;10;11291507608;S
20241014;100012;52.91;10;11291507610;S
20241014;100012;52.97;10;11291507612;B
20241014;100012;52.97;10;11291507616;B
20241014;100012;52.97;10;11291507619;B
20241014;100012;52.97;10;11291507620;B
20241014;100012;52.97;10;11291507622;B
20241014;100012;52.91;10;11291507626;S
20241014;100012;52.97;10;11291507629;B
20241014;100012;52.97;100;11291507723;B
20241014;100012;52.97;20;11291507939;B
20241014;100012;52.97;10;11291507948;B
20241014;100012;52.97;10;11291508017;B
20241014;100012;52.98;30;11291508224;B
20241014;100012;52.98;20;11291508274;B
20241014;100012;52.98;530;11291508286;B
20241014;100012;52.98;150;11291508288;B
20241014;100012;52.98;10;11291508895;B
20241014;100012;52.97;10;11291508897;S
20241014;100012;52.91;10;11291508898;S
20241014;100012;52.98;10;11291508899;B
20241014;100012;52.98;10;11291508900;B
20241014;100012;52.91;20;11291508902;S
20241014;100012;52.98;10;11291508903;B
20241014;100012;52.98;10;11291508904;B
20241014;100012;52.91;20;11291508947;S
20241014;100012;52.98;20;11291508949;B
20241014;100012;52.98;10;11291508950;B
20241014;100012;52.91;20;11291508951;S
20241014;100012;52.91;10;11291508952;S
20241014;100012;52.98;460;11291509800;B
20241014;100013;52.98;290;11291511298;B
20241014;100013;52.98;10;11291511783;B
20241014;100013;52.98;20;11291511788;B
20241014;100013;52.98;10;11291511790;B
20241014;100013;52.92;20;11291511792;S
20241014;100013;52.98;20;11291511793;B
20241014;100013;52.98;10;11291511795;B
20241014;100013;52.98;10;11291511796;B
20241014;100013;52.98;20;11291511798;B
20241014;100013;52.92;30;11291511821;S
20241014;100014;52.92;1840;11291512212;S
20241014;100014;52.92;1160;11291512213;S
20241014;100014;52.97;850;11291512781;B
20241014;100015;52.98;10;11291515306;B
20241014;100022;52.97;10;11291517440;B
20241014;100022;52.97;770;11291517632;B
20241014;100023;52.95;10;11291517941;S
20241014;100024;52.97;100;11291518138;B
20241014;100024;52.97;30;11291518139;B
20241014;100024;52.97;930;11291518231;B
20241014;100024;52.97;850;11291518269;B
20241014;100025;52.98;110;11291518423;B
20241014;100025;52.98;260;11291518473;B
20241014;100029;52.97;10;11291519704;B
20241014;100029;52.96;100;11291519817;S
20241014;100029;52.96;660;11291519847;S
20241014;100029;52.95;1880;11291519848;S
20241014;100029;52.94;10;11291519849;S
20241014;100029;52.92;880;11291519850;S
20241014;100029;52.91;20;11291519851;S
20241014;100029;52.9;400;11291519852;S
20241014;100029;52.9;10;11291519853;S
20241014;100029;52.9;10;11291519854;S
20241014;100029;52.9;10;11291519855;S
20241014;100029;52.89;10;11291519856;S
20241014;100029;52.89;5000;11291519857;S
20241014;100029;52.88;750;11291519858;S
20241014;100029;52.88;360;11291519859;S
20241014;100030;52.94;30;11291520333;B
20241014;100031;52.88;10;11291520819;S
20241014;100034;52.89;2830;11291522312;S
20241014;100035;52.92;60;11291522502;B
20241014;100035;52.92;40;11291522658;B
20241014;100035;52.92;380;11291522659;B
20241014;100036;52.91;500;11291523227;S
20241014;100037;52.93;20;11291523345;B
20241014;100038;52.93;20;11291523846;B
20241014;100038;52.93;30;11291523876;B
20241014;100038;52.94;180;11291523917;B
20241014;100038;52.9;20;11291523923;S
20241014;100040;52.94;160;11291524507;B
20241014;100044;52.93;100;11291525729;B
20241014;100044;52.94;30;11291525845;B
20241014;100044;52.94;10;11291526122;B
20241014;100045;52.92;40;11291526440;S
20241014;100048;52.91;10;11291527445;B
20241014;100048;52.92;250;11291527513;B
20241014;100049;52.93;880;11291527712;B
20241014;100049;52.93;120;11291527713;B
20241014;100050;52.93;1000;11291527818;B
20241014;100050;52.94;550;11291528111;B
20241014;100050;52.94;540;11291528125;B
20241014;100051;52.93;500;11291528264;S
20241014;100051;52.93;120;11291528265;S
20241014;100053;52.89;50;11291528893;S
20241014;100055;52.89;10;11291529303;S
20241014;100055;52.89;100;11291529453;S
20241014;100057;52.91;2000;11291529830;S
20241014;100058;52.93;10;11291530210;B
20241014;100059;52.93;440;11291530510;B
20241014;100059;52.93;20;11291530512;B
20241014;100059;52.93;860;11291530513;B
20241014;100059;52.91;30;11291530660;S
20241014;100100;52.91;200;11291531222;S
20241014;100104;52.92;60;11291532296;B
20241014;100105;52.92;200;11291532473;B
20241014;100105;52.92;220;11291532568;B
20241014;100105;52.92;540;11291532569;B
20241014;100105;52.92;60;11291532673;B
20241014;100105;52.91;10;11291532711;S
20241014;100108;52.92;10;11291533567;B
20241014;100109;52.91;2300;11291533891;S
20241014;100110;52.91;750;11291534197;S
20241014;100110;52.91;10;11291534198;S
20241014;100110;52.91;100;11291534199;S
20241014;100110;52.89;30;11291534200;S
20241014;100110;52.88;920;11291534201;S
20241014;100110;52.88;750;11291534202;S
20241014;100110;52.88;3640;11291534203;S
20241014;100110;52.87;750;11291534204;S
20241014;100110;52.86;400;11291534205;S
20241014;100110;52.85;10;11291534206;S
20241014;100110;52.85;10;11291534207;S
20241014;100110;52.84;880;11291534208;S
20241014;100110;52.83;20;11291534209;S
20241014;100110;52.83;40;11291534210;S
20241014;100110;52.83;500;11291534211;S
20241014;100110;52.83;1810;11291534212;S
20241014;100110;52.82;30;11291534213;S
20241014;100110;52.82;200;11291534214;S
20241014;100110;52.82;2800;11291534215;S
20241014;100110;52.81;3400;11291534216;S
20241014;100110;52.8;20;11291534217;S
20241014;100110;52.8;10;11291534218;S
20241014;100110;52.8;10;11291534219;S
20241014;100110;52.8;420;11291534220;S
20241014;100110;52.87;250;11291534256;B
20241014;100111;52.89;30;11291534387;B
20241014;100114;52.82;1000;11291534984;S
20241014;100116;52.9;20;11291535516;B
20241014;100116;52.9;20;11291535583;B
20241014;100119;52.92;130;11291536355;B
20241014;100119;52.92;1380;11291536356;B
20241014;100119;52.9;2960;11291536404;S
20241014;100120;52.92;40;11291536635;B
20241014;100122;52.9;50;11291537361;S
20241014;100123;52.91;20;11291537756;B
20241014;100126;52.91;80;11291538324;B
20241014;100126;52.91;680;11291538325;B
20241014;100126;52.92;760;11291538510;B
20241014;100126;52.91;10;11291538535;B
20241014;100127;52.91;30;11291538716;B
20241014;100127;52.92;20;11291538731;B
20241014;100127;52.9;2280;11291538784;S
20241014;100128;52.9;720;11291539076;B
20241014;100128;52.9;790;11291539077;B
20241014;100129;52.89;760;11291539293;S
20241014;100129;52.89;640;11291539294;S
20241014;100129;52.84;4000;11291539338;S
20241014;100130;52.88;50;11291539511;B
20241014;100130;52.9;30;11291539639;B
20241014;100130;52.9;80;11291539707;B
20241014;100131;52.88;500;11291539836;S
20241014;100131;52.9;290;11291539876;B
20241014;100135;52.89;10;11291540580;S
20241014;100135;52.9;650;11291540629;B
20241014;100135;52.9;160;11291540717;B
20241014;100135;52.9;720;11291540718;B
20241014;100136;52.9;50;11291540844;B
20241014;100137;52.9;50;11291541294;B
20241014;100137;52.9;50;11291541403;B
20241014;100138;52.9;50;11291541549;B
20241014;100138;52.9;10;11291541616;B
20241014;100139;52.9;200;11291541827;B
20241014;100141;52.89;750;11291542421;S
20241014;100141;52.89;250;11291542422;S
20241014;100144;52.9;10;11291542902;B
20241014;100145;52.9;60;11291543170;B
20241014;100145;52.9;100;11291543255;B
20241014;100145;52.9;100;11291543360;B
20241014;100146;52.9;70;11291543460;B
20241014;100146;52.9;30;11291543600;B
20241014;100146;52.9;120;11291543601;B
20241014;100150;52.9;740;11291544727;B
20241014;100151;52.9;120;11291544974;B
20241014;100151;52.9;1520;11291545106;B
20241014;100151;52.9;100;11291545107;B
20241014;100151;52.9;12940;11291545108;B
20241014;100151;52.9;680;11291545109;B
20241014;100151;52.91;370;11291545110;B
20241014;100151;52.92;3780;11291545111;B
20241014;100151;52.93;10000;11291545112;B
20241014;100151;52.94;880;11291545113;B
20241014;100151;52.94;7130;11291545114;B
20241014;100151;52.94;640;11291545227;B
20241014;100152;52.96;2500;11291545430;B
20241014;100152;52.95;5280;11291545432;S
20241014;100152;52.95;880;11291545433;S
20241014;100152;52.96;10;11291545520;B
20241014;100152;52.95;760;11291545532;S
20241014;100152;52.94;190;11291545533;S
20241014;100154;52.96;10;11291546247;B
20241014;100156;52.96;10;11291546535;B
20241014;100157;52.94;5280;11291546881;S
20241014;100157;52.93;10;11291546882;S
20241014;100157;52.91;690;11291546883;S
20241014;100157;52.94;150;11291546937;B
20241014;100159;52.94;110;11291547463;B
20241014;100200;52.91;5280;11291547809;S
20241014;100200;52.9;10;11291547810;S
20241014;100200;52.9;30;11291547811;S
20241014;100200;52.9;10;11291547828;B
20241014;100201;52.9;10;11291548138;B
20241014;100203;52.89;10;11291548626;S
20241014;100203;52.89;10;11291548627;S
20241014;100203;52.89;20;11291548628;S
20241014;100203;52.89;1960;11291548629;S
20241014;100203;52.9;110;11291548673;B
20241014;100203;52.9;650;11291548779;B
20241014;100203;52.9;30;11291548853;B
20241014;100206;52.89;10;11291549746;S
20241014;100206;52.9;20;11291549786;B
20241014;100206;52.9;3850;11291549834;B
20241014;100206;52.9;880;11291549835;B
20241014;100209;52.93;5290;11291550743;S
20241014;100209;52.92;760;11291550744;S
20241014;100209;52.92;530;11291550745;S
20241014;100209;52.91;530;11291550746;S
20241014;100209;52.9;270;11291550747;S
20241014;100209;52.9;10;11291550748;S
20241014;100209;52.9;880;11291550749;S
20241014;100209;52.87;500;11291550750;S
20241014;100209;52.86;1240;11291550751;S
20241014;100213;52.92;10;11291551965;S
20241014;100213;52.92;2610;11291551966;S
20241014;100216;52.92;10;11291552653;S
20241014;100221;52.9;1000;11291554208;S
20241014;100221;52.93;10;11291554295;B
20241014;100222;52.9;500;11291554521;S
20241014;100223;52.93;10;11291554942;B
20241014;100223;52.93;290;11291554943;B
20241014;100225;52.9;310;11291555614;S
20241014;100225;52.9;10;11291555716;S
20241014;100226;52.9;1000;11291555753;S
20241014;100226;52.9;700;11291555910;S
20241014;100227;52.93;880;11291556070;B
20241014;100227;52.94;120;11291556071;B
20241014;100227;52.94;50;11291556072;B
20241014;100227;52.94;20;11291556073;B
20241014;100228;52.95;10;11291556307;B
20241014;100231;52.95;10;11291557264;B
20241014;100231;52.96;520;11291557265;B
20241014;100234;52.97;100;11291558027;B
20241014;100235;52.97;100;11291558476;B
20241014;100236;52.97;100;11291558728;B
20241014;100237;52.97;100;11291559017;B
20241014;100239;52.97;100;11291559296;B
20241014;100239;52.95;10;11291559338;S
20241014;100240;52.97;100;11291559494;B
20241014;100241;52.96;100;11291559857;B
20241014;100242;52.95;20;11291560002;S
20241014;100243;52.95;100;11291560181;B
20241014;100244;52.94;1500;11291560482;S
20241014;100244;52.95;100;11291560641;B
20241014;100245;52.95;60;11291560765;B
20241014;100246;52.95;100;11291560856;B
20241014;100246;52.95;110;11291560976;B
20241014;100246;52.95;10;11291561051;B
20241014;100250;52.95;30;11291561825;B
20241014;100251;52.94;1000;11291562094;S
20241014;100253;52.95;470;11291562582;B
20241014;100253;52.96;4530;11291562583;B
20241014;100258;52.94;70;11291563507;S
20241014;100259;52.96;50;11291563641;B
20241014;100300;52.94;10;11291563670;S
20241014;100307;52.95;240;11291565406;B
20241014;100307;52.94;16350;11291565407;S
20241014;100307;52.94;10;11291565408;S
20241014;100307;52.94;10;11291565409;S
20241014;100307;52.93;3790;11291565411;S
20241014;100307;52.93;1500;11291565412;S
20241014;100307;52.93;100;11291565413;S
20241014;100307;52.93;290;11291565447;B
20241014;100311;52.91;300;11291566528;S
20241014;100312;52.92;20;11291566680;B
20241014;100312;52.91;10;11291566791;S
20241014;100313;52.92;10;11291566997;B
20241014;100317;52.91;1760;11291567909;S
20241014;100317;52.91;1760;11291567911;S
20241014;100318;52.92;780;11291568161;B
20241014;100318;52.92;20;11291568162;B
20241014;100318;52.91;1460;11291568173;S
20241014;100318;52.91;100;11291568214;S
20241014;100318;52.92;10;11291568339;B
20241014;100318;52.92;630;11291568340;B
20241014;100320;52.92;10;11291568757;B
20241014;100325;52.92;80;11291570150;B
20241014;100326;52.91;1880;11291570342;S
20241014;100326;52.92;160;11291570498;B
20241014;100326;52.92;90;11291570499;B
20241014;100328;52.93;10;11291570731;B
20241014;100331;52.92;530;11291571615;B
20241014;100331;52.92;130;11291571795;B
20241014;100332;52.92;220;11291572017;B
20241014;100332;52.92;560;11291572018;B
20241014;100334;52.92;100;11291572600;B
20241014;100337;52.92;30;11291573503;B
20241014;100337;52.93;70;11291573504;B
20241014;100338;52.93;10;11291573648;B
20241014;100338;52.94;100;11291573786;B
20241014;100339;52.94;50;11291573919;B
20241014;100340;52.94;100;11291574069;B
20241014;100341;52.94;100;11291574327;B
20241014;100341;52.92;10;11291574409;S
20241014;100343;52.94;90;11291575003;B
20241014;100345;52.94;100;11291575486;B
20241014;100347;52.94;100;11291575874;B
20241014;100348;52.95;100;11291576179;B
20241014;100349;52.96;100;11291576544;B
20241014;100350;52.93;760;11291576575;S
20241014;100350;52.92;10;11291576576;S
20241014;100350;52.91;1230;11291576577;S
20241014;100350;52.92;40;11291576615;S
20241014;100351;52.92;20;11291576957;S
20241014;100351;52.95;100;11291577363;B
20241014;100353;52.95;100;11291577971;B
20241014;100353;52.92;700;11291578015;S
20241014;100354;52.92;100;11291578315;B
20241014;100355;52.91;10;11291578471;S
20241014;100357;52.91;30;11291578938;S
20241014;100357;52.91;10;11291578977;S
20241014;100357;52.92;100;11291579050;B
20241014;100358;52.92;140;11291579240;B
20241014;100358;52.92;10;11291579517;B
20241014;100359;52.92;100;11291579716;B
20241014;100401;52.92;100;11291580263;B
20241014;100403;52.92;100;11291580706;B
20241014;100403;52.91;1000;11291580712;S
20241014;100404;52.92;60;11291581047;B
20241014;100405;52.91;1030;11291581053;S
20241014;100405;52.91;10;11291581054;S
20241014;100405;52.91;10;11291581055;S
20241014;100405;52.91;100;11291581073;B
20241014;100406;52.9;20;11291581304;S
20241014;100406;52.9;10;11291581305;S
20241014;100406;52.89;10;11291581306;S
20241014;100406;52.89;50;11291581307;S
20241014;100406;52.88;10;11291581308;S
20241014;100408;52.89;200;11291581715;B
20241014;100408;52.9;100;11291581722;B
20241014;100408;52.88;40;11291581842;S
20241014;100410;52.89;40;11291582266;B
20241014;100410;52.89;100;11291582268;B
20241014;100412;52.89;100;11291582734;B
20241014;100412;52.9;80;11291582735;B
20241014;100413;52.88;10;11291582784;S
20241014;100414;52.86;10;11291582971;S
20241014;100414;52.86;40;11291582972;S
20241014;100414;52.9;100;11291583046;B
20241014;100422;52.9;40;11291584762;B
20241014;100428;52.87;50;11291586180;S
20241014;100429;52.9;210;11291586246;B
20241014;100429;52.9;40;11291586286;B
20241014;100430;52.86;160;11291586578;S
20241014;100430;52.85;170;11291586579;S
20241014;100430;52.84;880;11291586580;S
20241014;100430;52.84;170;11291586581;S
20241014;100430;52.83;1220;11291586582;S
20241014;100433;52.87;20;11291587190;B
20241014;100436;52.84;10;11291587766;S
20241014;100436;52.84;50;11291587767;S
20241014;100436;52.87;100;11291587819;B
20241014;100437;52.87;10;11291588001;B
20241014;100437;52.87;190;11291588165;B
20241014;100437;52.87;260;11291588166;B
20241014;100438;52.84;200;11291588340;S
20241014;100439;52.88;100;11291588649;B
20241014;100440;52.87;20;11291588860;B
20241014;100440;52.88;50;11291588861;B
20241014;100441;52.89;100;11291588929;B
20241014;100441;52.89;360;11291589042;B
20241014;100442;52.91;10;11291589219;B
20241014;100442;52.9;100;11291589292;B
20241014;100443;52.9;100;11291589451;B
20241014;100443;52.9;560;11291589452;B
20241014;100444;52.87;880;11291589735;S
20241014;100444;52.85;120;11291589736;S
20241014;100444;52.91;100;11291589813;B
20241014;100449;52.91;100;11291591178;B
20241014;100450;52.9;10;11291591209;S
20241014;100450;52.91;300;11291591247;B
20241014;100451;52.91;20;11291591769;B
20241014;100452;52.91;10;11291591851;B
20241014;100455;52.9;10;11291592499;S
20241014;100455;52.91;10;11291592503;B
20241014;100456;52.91;200;11291592731;B
20241014;100456;52.92;150;11291592737;B
20241014;100457;52.9;80;11291593047;S
20241014;100457;52.9;200;11291593048;S
20241014;100457;52.9;10;11291593049;S
20241014;100457;52.89;880;11291593050;S
20241014;100457;52.86;550;11291593051;S
20241014;100457;52.85;280;11291593052;S
20241014;100458;52.87;1800;11291593258;S
20241014;100458;52.91;10;11291593339;B
20241014;100500;52.91;10;11291593602;B
20241014;100501;52.91;10;11291593844;B
20241014;100502;52.9;520;11291594188;B
20241014;100503;52.9;20;11291594379;B
20241014;100510;52.91;870;11291596258;B
20241014;100510;52.91;130;11291596259;B
20241014;100513;52.91;50;11291596963;B
20241014;100513;52.92;100;11291597163;B
20241014;100520;52.87;50;11291598960;S
20241014;100523;52.86;30;11291599496;S
20241014;100523;52.86;4650;11291599684;S
20241014;100523;52.85;70;11291599685;S
20241014;100523;52.85;10;11291599686;S
20241014;100523;52.85;500;11291599687;S
20241014;100523;52.84;2770;11291599688;S
20241014;100524;52.84;40;11291599739;S
20241014;100524;52.84;200;11291599740;S
20241014;100524;52.84;760;11291599741;S
20241014;100526;52.86;400;11291600380;B
20241014;100530;52.86;20;11291601229;B
20241014;100533;52.86;50;11291601669;B
20241014;100534;52.85;700;11291601889;S
20241014;100534;52.84;1050;11291601890;S
20241014;100534;52.84;40;11291601891;S
20241014;100534;52.84;10;11291601892;S
20241014;100534;52.84;20;11291601893;S
20241014;100534;52.84;180;11291601894;S
20241014;100534;52.86;1000;11291601905;B
20241014;100535;52.86;100;11291601953;B
20241014;100535;52.86;710;11291602109;B
20241014;100536;52.86;30;11291602339;B
20241014;100536;52.86;50;11291602387;B
20241014;100537;52.86;10;11291602697;B
20241014;100544;52.84;100;11291604037;S
20241014;100544;52.84;780;11291604097;S
20241014;100544;52.84;100;11291604098;S
20241014;100544;52.84;60;11291604099;S
20241014;100545;52.86;400;11291604363;B
20241014;100546;52.84;1600;11291604497;S
20241014;100546;52.83;40;11291604498;S
20241014;100546;52.83;490;11291604499;S
20241014;100546;52.82;200;11291604500;S
20241014;100546;52.82;200;11291604501;S
20241014;100546;52.82;50;11291604502;S
20241014;100546;52.82;490;11291604503;S
20241014;100546;52.82;880;11291604504;S
20241014;100546;52.81;30;11291604505;S
20241014;100546;52.81;200;11291604506;S
20241014;100546;52.81;10;11291604507;S
20241014;100546;52.81;3780;11291604508;S
20241014;100546;52.8;10;11291604509;S
20241014;100546;52.8;140;11291604510;S
20241014;100546;52.8;30;11291604511;S
20241014;100546;52.8;6850;11291604512;S
20241014;100549;52.85;100;11291605192;B
20241014;100555;52.82;20;11291606477;S
20241014;100557;52.84;10;11291606788;B
20241014;100600;52.83;50;11291607459;S
20241014;100605;52.83;1130;11291608734;S
20241014;100605;52.82;880;11291608735;S
20241014;100605;52.82;480;11291608736;S
20241014;100605;52.81;450;11291608737;S
20241014;100606;52.84;10;11291609112;B
20241014;100607;52.84;230;11291609192;B
20241014;100607;52.84;1270;11291609193;B
20241014;100608;52.84;30;11291609533;B
20241014;100610;52.84;10;11291609958;B
20241014;100614;52.83;40;11291611026;S
20241014;100615;52.84;10;11291611403;B
20241014;100616;52.83;890;11291611766;S
20241014;100617;52.84;650;11291611929;B
20241014;100617;52.84;350;11291611930;B
20241014;100618;52.83;250;11291612230;S
20241014;100618;52.83;820;11291612408;S
20241014;100618;52.83;20;11291612409;S
20241014;100618;52.83;450;11291612410;S
20241014;100619;52.83;1710;11291612561;B
20241014;100619;52.84;150;11291612562;B
20241014;100619;52.85;3140;11291612563;B
20241014;100622;52.86;10;11291613505;B
20241014;100622;52.86;10;11291613506;B
20241014;100623;52.85;10;11291613822;B
20241014;100624;52.84;200;11291614009;S
20241014;100624;52.83;2100;11291614010;S
20241014;100624;52.82;150;11291614011;S
20241014;100628;52.84;2240;11291615280;B
20241014;100628;52.84;880;11291615281;B
20241014;100628;52.84;20;11291615282;B
20241014;100628;52.84;30;11291615283;B
20241014;100630;52.84;1830;11291615826;S
20241014;100630;52.84;170;11291615827;S
20241014;100635;52.84;200;11291617394;B
20241014;100635;52.85;340;11291617395;B
20241014;100637;52.85;20;11291617957;B
20241014;100644;52.85;4930;11291619778;B
20241014;100644;52.85;70;11291619779;B
20241014;100644;52.83;40;11291619828;S
20241014;100650;52.84;10;11291621314;B
20241014;100650;52.83;140;11291621366;S
20241014;100651;52.83;150;11291621556;S
20241014;100652;52.83;60;11291621805;S
20241014;100653;52.83;200;11291622044;S
20241014;100653;52.84;100;11291622243;B
20241014;100656;52.84;800;11291622772;B
20241014;100657;52.84;180;11291622943;B
20241014;100659;52.83;10;11291623465;S
20241014;100659;52.84;800;11291623474;B
20241014;100702;52.84;2000;11291624176;B
20241014;100702;52.84;800;11291624215;B
20241014;100704;52.84;20;11291624769;B
20241014;100704;52.83;60;11291624810;S
20241014;100705;52.84;800;11291624953;B
20241014;100707;52.84;10;11291625401;B
20241014;100707;52.84;100;11291625423;B
20241014;100708;52.84;800;11291625643;B
20241014;100709;52.84;10;11291625850;B
20241014;100710;52.84;10;11291626170;B
20241014;100711;52.84;800;11291626270;B
20241014;100711;52.83;70;11291626274;S
20241014;100713;52.84;10;11291626655;B
20241014;100714;52.84;800;11291626947;B
20241014;100714;52.84;10;11291626949;B
20241014;100715;52.84;1500;11291627143;B
20241014;100716;52.84;10;11291627497;B
20241014;100720;52.84;10;11291628348;B
20241014;100720;52.84;100;11291628353;B
20241014;100720;52.83;10;11291628364;S
20241014;100721;52.84;500;11291628419;B
20241014;100722;52.84;60;11291628850;B
20241014;100722;52.84;20;11291628851;B
20241014;100723;52.84;1000;11291629029;B
20241014;100727;52.83;10;11291629986;S
20241014;100727;52.83;30;11291630132;S
20241014;100732;52.84;10;11291631175;B
20241014;100734;52.83;320;11291631537;S
20241014;100734;52.83;200;11291631538;S
20241014;100734;52.83;10;11291631539;S
20241014;100734;52.83;60;11291631540;S
20241014;100734;52.83;1410;11291631666;B
20241014;100734;52.83;3590;11291631667;B
20241014;100736;52.83;50;11291631990;B
20241014;100736;52.83;20;11291632050;B
20241014;100737;52.83;10;11291632164;B
20241014;100737;52.82;30;11291632206;S
20241014;100738;52.83;10;11291632459;B
20241014;100738;52.83;10;11291632487;B
20241014;100739;52.82;20;11291632862;S
20241014;100740;52.83;500;11291633200;B
20241014;100741;52.83;10;11291633271;B
20241014;100742;52.82;2220;11291633551;S
20241014;100742;52.82;530;11291633552;S
20241014;100744;52.82;650;11291634000;B
20241014;100744;52.82;420;11291634001;B
20241014;100745;52.82;1000;11291634080;B
20241014;100746;52.81;10;11291634425;S
20241014;100746;52.82;430;11291634426;B
20241014;100748;52.82;10;11291634991;B
20241014;100750;52.81;90;11291635310;S
20241014;100750;52.81;20;11291635311;S
20241014;100750;52.81;10;11291635312;S
20241014;100750;52.81;40;11291635313;S
20241014;100750;52.82;20;11291635388;B
20241014;100751;52.82;10;11291635485;B
20241014;100752;52.81;20;11291635818;S
20241014;100755;52.82;10;11291636550;B
20241014;100757;52.82;50;11291636854;B
20241014;100757;52.82;200;11291636866;B
20241014;100758;52.81;10;11291637157;S
20241014;100803;52.82;20;11291638226;B
20241014;100804;52.81;470;11291638463;S
20241014;100805;52.82;1000;11291638784;B
20241014;100806;52.81;10;11291638963;S
20241014;100806;52.82;20;11291638978;B
20241014;100807;52.82;10;11291639169;B
20241014;100810;52.81;110;11291639938;S
20241014;100811;52.81;60;11291640055;S
20241014;100813;52.81;40;11291640527;S
20241014;100813;52.82;250;11291640708;B
20241014;100814;52.81;280;11291640821;S
20241014;100814;52.82;10;11291640828;B
20241014;100817;52.82;150;11291641300;B
20241014;100818;52.82;10;11291641667;B
20241014;100818;52.82;200;11291641678;B
20241014;100819;52.82;100;11291641817;B
20241014;100821;52.82;30;11291642274;B
20241014;100821;52.81;90;11291642334;S
20241014;100822;52.82;10;11291642542;B
20241014;100822;52.81;500;11291642603;S
20241014;100823;52.82;10;11291642766;B
20241014;100825;52.82;20;11291643188;B
20241014;100826;52.82;1000;11291643475;B
20241014;100827;52.81;10;11291643680;S
20241014;100827;52.81;140;11291643681;S
20241014;100828;52.82;10;11291643925;B
20241014;100828;52.82;10;11291643994;B
20241014;100829;52.81;20;11291644089;S
20241014;100830;52.82;50;11291644410;B
20241014;100834;52.82;240;11291645282;B
20241014;100834;52.82;940;11291645283;B
20241014;100834;52.82;20;11291645284;B
20241014;100834;52.81;20;11291645291;S
20241014;100836;52.81;150;11291645710;S
20241014;100837;52.81;10;11291645849;S
20241014;100842;52.82;10;11291647122;B
20241014;100843;52.81;110;11291647239;S
20241014;100844;52.82;990;11291647460;B
20241014;100844;52.82;10;11291647579;B
20241014;100846;52.81;50;11291647946;S
20241014;100846;52.81;1170;11291647947;S
20241014;100846;52.81;250;11291647948;S
20241014;100846;52.81;630;11291647949;S
20241014;100846;52.81;90;11291647950;S
20241014;100846;52.81;2000;11291647951;S
20241014;100846;52.81;10;11291647952;S
20241014;100847;52.81;40;11291648066;B
20241014;100847;52.81;570;11291648223;B
20241014;100848;52.81;10;11291648363;B
20241014;100848;52.8;10;11291648428;S
20241014;100851;52.81;1130;11291648976;B
20241014;100851;52.81;1700;11291648977;B
20241014;100853;52.8;250;11291649453;S
20241014;100854;52.81;1000;11291649750;B
20241014;100855;52.81;800;11291650000;B
20241014;100855;52.81;20;11291650014;B
20241014;100856;52.81;20;11291650229;B
20241014;100856;52.8;300;11291650230;S
20241014;100857;52.81;10;11291650480;B
20241014;100859;52.81;160;11291650963;B
20241014;100900;52.8;500;11291651240;S
20241014;100901;52.81;40;11291651628;B
20241014;100901;52.81;10;11291651656;B
20241014;100905;52.8;17090;11291652811;S
20241014;100905;52.8;10;11291652812;S
20241014;100905;52.8;70;11291652813;S
20241014;100905;52.8;10;11291652814;S
20241014;100905;52.8;300;11291652815;S
20241014;100905;52.8;10;11291652816;S
20241014;100905;52.8;1000;11291652817;S
20241014;100905;52.8;10;11291652818;S
20241014;100905;52.8;20;11291652819;S
20241014;100905;52.8;100;11291652820;S
20241014;100905;52.8;20;11291652821;S
20241014;100905;52.8;600;11291652822;S
20241014;100905;52.8;40;11291652823;S
20241014;100905;52.8;200;11291652824;S
20241014;100905;52.8;520;11291652825;S
20241014;100905;52.81;1540;11291652854;B
20241014;100905;52.81;190;11291652855;B
20241014;100905;52.81;230;11291652856;B
20241014;100905;52.82;200;11291653066;B
20241014;100905;52.82;700;11291653067;B
20241014;100905;52.82;90;11291653068;B
20241014;100910;52.81;100;11291654300;S
20241014;100912;52.81;10;11291655159;S
20241014;100919;52.81;10;11291657102;S
20241014;100921;52.82;60;11291657608;B
20241014;100922;52.82;10;11291657979;B
20241014;100922;52.82;50;11291657999;B
20241014;100924;52.81;920;11291658397;S
20241014;100924;52.81;20;11291658398;S
20241014;100924;52.81;10;11291658399;S
20241014;100924;52.82;20;11291658574;B
20241014;100927;52.81;10;11291659283;S
20241014;100928;52.82;30;11291659725;B
20241014;100932;52.82;10;11291660752;B
20241014;100932;52.82;500;11291660824;B
20241014;100934;52.82;340;11291661244;B
20241014;100934;52.82;1320;11291661245;B
20241014;100934;52.82;3340;11291661246;B
20241014;100940;52.81;40;11291662800;S
20241014;100940;52.82;1000;11291662825;B
20241014;100944;52.82;100;11291664646;B
20241014;100944;52.82;860;11291664880;B
20241014;100949;52.81;50;11291666496;S
20241014;100949;52.81;1850;11291666497;S
20241014;100951;52.81;100;11291666943;S
20241014;100952;52.81;360;11291667178;S
20241014;100954;52.81;10;11291667728;S
20241014;100957;52.82;100;11291668180;B
20241014;100958;52.81;440;11291668365;S
20241014;100959;52.82;1000;11291668555;B
20241014;101000;52.82;50;11291668883;B
20241014;101000;52.82;10;11291668901;B
20241014;101005;52.82;880;11291670046;B
20241014;101005;52.82;40;11291670047;B
20241014;101005;52.82;5300;11291670048;B
20241014;101005;52.82;390;11291670049;B
20241014;101005;52.82;1320;11291670050;B
20241014;101009;52.83;50;11291670866;B
20241014;101009;52.82;20;11291670901;S
20241014;101011;52.82;400;11291671336;S
20241014;101014;52.83;50;11291672205;B
20241014;101014;52.83;10;11291672231;B
20241014;101016;52.83;30;11291672668;B
20241014;101018;52.83;10;11291673296;B
20241014;101018;52.83;200;11291673304;B
20241014;101019;52.83;10;11291673469;B
20241014;101025;52.83;10;11291674851;B
20241014;101028;52.83;1000;11291675809;B
20241014;101029;52.83;2940;11291675900;B
20241014;101029;52.83;1000;11291675997;B
20241014;101030;52.83;100;11291676177;B
20241014;101031;52.83;1000;11291676371;B
20241014;101031;52.83;10;11291676412;B
20241014;101035;52.83;10;11291677453;B
20241014;101038;52.83;20;11291678234;B
20241014;101039;52.83;1500;11291678607;B
20241014;101039;52.82;20;11291678654;S
20241014;101040;52.83;500;11291678837;B
20241014;101043;52.82;1630;11291679677;S
20241014;101043;52.82;220;11291679678;S
20241014;101043;52.82;1000;11291679679;S
20241014;101043;52.82;140;11291679680;S
20241014;101043;52.82;10;11291679681;S
20241014;101043;52.82;220;11291679682;S
20241014;101043;52.82;180;11291679683;S
20241014;101043;52.82;50;11291679684;S
20241014;101043;52.82;220;11291679685;S
20241014;101043;52.82;180;11291679686;S
20241014;101043;52.82;740;11291679687;S
20241014;101043;52.82;10;11291679688;S
20241014;101043;52.82;10;11291679689;S
20241014;101043;52.82;5190;11291679690;S
20241014;101043;52.82;20;11291679691;S
20241014;101043;52.82;880;11291679692;S
20241014;101043;52.82;20;11291679693;S
20241014;101044;52.82;30;11291679948;B
20241014;101044;52.82;70;11291680036;B
20241014;101045;52.82;10;11291680746;B
20241014;101045;52.81;90;11291680815;S
20241014;101046;52.82;10;11291680999;B
20241014;101047;52.82;100;11291681267;B
20241014;101047;52.82;2000;11291681299;B
20241014;101047;52.82;20;11291681310;B
20241014;101049;52.82;10;11291681772;B
20241014;101051;52.82;10;11291682276;B
20241014;101051;52.81;1300;11291682277;S
20241014;101051;52.81;500;11291682278;S
20241014;101051;52.81;100;11291682279;S
20241014;101051;52.81;500;11291682280;S
20241014;101051;52.81;10;11291682281;S
20241014;101051;52.81;20;11291682282;S
20241014;101051;52.81;40;11291682283;S
20241014;101051;52.81;50;11291682284;S
20241014;101051;52.81;30;11291682285;S
20241014;101051;52.81;110;11291682286;S
20241014;101051;52.81;20;11291682287;S
20241014;101051;52.81;100;11291682288;S
20241014;101051;52.81;20;11291682289;S
20241014;101054;52.8;10;11291683069;S
20241014;101054;52.8;10;11291683070;S
20241014;101054;52.8;7830;11291683071;S
20241014;101055;52.8;950;11291683320;S
20241014;101056;52.8;12000;11291683532;S
20241014;101056;52.81;10;11291683544;B
20241014;101056;52.81;10;11291683561;B
20241014;101059;52.81;40;11291684140;B
20241014;101101;52.81;2000;11291684605;B
20241014;101101;52.8;4220;11291684606;S
20241014;101101;52.8;20;11291684607;S
20241014;101101;52.8;1000;11291684608;S
20241014;101101;52.8;20;11291684609;S
20241014;101101;52.8;10;11291684610;S
20241014;101101;52.8;100;11291684611;S
20241014;101101;52.8;17350;11291684612;S
20241014;101102;52.81;30;11291684794;B
20241014;101102;52.8;3060;11291684854;S
20241014;101102;52.8;4590;11291684855;S
20241014;101102;52.81;10;11291684900;B
20241014;101103;52.8;25000;11291685133;S
20241014;101104;52.8;300;11291685371;S
20241014;101104;52.81;10;11291685373;B
20241014;101105;52.81;20;11291685604;B
20241014;101105;52.8;310;11291685605;S
20241014;101105;52.8;14760;11291685606;S
20241014;101106;52.81;10;11291685728;B
20241014;101106;52.8;820;11291685807;S
20241014;101106;52.81;100;11291685810;B
20241014;101107;52.8;3290;11291685910;S
20241014;101107;52.8;1900;11291685911;S
20241014;101107;52.8;2430;11291685912;S
20241014;101107;52.8;2340;11291685913;S
20241014;101109;52.8;400;11291686398;S
20241014;101109;52.8;400;11291686399;S
20241014;101109;52.81;500;11291686535;B
20241014;101110;52.8;430;11291686624;S
20241014;101112;52.8;80;11291687029;S
20241014;101112;52.8;80;11291687030;S
20241014;101114;52.81;40;11291687385;B
20241014;101114;52.8;60;11291687386;S
20241014;101117;52.8;10;11291687936;S
20241014;101117;52.8;10;11291687937;S
20241014;101118;52.81;100;11291688276;B
20241014;101120;52.8;110;11291688508;S
20241014;101120;52.81;10;11291688573;B
20241014;101120;52.81;100;11291688598;B
20241014;101121;52.8;20;11291688753;S
20241014;101121;52.8;20;11291688754;S
20241014;101122;52.81;100;11291688905;B
20241014;101123;52.81;100;11291689073;B
20241014;101125;52.81;100;11291689388;B
20241014;101125;52.8;40;11291689389;S
20241014;101125;52.8;50;11291689446;S
20241014;101125;52.8;50;11291689447;S
20241014;101126;52.8;1710;11291689572;S
20241014;101126;52.81;100;11291689600;B
20241014;101127;52.81;100;11291689842;B
20241014;101128;52.81;10;11291689950;B
20241014;101128;52.8;350;11291689951;S
20241014;101128;52.81;100;11291690026;B
20241014;101128;52.8;130;11291690038;S
20241014;101128;52.8;130;11291690039;S
20241014;101129;52.81;100;11291690252;B
20241014;101129;52.8;4280;11291690257;S
20241014;101129;52.8;100;11291690287;S
20241014;101130;52.8;660;11291690460;S
20241014;101131;52.8;1690;11291690947;S
20241014;101131;52.8;580;11291691077;S
20241014;101131;52.8;580;11291691363;S
20241014;101131;52.8;580;11291691364;S
20241014;101132;52.81;10;11291691541;B
20241014;101134;52.81;10;11291692087;B
20241014;101135;52.8;500;11291692248;S
20241014;101136;52.8;6000;11291692576;S
20241014;101136;52.8;60;11291692577;S
20241014;101136;52.8;60;11291692578;S
20241014;101136;52.8;30;11291692579;S
20241014;101137;52.81;1400;11291692715;B
20241014;101138;52.8;140;11291692873;S
20241014;101138;52.8;170;11291692905;S
20241014;101138;52.81;2000;11291692959;B
20241014;101142;52.8;360;11291693870;S
20241014;101142;52.8;390;11291693871;S
20241014;101142;52.8;390;11291693872;S
20241014;101142;52.8;390;11291693873;S
20241014;101145;52.8;430;11291695308;S
20241014;101145;52.8;430;11291695309;S
20241014;101145;52.8;460;11291695310;S
20241014;101146;52.8;800;11291695592;S
20241014;101147;52.81;20;11291695737;B
20241014;101147;52.81;180;11291695753;B
20241014;101148;52.81;10;11291696081;B
20241014;101148;52.81;10;11291696318;B
20241014;101149;52.8;390;11291696446;S
20241014;101149;52.8;300;11291696447;S
20241014;101149;52.8;30;11291696448;S
20241014;101149;52.8;2000;11291696449;S
20241014;101149;52.8;40;11291696450;S
20241014;101151;52.8;5000;11291696918;S
20241014;101151;52.8;20000;11291696919;S
20241014;101152;52.81;20;11291697429;B
20241014;101152;52.81;110;11291697430;B
20241014;101153;52.8;11590;11291697443;S
20241014;101153;52.8;13410;11291697444;S
20241014;101153;52.8;10;11291697445;S
20241014;101154;52.8;500;11291697766;S
20241014;101154;52.8;24500;11291697767;S
20241014;101154;52.8;250;11291697998;S
20241014;101155;52.81;10;11291698103;B
20241014;101156;52.8;2880;11291698419;S
20241014;101156;52.8;21870;11291698420;S
20241014;101156;52.79;10;11291698422;S
20241014;101156;52.79;810;11291698423;S
20241014;101156;52.79;1000;11291698424;S
20241014;101156;52.79;50;11291698425;S
20241014;101156;52.78;80;11291698426;S
20241014;101156;52.78;20;11291698428;S
20241014;101156;52.78;20;11291698429;S
20241014;101156;52.78;20;11291698430;S
20241014;101156;52.78;1180;11291698431;S
20241014;101156;52.78;820;11291698432;S
20241014;101156;52.79;200;11291698507;B
20241014;101156;52.78;40;11291698512;S
20241014;101156;52.78;50;11291698530;S
20241014;101156;52.78;90;11291698571;S
20241014;101156;52.77;10;11291698572;S
20241014;101156;52.77;10;11291698573;S
20241014;101156;52.77;20;11291698574;S
20241014;101156;52.77;10;11291698575;S
20241014;101156;52.77;400;11291698576;S
20241014;101156;52.77;10;11291698577;S
20241014;101157;52.77;190;11291698804;B
20241014;101158;52.76;10;11291699079;S
20241014;101158;52.76;20;11291699080;S
20241014;101158;52.76;140;11291699081;S
20241014;101201;52.77;10;11291699629;B
20241014;101202;52.77;60;11291700028;B
20241014;101203;52.77;20;11291700481;B
20241014;101207;52.77;10;11291701493;B
20241014;101210;52.77;20;11291702318;B
20241014;101211;52.76;20;11291702623;S
20241014;101211;52.76;10;11291702637;S
20241014;101211;52.76;70;11291702638;S
20241014;101211;52.76;20;11291702639;S
20241014;101211;52.76;50;11291702722;B
20241014;101212;52.76;20;11291702892;B
20241014;101212;52.76;20;11291703050;B
20241014;101213;52.76;20;11291703070;B
20241014;101215;52.76;30;11291703721;B
20241014;101221;52.76;50;11291705166;B
20241014;101221;52.76;20;11291705264;B
20241014;101222;52.76;50;11291705589;B
20241014;101223;52.75;10;11291705746;S
20241014;101223;52.75;10;11291705747;S
20241014;101223;52.75;10;11291705748;S
20241014;101223;52.75;70;11291705749;S
20241014;101223;52.76;130;11291705927;B
20241014;101223;52.76;70;11291705928;B
20241014;101224;52.76;210;11291706170;B
20241014;101224;52.76;10;11291706414;B
20241014;101225;52.76;200;11291706630;B
20241014;101226;52.76;100;11291706927;B
20241014;101226;52.76;250;11291706936;B
20241014;101227;52.76;50;11291707360;B
20241014;101228;52.76;10;11291707436;B
20241014;101228;52.75;730;11291707464;S
20241014;101228;52.75;500;11291707465;S
20241014;101228;52.75;200;11291707466;S
20241014;101228;52.75;40;11291707467;S
20241014;101228;52.75;10;11291707468;S
20241014;101228;52.75;70;11291707469;S
20241014;101228;52.75;20;11291707470;S
20241014;101228;52.75;50;11291707471;S
20241014;101228;52.75;20;11291707472;S
20241014;101228;52.75;10;11291707473;S
20241014;101228;52.75;500;11291707474;S
20241014;101228;52.75;50;11291707475;S
20241014;101228;52.75;10;11291707476;S
20241014;101228;52.74;10;11291707477;S
20241014;101228;52.74;20;11291707478;S
20241014;101228;52.74;60;11291707479;S
20241014;101228;52.74;21000;11291707480;S
20241014;101228;52.74;10;11291707481;S
20241014;101228;52.74;20;11291707482;S
20241014;101228;52.74;60;11291707483;S
20241014;101228;52.74;880;11291707484;S
20241014;101228;52.74;730;11291707485;S
20241014;101228;52.73;10;11291707497;S
20241014;101228;52.73;780;11291707498;S
20241014;101228;52.73;20;11291707499;S
20241014;101228;52.72;10;11291707500;S
20241014;101228;52.72;20;11291707501;S
20241014;101228;52.72;50;11291707502;S
20241014;101228;52.72;100;11291707503;S
20241014;101228;52.72;1000;11291707504;S
20241014;101228;52.72;100;11291707505;S
20241014;101228;52.71;10;11291707506;S
20241014;101228;52.71;50;11291707507;S
20241014;101228;52.71;3600;11291707508;S
20241014;101228;52.71;970;11291707509;S
20241014;101228;52.71;500;11291707510;S
20241014;101228;52.71;1000;11291707511;S
20241014;101228;52.71;420;11291707512;S
20241014;101228;52.7;10;11291707513;S
20241014;101228;52.7;1350;11291707514;S
20241014;101228;52.7;8430;11291707515;S
20241014;101228;52.7;40;11291707516;S
20241014;101228;52.7;100;11291707517;S
20241014;101228;52.7;10;11291707518;S
20241014;101228;52.7;10;11291707519;S
20241014;101228;52.7;10;11291707520;S
20241014;101228;52.7;160;11291707521;S
20241014;101228;52.7;10;11291707522;S
20241014;101228;52.7;10;11291707523;S
20241014;101228;52.7;20;11291707524;S
20241014;101228;52.7;1000;11291707525;S
20241014;101228;52.7;50;11291707526;S
20241014;101228;52.7;150;11291707527;S
20241014;101228;52.7;350;11291707528;S
20241014;101228;52.7;70;11291707529;S
20241014;101228;52.7;10;11291707530;S
20241014;101228;52.7;10;11291707531;S
20241014;101228;52.7;10;11291707532;S
20241014;101228;52.7;10;11291707533;S
20241014;101228;52.7;880;11291707534;S
20241014;101228;52.7;970;11291707535;S
20241014;101228;52.69;100;11291707536;S
20241014;101228;52.69;50;11291707537;S
20241014;101228;52.69;630;11291707538;S
20241014;101228;52.68;200;11291707539;S
20241014;101228;52.68;10;11291707540;S
20241014;101228;52.68;1800;11291707541;S
20241014;101228;52.68;2000;11291707542;S
20241014;101228;52.68;10;11291707543;S
20241014;101228;52.68;950;11291707544;S
20241014;101228;52.67;130;11291707545;S
20241014;101228;52.67;30;11291707546;S
20241014;101228;52.66;160;11291707547;S
20241014;101228;52.66;20;11291707548;S
20241014;101228;52.66;10;11291707549;S
20241014;101228;52.66;1000;11291707550;S
20241014;101228;52.66;590;11291707551;S
20241014;101228;52.66;6990;11291707552;S
20241014;101228;52.66;3010;11291707553;S
20241014;101228;52.67;20;11291707562;S
20241014;101228;52.67;1000;11291707569;S
20241014;101228;52.69;50;11291707570;B
20241014;101228;52.7;10;11291707606;B
20241014;101228;52.67;980;11291707610;S
20241014;101228;52.67;140;11291707611;S
20241014;101228;52.66;5200;11291707612;S
20241014;101228;52.66;880;11291707613;S
20241014;101228;52.66;1000;11291707614;S
20241014;101228;52.65;20;11291707615;S
20241014;101228;52.65;10;11291707616;S
20241014;101228;52.65;10;11291707617;S
20241014;101228;52.65;10;11291707618;S
20241014;101228;52.64;200;11291707619;S
20241014;101228;52.64;50;11291707620;S
20241014;101228;52.64;50;11291707621;S
20241014;101228;52.64;10;11291707622;S
20241014;101228;52.63;10;11291707623;S
20241014;101228;52.63;30;11291707624;S
20241014;101228;52.63;1400;11291707625;S
20241014;101228;52.65;280;11291707626;S
20241014;101228;52.65;720;11291707630;S
20241014;101228;52.64;210;11291707631;S
20241014;101228;52.64;100;11291707632;S
20241014;101228;52.64;130;11291707634;S
20241014;101228;52.64;100;11291707635;S
20241014;101229;52.68;10;11291707679;B
20241014;101229;52.69;10;11291707680;B
20241014;101229;52.66;230;11291707692;B
20241014;101229;52.68;100;11291707721;S
20241014;101229;52.69;180;11291707736;B
20241014;101229;52.7;20;11291707747;B
20241014;101229;52.7;10;11291707764;B
20241014;101229;52.68;120;11291707765;S
20241014;101229;52.68;1000;11291707766;S
20241014;101229;52.67;630;11291707767;S
20241014;101229;52.69;150;11291707812;B
20241014;101229;52.7;10;11291707821;B
20241014;101230;52.7;370;11291707980;B
20241014;101231;52.7;50;11291708275;B
20241014;101231;52.7;20;11291708299;B
20241014;101231;52.7;200;11291708313;B
20241014;101234;52.69;350;11291709036;S
20241014;101234;52.69;550;11291709037;S
20241014;101234;52.68;1030;11291709038;S
20241014;101234;52.67;70;11291709039;S
20241014;101235;52.67;50;11291709331;B
20241014;101236;52.67;180;11291709487;B
20241014;101238;52.67;60;11291710052;B
20241014;101239;52.67;30;11291710118;B
20241014;101239;52.66;50;11291710190;S
20241014;101239;52.66;10;11291710191;S
20241014;101240;52.66;500;11291710398;B
20241014;101240;52.66;100;11291710441;B
20241014;101241;52.66;10;11291710639;B
20241014;101244;52.66;50;11291711131;B
20241014;101244;52.66;10;11291711138;B
20241014;101244;52.66;90;11291711139;B
20241014;101244;52.66;1920;11291711140;B
20241014;101244;52.66;2630;11291711141;B
20241014;101244;52.67;870;11291711142;B
20241014;101244;52.67;120;11291711143;B
20241014;101244;52.66;4360;11291711144;B
20241014;101248;52.68;10;11291711949;S
20241014;101248;52.68;40;11291711950;S
20241014;101249;52.67;30;11291712282;S
20241014;101249;52.69;20;11291712325;B
20241014;101251;52.69;90;11291712647;B
20241014;101252;52.67;220;11291712725;S
20241014;101252;52.67;30;11291712726;S
20241014;101253;52.69;40;11291713106;B
20241014;101253;52.69;10;11291713125;B
20241014;101254;52.67;2000;11291713371;S
20241014;101255;52.69;10;11291713489;B
20241014;101255;52.67;600;11291713524;S
20241014;101255;52.67;110;11291713525;S
20241014;101257;52.67;40;11291713815;S
20241014;101257;52.66;6650;11291713816;S
20241014;101257;52.66;1000;11291713817;S
20241014;101257;52.66;1040;11291713818;S
20241014;101257;52.66;60;11291713819;S
20241014;101257;52.65;510;11291713820;S
20241014;101257;52.64;10;11291713821;S
20241014;101257;52.64;10;11291713822;S
20241014;101257;52.64;880;11291713823;S
20241014;101257;52.64;10;11291713824;S
20241014;101257;52.63;330;11291713825;S
20241014;101257;52.63;280;11291713826;S
20241014;101257;52.63;3780;11291713827;S
20241014;101257;52.62;15000;11291713828;S
20241014;101257;52.62;10;11291713829;S
20241014;101257;52.62;500;11291713830;S
20241014;101257;52.62;10;11291713831;S
20241014;101257;52.61;4000;11291713832;S
20241014;101257;52.61;2000;11291713833;S
20241014;101257;52.61;150;11291713834;S
20241014;101257;52.61;30;11291713835;S
20241014;101257;52.61;2000;11291713836;S
20241014;101257;52.61;10;11291713837;S
20241014;101257;52.6;20;11291713838;S
20241014;101257;52.6;10;11291713839;S
20241014;101257;52.6;10;11291713840;S
20241014;101257;52.6;10;11291713841;S
20241014;101257;52.6;200;11291713842;S
20241014;101257;52.6;160;11291713843;S
20241014;101257;52.6;200;11291713844;S
20241014;101257;52.6;20;11291713845;S
20241014;101257;52.6;10;11291713846;S
20241014;101257;52.6;10;11291713847;S
20241014;101257;52.6;500;11291713848;S
20241014;101257;52.6;10;11291713849;S
20241014;101257;52.6;28660;11291713850;S
20241014;101257;52.6;3770;11291713851;S
20241014;101257;52.6;2000;11291713852;S
20241014;101257;52.6;500;11291713853;S
20241014;101257;52.6;300;11291713854;S
20241014;101257;52.6;4000;11291713855;S
20241014;101257;52.6;20;11291713856;S
20241014;101257;52.6;1000;11291713857;S
20241014;101257;52.6;10;11291713858;S
20241014;101257;52.6;200;11291713859;S
20241014;101257;52.6;10000;11291713860;S
20241014;101257;52.6;50;11291713861;S
20241014;101257;52.61;760;11291713909;S
20241014;101257;52.61;1900;11291713910;S
20241014;101257;52.61;900;11291713911;S
20241014;101257;52.61;1140;11291713912;S
20241014;101257;52.6;1300;11291713913;S
20241014;101257;52.61;100;11291713916;S
20241014;101257;52.6;900;11291713917;S
20241014;101257;52.6;1000;11291713918;S
20241014;101257;52.64;80;11291714023;B
20241014;101257;52.64;20;11291714024;B
20241014;101257;52.62;100;11291714066;S
20241014;101257;52.62;400;11291714067;S
20241014;101257;52.61;100;11291714068;S
20241014;101257;52.61;900;11291714071;S
20241014;101257;52.6;8980;11291714072;S
20241014;101257;52.6;100;11291714073;S
20241014;101257;52.6;20;11291714074;S
20241014;101257;52.62;500;11291714078;S
20241014;101257;52.6;90;11291714079;S
20241014;101257;52.6;140;11291714100;S
20241014;101258;52.6;1500;11291714125;S
20241014;101258;52.62;30;11291714127;B
20241014;101258;52.63;80;11291714175;B
20241014;101258;52.63;20;11291714176;B
20241014;101258;52.6;7000;11291714177;S
20241014;101258;52.6;700;11291714178;S
20241014;101258;52.6;300;11291714179;S
20241014;101258;52.63;20;11291714302;B
20241014;101259;52.63;20;11291714381;B
20241014;101259;52.63;10;11291714574;B
20241014;101301;52.63;60;11291714910;B
20241014;101308;52.63;10;11291716369;B
20241014;101312;52.63;20;11291717252;B
20241014;101312;52.63;20;11291717253;B
20241014;101313;52.63;10;11291717555;B
20241014;101315;52.61;20;11291717862;S
20241014;101315;52.61;10;11291717863;S
20241014;101321;52.61;650;11291719183;S
20241014;101321;52.63;10;11291719333;B
20241014;101323;52.64;100;11291719662;B
20241014;101323;52.64;580;11291719663;B
20241014;101323;52.63;20;11291719717;S
20241014;101323;52.62;10;11291719718;S
20241014;101323;52.62;670;11291719719;S
20241014;101323;52.62;880;11291719720;S
20241014;101323;52.61;350;11291719721;S
20241014;101323;52.61;100;11291719722;S
20241014;101323;52.61;210;11291719723;S
20241014;101323;52.61;670;11291719724;S
20241014;101323;52.61;1000;11291719725;S
20241014;101323;52.6;430;11291719726;S
20241014;101323;52.6;170;11291719727;S
20241014;101323;52.6;20000;11291719728;S
20241014;101323;52.6;5000;11291719729;S
20241014;101323;52.6;60;11291719730;S
20241014;101323;52.59;10;11291719731;S
20241014;101323;52.59;100;11291719732;S
20241014;101323;52.59;10;11291719733;S
20241014;101323;52.59;50;11291719734;S
20241014;101323;52.58;10;11291719735;S
20241014;101323;52.58;100;11291719736;S
20241014;101323;52.58;10;11291719737;S
20241014;101323;52.58;10;11291719738;S
20241014;101323;52.58;10;11291719739;S
20241014;101323;52.58;70;11291719740;S
20241014;101323;52.57;200;11291719741;S
20241014;101323;52.57;50;11291719742;S
20241014;101323;52.57;500;11291719743;S
20241014;101323;52.57;70;11291719744;S
20241014;101323;52.57;7500;11291719745;S
20241014;101323;52.57;100;11291719746;S
20241014;101323;52.57;100;11291719747;S
20241014;101323;52.56;120;11291719748;S
20241014;101323;52.56;20;11291719749;S
20241014;101323;52.56;20;11291719750;S
20241014;101323;52.56;160;11291719751;S
20241014;101323;52.56;1000;11291719752;S
20241014;101323;52.56;4720;11291719753;S
20241014;101323;52.56;2500;11291719754;S
20241014;101323;52.56;20;11291719755;S
20241014;101323;52.56;8330;11291719756;S
20241014;101323;52.55;20;11291719757;S
20241014;101323;52.55;100;11291719758;S
20241014;101323;52.55;1000;11291719759;S
20241014;101323;52.55;500;11291719760;S
20241014;101323;52.55;1510;11291719761;S
20241014;101323;52.55;500;11291719762;S
20241014;101323;52.55;20000;11291719763;S
20241014;101323;52.55;100;11291719764;S
20241014;101323;52.55;50;11291719765;S
20241014;101323;52.55;5000;11291719766;S
20241014;101323;52.54;10;11291719767;S
20241014;101323;52.54;10;11291719768;S
20241014;101323;52.54;10;11291719769;S
20241014;101323;52.54;50;11291719770;S
20241014;101323;52.54;150;11291719771;S
20241014;101323;52.54;50;11291719772;S
20241014;101323;52.54;10;11291719773;S
20241014;101323;52.54;290;11291719774;S
20241014;101323;52.54;5280;11291719775;S
20241014;101323;52.54;30;11291719783;S
20241014;101323;52.54;130;11291719784;S
20241014;101323;52.54;10;11291719790;S
20241014;101323;52.57;290;11291719797;B
20241014;101324;52.59;10;11291719841;B
20241014;101324;52.59;50;11291719916;B
20241014;101324;52.59;100;11291719917;B
20241014;101324;52.58;50;11291719957;S
20241014;101324;52.57;100;11291719958;S
20241014;101324;52.56;100;11291719959;S
20241014;101324;52.56;10;11291719960;S
20241014;101324;52.56;1000;11291719961;S
20241014;101324;52.56;740;11291719962;S
20241014;101324;52.55;550;11291720014;S
20241014;101325;52.58;10;11291720118;B
20241014;101325;52.55;800;11291720242;S
20241014;101326;52.55;600;11291720374;S
20241014;101326;52.55;1000;11291720418;S
20241014;101327;52.59;140;11291720737;B
20241014;101328;52.61;1900;11291720898;B
20241014;101333;52.59;250;11291721909;B
20241014;101333;52.59;250;11291721957;B
20241014;101334;52.61;410;11291722176;B
20241014;101334;52.58;1000;11291722246;S
20241014;101334;52.58;1900;11291722247;S
20241014;101334;52.56;2270;11291722248;S
20241014;101334;52.56;60;11291722276;B
20241014;101334;52.56;540;11291722281;B
20241014;101334;52.56;30;11291722423;B
20241014;101336;52.56;1900;11291722686;B
20241014;101337;52.56;520;11291722943;B
20241014;101337;52.56;880;11291722944;B
20241014;101337;52.55;70;11291722951;S
20241014;101337;52.56;10;11291722984;B
20241014;101337;52.55;200;11291723023;S
20241014;101338;52.56;1000;11291723106;B
20241014;101338;52.56;1900;11291723107;B
20241014;101338;52.55;20;11291723129;S
20241014;101338;52.55;20;11291723155;S
20241014;101339;52.56;1900;11291723363;B
20241014;101339;52.56;10;11291723382;B
20241014;101340;52.56;500;11291723516;B
20241014;101340;52.56;880;11291723517;B
20241014;101340;52.56;1900;11291723524;B
20241014;101340;52.56;10;11291723528;B
20241014;101341;52.55;240;11291723711;S
20241014;101341;52.55;760;11291723712;S
20241014;101341;52.55;10;11291723731;S
20241014;101341;52.56;1900;11291723761;B
20241014;101341;52.55;50;11291723768;S
20241014;101341;52.56;30;11291723771;B
20241014;101342;52.56;1480;11291723935;B
20241014;101342;52.56;420;11291723936;B
20241014;101342;52.55;70;11291724042;S
20241014;101343;52.56;460;11291724227;B
20241014;101343;52.56;1440;11291724228;B
20241014;101344;52.56;460;11291724392;B
20241014;101344;52.56;1440;11291724393;B
20241014;101345;52.56;20;11291724618;B
20241014;101345;52.56;1900;11291724683;B
20241014;101346;52.56;1900;11291724909;B
20241014;101346;52.56;60;11291724918;B
20241014;101346;52.56;50;11291724919;B
20241014;101347;52.57;80;11291725089;B
20241014;101347;52.57;750;11291725152;B
20241014;101347;52.57;50;11291725153;B
20241014;101347;52.57;50;11291725154;B
20241014;101347;52.57;1050;11291725155;B
20241014;101347;52.56;10;11291725177;S
20241014;101348;52.58;20;11291725295;B
20241014;101348;52.56;880;11291725306;S
20241014;101348;52.56;1900;11291725307;S
20241014;101348;52.56;50;11291725308;S
20241014;101348;52.55;1380;11291725309;S
20241014;101348;52.55;500;11291725310;S
20241014;101348;52.55;10;11291725311;S
20241014;101348;52.55;160;11291725312;S
20241014;101348;52.55;50;11291725313;S
20241014;101348;52.54;3140;11291725314;S
20241014;101348;52.54;2100;11291725315;S
20241014;101348;52.54;2500;11291725316;S
20241014;101348;52.54;30;11291725317;S
20241014;101348;52.54;1000;11291725318;S
20241014;101348;52.54;880;11291725319;S
20241014;101348;52.53;300;11291725320;S
20241014;101348;52.53;4720;11291725321;S
20241014;101348;52.53;10;11291725322;S
20241014;101348;52.53;30;11291725323;S
20241014;101348;52.52;10;11291725324;S
20241014;101348;52.52;50;11291725325;S
20241014;101348;52.52;10;11291725326;S
20241014;101348;52.52;250;11291725327;S
20241014;101348;52.52;20;11291725328;S
20241014;101348;52.52;20;11291725329;S
20241014;101348;52.52;50;11291725330;S
20241014;101348;52.52;20;11291725331;S
20241014;101348;52.52;10000;11291725332;S
20241014;101348;52.52;10;11291725333;S
20241014;101348;52.51;10;11291725334;S
20241014;101348;52.51;10;11291725335;S
20241014;101348;52.51;10;11291725336;S
20241014;101348;52.51;10;11291725337;S
20241014;101348;52.51;10;11291725338;S
20241014;101348;52.51;2000;11291725339;S
20241014;101348;52.51;2000;11291725340;S
20241014;101348;52.51;10;11291725341;S
20241014;101348;52.51;5000;11291725342;S
20241014;101348;52.5;10;11291725343;S
20241014;101348;52.5;10;11291725344;S
20241014;101348;52.5;10;11291725345;S
20241014;101348;52.5;50;11291725346;S
20241014;101348;52.5;10;11291725347;S
20241014;101348;52.5;10;11291725348;S
20241014;101348;52.5;100;11291725349;S
20241014;101348;52.5;10;11291725350;S
20241014;101348;52.5;500;11291725351;S
20241014;101348;52.5;120;11291725352;S
20241014;101348;52.5;10;11291725353;S
20241014;101348;52.5;10;11291725354;S
20241014;101348;52.5;20;11291725355;S
20241014;101348;52.5;10;11291725356;S
20241014;101348;52.5;30;11291725357;S
20241014;101348;52.5;10;11291725358;S
20241014;101348;52.5;10;11291725359;S
20241014;101348;52.5;10;11291725360;S
20241014;101348;52.5;100;11291725361;S
20241014;101348;52.5;100;11291725362;S
20241014;101348;52.5;10;11291725363;S
20241014;101348;52.5;100;11291725364;S
20241014;101348;52.5;10;11291725365;S
20241014;101348;52.5;10;11291725366;S
20241014;101348;52.5;10;11291725367;S
20241014;101348;52.5;110;11291725368;S
20241014;101348;52.5;10;11291725369;S
20241014;101348;52.5;10;11291725370;S
20241014;101348;52.5;1000;11291725371;S
20241014;101348;52.5;10;11291725372;S
20241014;101348;52.5;10;11291725373;S
20241014;101348;52.5;570;11291725374;S
20241014;101348;52.5;250;11291725375;S
20241014;101348;52.5;100;11291725376;S
20241014;101348;52.5;10;11291725377;S
20241014;101348;52.5;10;11291725378;S
20241014;101348;52.5;1070;11291725379;S
20241014;101348;52.5;900;11291725380;S
20241014;101348;52.5;150;11291725381;S
20241014;101348;52.5;10;11291725382;S
20241014;101348;52.5;20;11291725383;S
20241014;101348;52.5;10;11291725384;S
20241014;101348;52.5;10;11291725385;S
20241014;101348;52.5;400;11291725386;S
20241014;101348;52.5;20;11291725387;S
20241014;101348;52.5;10;11291725388;S
20241014;101348;52.5;7000;11291725389;S
20241014;101348;52.5;70;11291725390;S
20241014;101348;52.5;40;11291725391;S
20241014;101348;52.5;10000;11291725392;S
20241014;101348;52.5;10;11291725393;S
20241014;101348;52.5;20;11291725394;S
20241014;101348;52.5;10;11291725395;S
20241014;101348;52.5;690;11291725396;S
20241014;101348;52.5;50;11291725397;S
20241014;101348;52.5;10;11291725398;S
20241014;101348;52.5;10;11291725399;S
20241014;101348;52.5;10;11291725400;S
20241014;101348;52.5;50;11291725401;S
20241014;101348;52.5;10;11291725402;S
20241014;101348;52.5;10;11291725403;S
20241014;101348;52.5;10;11291725404;S
20241014;101348;52.5;30;11291725405;S
20241014;101348;52.5;50;11291725406;S
20241014;101348;52.49;50;11291725407;S
20241014;101348;52.49;10;11291725408;S
20241014;101348;52.49;1000;11291725409;S
20241014;101348;52.49;2800;11291725410;S
20241014;101348;52.49;70;11291725411;S
20241014;101348;52.49;10;11291725412;S
20241014;101348;52.48;10;11291725413;S
20241014;101348;52.47;10;11291725414;S
20241014;101348;52.47;130;11291725415;S
20241014;101348;52.47;10;11291725416;S
20241014;101348;52.47;10000;11291725417;S
20241014;101348;52.46;300;11291725418;S
20241014;101348;52.45;500;11291725419;S
20241014;101348;52.45;200;11291725420;S
20241014;101348;52.45;10000;11291725421;S
20241014;101348;52.45;5320;11291725422;S
20241014;101348;52.45;10870;11291725423;S
20241014;101348;52.45;8010;11291725424;S
20241014;101348;52.46;20;11291725425;S
20241014;101348;52.5;100;11291725426;S
20241014;101348;52.47;10;11291725427;S
20241014;101348;52.47;1000;11291725428;S
20241014;101348;52.47;10;11291725429;S
20241014;101348;52.47;1250;11291725430;S
20241014;101348;52.46;1750;11291725431;S
20241014;101348;52.47;1760;11291725432;S
20241014;101348;52.47;510;11291725433;S
20241014;101348;52.46;2800;11291725434;S
20241014;101348;52.46;200;11291725435;S
20241014;101348;52.47;2270;11291725436;S
20241014;101348;52.45;2800;11291725437;S
20241014;101348;52.44;500;11291725438;S
20241014;101348;52.44;50;11291725439;S
20241014;101348;52.44;10;11291725440;S
20241014;101348;52.44;3780;11291725441;S
20241014;101348;52.45;2270;11291725442;S
20241014;101348;52.44;20;11291725443;S
20241014;101348;52.44;30;11291725445;S
20241014;101348;52.44;30;11291725446;S
20241014;101348;52.44;2190;11291725448;S
20241014;101348;52.44;1810;11291725449;S
20241014;101348;52.44;1970;11291725452;S
20241014;101348;52.43;100;11291725453;S
20241014;101348;52.43;30;11291725454;S
20241014;101348;52.43;2870;11291725455;S
20241014;101348;52.45;1760;11291725457;S
20241014;101348;52.44;440;11291725460;S
20241014;101348;52.48;10;11291725464;B
20241014;101348;52.46;100;11291725468;S
20241014;101348;52.44;1830;11291725469;S
20241014;101348;52.44;3780;11291725470;S
20241014;101348;52.44;910;11291725471;S
20241014;101348;52.43;7130;11291725472;S
20241014;101348;52.42;50;11291725473;S
20241014;101348;52.42;20;11291725474;S
20241014;101348;52.42;220;11291725475;S
20241014;101348;52.41;10;11291725476;S
20241014;101348;52.41;10;11291725477;S
20241014;101348;52.41;230;11291725478;S
20241014;101348;52.42;2270;11291725479;S
20241014;101348;52.41;2570;11291725480;S
20241014;101348;52.4;2000;11291725481;S
20241014;101348;52.4;1000;11291725482;S
20241014;101348;52.4;60;11291725483;S
20241014;101348;52.4;100;11291725484;S
20241014;101348;52.4;100;11291725485;S
20241014;101348;52.4;400;11291725486;S
20241014;101348;52.4;10;11291725487;S
20241014;101348;52.4;70;11291725488;S
20241014;101348;52.4;10;11291725489;S
20241014;101348;52.4;20;11291725490;S
20241014;101348;52.39;20;11291725491;S
20241014;101348;52.39;10;11291725492;S
20241014;101348;52.38;1500;11291725493;S
20241014;101348;52.37;100;11291725494;S
20241014;101348;52.37;3780;11291725495;S
20241014;101348;52.36;270;11291725496;S
20241014;101348;52.37;720;11291725498;S
20241014;101348;52.37;20;11291725499;S
20241014;101348;52.37;2800;11291725500;S
20241014;101348;52.36;3530;11291725501;S
20241014;101348;52.35;250;11291725502;S
20241014;101348;52.35;1700;11291725503;S
20241014;101348;52.35;880;11291725504;S
20241014;101348;52.34;40;11291725505;S
20241014;101348;52.34;10;11291725506;S
20241014;101348;52.34;4340;11291725507;S
20241014;101348;52.37;2800;11291725512;S
20241014;101348;52.34;200;11291725513;S
20241014;101348;52.34;600;11291725514;S
20241014;101348;52.34;10;11291725515;S
20241014;101348;52.35;100;11291725516;S
20241014;101348;52.35;3300;11291725517;S
20241014;101348;52.35;50;11291725518;S
20241014;101348;52.39;880;11291725519;B
20241014;101348;52.39;1120;11291725520;B
20241014;101348;52.35;20;11291725521;S
20241014;101348;52.39;10;11291725522;B
20241014;101348;52.39;50;11291725523;B
20241014;101348;52.39;80;11291725524;B
20241014;101348;52.35;200;11291725526;S
20241014;101348;52.36;100;11291725542;B
20241014;101348;52.39;150;11291725543;B
20241014;101348;52.35;1170;11291725545;S
20241014;101348;52.35;1400;11291725546;S
20241014;101348;52.35;500;11291725548;S
20241014;101348;52.36;10;11291725572;B
20241014;101348;52.36;10;11291725578;B
20241014;101348;52.34;170;11291725581;S
20241014;101348;52.34;1330;11291725582;S
20241014;101348;52.36;2000;11291725586;B
20241014;101348;52.36;120;11291725592;B
20241014;101348;52.34;1470;11291725596;S
20241014;101348;52.34;4530;11291725597;S
20241014;101348;52.36;100;11291725601;B
20241014;101348;52.35;1900;11291725603;S
20241014;101348;52.34;810;11291725604;S
20241014;101348;52.34;2190;11291725605;S
20241014;101348;52.36;20;11291725607;B
20241014;101348;52.34;2060;11291725609;S
20241014;101348;52.36;20;11291725612;B
20241014;101348;52.36;10;11291725613;B
20241014;101348;52.34;2060;11291725617;S
20241014;101348;52.36;100;11291725621;B
20241014;101348;52.34;1200;11291725624;S
20241014;101348;52.36;10;11291725626;B
20241014;101348;52.36;800;11291725627;B
20241014;101348;52.38;880;11291725628;B
20241014;101348;52.38;260;11291725629;B
20241014;101348;52.39;770;11291725630;B
20241014;101348;52.39;6500;11291725631;B
20241014;101348;52.4;8290;11291725632;B
20241014;101348;52.35;110;11291725634;S
20241014;101348;52.4;230;11291725637;B
20241014;101348;52.4;100;11291725638;B
20241014;101348;52.35;3670;11291725643;S
20241014;101348;52.35;1330;11291725644;S
20241014;101348;52.34;1000;11291725645;S
20241014;101348;52.35;730;11291725647;S
20241014;101348;52.36;1000;11291725672;S
20241014;101349;52.4;1170;11291725710;B
20241014;101349;52.4;10;11291725711;B
20241014;101349;52.4;880;11291725712;B
20241014;101349;52.4;50;11291725713;B
20241014;101349;52.42;1000;11291725714;B
20241014;101349;52.42;500;11291725715;B
20241014;101349;52.43;100;11291725716;B
20241014;101349;52.43;340;11291725717;B
20241014;101349;52.43;360;11291725718;B
20241014;101349;52.43;50;11291725719;B
20241014;101349;52.43;1000;11291725720;B
20241014;101349;52.43;4540;11291725721;B
20241014;101349;52.45;10;11291725725;B
20241014;101349;52.45;10;11291725732;B
20241014;101349;52.4;500;11291725733;S
20241014;101349;52.4;20;11291725734;S
20241014;101349;52.41;10;11291725738;S
20241014;101349;52.4;690;11291725739;S
20241014;101349;52.4;1000;11291725742;S
20241014;101349;52.45;10;11291725748;B
20241014;101349;52.45;10;11291725755;B
20241014;101349;52.45;30;11291725776;B
20241014;101349;52.45;180;11291725777;B
20241014;101349;52.41;20;11291725778;S
20241014;101349;52.4;2070;11291725779;S
20241014;101349;52.4;5410;11291725780;S
20241014;101349;52.39;1000;11291725781;S
20241014;101349;52.39;880;11291725782;S
20241014;101349;52.38;9980;11291725783;S
20241014;101349;52.37;500;11291725784;S
20241014;101349;52.36;1900;11291725785;S
20241014;101349;52.36;2800;11291725786;S
20241014;101349;52.35;4540;11291725787;S
20241014;101349;52.35;40;11291725788;S
20241014;101349;52.35;150;11291725789;S
20241014;101349;52.34;1080;11291725790;S
20241014;101349;52.34;6500;11291725791;S
20241014;101349;52.33;30;11291725792;S
20241014;101349;52.33;20;11291725793;S
20241014;101349;52.33;100;11291725794;S
20241014;101349;52.33;2820;11291725795;S
20241014;101349;52.33;3000;11291725796;S
20241014;101349;52.33;1530;11291725797;S
20241014;101349;52.33;500;11291725798;S
20241014;101349;52.33;300;11291725799;S
20241014;101349;52.32;10;11291725800;S
20241014;101349;52.32;10;11291725801;S
20241014;101349;52.32;10;11291725802;S
20241014;101349;52.32;50;11291725803;S
20241014;101349;52.32;7860;11291725804;S
20241014;101349;52.32;10;11291725805;S
20241014;101349;52.32;750;11291725806;S
20241014;101349;52.34;80;11291725817;S
20241014;101349;52.33;10;11291725818;S
20241014;101349;52.32;170;11291725819;S
20241014;101349;52.36;200;11291725820;B
20241014;101349;52.36;40;11291725839;B
20241014;101349;52.37;190;11291725840;B
20241014;101349;52.37;10;11291725841;B
20241014;101349;52.32;760;11291725842;S
20241014;101349;52.31;100;11291725843;S
20241014;101349;52.31;10;11291725844;S
20241014;101349;52.31;130;11291725845;S
20241014;101349;52.36;10;11291725852;B
20241014;101349;52.37;10;11291725856;B
20241014;101349;52.37;230;11291725858;B
20241014;101349;52.37;200;11291725859;B
20241014;101349;52.32;1000;11291725861;S
20241014;101349;52.37;10;11291725862;B
20241014;101349;52.37;10;11291725863;B
20241014;101349;52.37;40;11291725890;B
20241014;101349;52.37;10;11291725900;B
20241014;101349;52.32;250;11291725908;S
20241014;101349;52.37;290;11291725948;B
20241014;101349;52.37;410;11291725949;B
20241014;101349;52.32;200;11291725965;S
20241014;101349;52.32;460;11291725970;S
20241014;101349;52.32;70;11291725971;S
20241014;101349;52.36;30;11291725974;B
20241014;101349;52.36;30;11291725975;B
20241014;101349;52.38;500;11291725980;B
20241014;101349;52.37;400;11291725998;B
20241014;101349;52.37;80;11291725999;B
20241014;101349;52.31;10;11291726004;S
20241014;101349;52.37;20;11291726010;B
20241014;101349;52.37;130;11291726014;B
20241014;101349;52.37;400;11291726016;B
20241014;101349;52.34;100;11291726025;B
20241014;101349;52.37;1300;11291726026;B
20241014;101349;52.37;20;11291726027;B
20241014;101349;52.37;200;11291726034;B
20241014;101349;52.37;2950;11291726042;B
20241014;101349;52.37;1550;11291726043;B
20241014;101349;52.37;500;11291726044;B
20241014;101349;52.31;40;11291726047;S
20241014;101349;52.37;10;11291726062;B
20241014;101349;52.38;20;11291726064;B
20241014;101349;52.34;900;11291726067;S
20241014;101349;52.34;990;11291726069;S
20241014;101349;52.38;300;11291726072;B
20241014;101349;52.38;10;11291726074;B
20241014;101350;52.34;400;11291726076;S
20241014;101350;52.38;10;11291726078;B
20241014;101350;52.38;10;11291726080;B
20241014;101350;52.34;80;11291726081;S
20241014;101350;52.38;30;11291726082;B
20241014;101350;52.34;150;11291726090;S
20241014;101350;52.36;10;11291726092;B
20241014;101350;52.34;240;11291726100;S
20241014;101350;52.36;300;11291726101;B
20241014;101350;52.36;20;11291726105;B
20241014;101350;52.36;10;11291726107;B
20241014;101350;52.35;10;11291726117;S
20241014;101350;52.36;20;11291726119;B
20241014;101350;52.36;20;11291726122;B
20241014;101350;52.36;530;11291726123;B
20241014;101350;52.36;100;11291726124;B
20241014;101350;52.37;100;11291726125;B
20241014;101350;52.37;270;11291726126;B
20241014;101350;52.35;10;11291726130;S
20241014;101350;52.35;350;11291726141;S
20241014;101350;52.38;400;11291726148;B
20241014;101350;52.38;600;11291726149;B
20241014;101350;52.38;880;11291726150;B
20241014;101350;52.39;190;11291726151;B
20241014;101350;52.39;20;11291726152;B
20241014;101350;52.4;810;11291726153;B
20241014;101350;52.39;60;11291726161;B
20241014;101350;52.35;740;11291726164;S
20241014;101350;52.39;10;11291726166;B
20241014;101350;52.37;100;11291726175;B
20241014;101350;52.39;810;11291726176;B
20241014;101350;52.4;120;11291726177;B
20241014;101350;52.41;1600;11291726178;B
20241014;101350;52.37;800;11291726182;S
20241014;101350;52.35;20;11291726184;S
20241014;101350;52.38;10;11291726187;B
20241014;101350;52.38;190;11291726188;B
20241014;101350;52.4;880;11291726190;B
20241014;101350;52.41;1880;11291726191;B
20241014;101350;52.41;500;11291726304;B
20241014;101351;52.41;250;11291726393;B
20241014;101351;52.4;10;11291726406;S
20241014;101351;52.4;70;11291726407;S
20241014;101351;52.41;10;11291726435;B
20241014;101351;52.41;200;11291726460;B
20241014;101351;52.41;1000;11291726462;B
20241014;101351;52.41;950;11291726477;B
20241014;101352;52.41;250;11291726571;B
20241014;101352;52.4;2830;11291726587;S
20241014;101352;52.4;50;11291726588;S
20241014;101352;52.4;1350;11291726589;S
20241014;101352;52.41;250;11291726619;B
20241014;101353;52.41;250;11291726822;B
20241014;101353;52.41;5000;11291726858;B
20241014;101353;52.41;1840;11291726904;B
20241014;101353;52.41;60;11291726905;B
20241014;101353;52.41;1060;11291726939;B
20241014;101354;52.42;200;11291727139;B
20241014;101354;52.43;5340;11291727140;B
20241014;101354;52.43;1000;11291727141;B
20241014;101354;52.43;880;11291727142;B
20241014;101354;52.44;400;11291727143;B
20241014;101354;52.45;1030;11291727144;B
20241014;101354;52.45;290;11291727145;B
20241014;101354;52.45;10;11291727146;B
20241014;101354;52.46;850;11291727147;B
20241014;101354;52.44;1900;11291727196;S
20241014;101354;52.41;1100;11291727197;S
20241014;101356;52.45;5340;11291727644;B
20241014;101356;52.45;880;11291727645;B
20241014;101356;52.46;3780;11291727646;B
20241014;101357;52.46;20;11291727877;B
20241014;101358;52.47;160;11291728118;B
20241014;101359;52.47;260;11291728325;B
20241014;101359;52.47;4580;11291728400;B
20241014;101359;52.47;5420;11291728401;B
20241014;101400;52.48;10;11291728541;B
20241014;101400;52.48;1990;11291728542;B
20241014;101400;52.49;10;11291728584;B
20241014;101400;52.49;80;11291728591;B
20241014;101400;52.47;1900;11291728668;S
20241014;101401;52.46;3100;11291728774;B
20241014;101401;52.49;120;11291728821;B
20241014;101402;52.49;40;11291728966;B
20241014;101403;52.48;10;11291729228;S
20241014;101404;52.49;300;11291729315;B
20241014;101404;52.48;10;11291729464;S
20241014;101404;52.49;10;11291729531;B
20241014;101406;52.46;10;11291729704;S
20241014;101406;52.45;1000;11291729705;S
20241014;101406;52.45;3780;11291729706;S
20241014;101406;52.44;6660;11291729707;S
20241014;101406;52.44;10;11291729708;S
20241014;101406;52.44;860;11291729709;S
20241014;101406;52.43;10000;11291729710;S
20241014;101406;52.43;10;11291729711;S
20241014;101406;52.43;880;11291729712;S
20241014;101406;52.42;10;11291729713;S
20241014;101406;52.42;500;11291729714;S
20241014;101406;52.41;20;11291729715;S
20241014;101406;52.41;4000;11291729716;S
20241014;101406;52.41;2160;11291729717;S
20241014;101406;52.4;8650;11291729718;S
20241014;101406;52.4;5000;11291729719;S
20241014;101406;52.4;400;11291729720;S
20241014;101406;52.39;5330;11291729721;S
20241014;101406;52.38;3050;11291729722;S
20241014;101406;52.38;10;11291729723;S
20241014;101406;52.38;3000;11291729724;S
20241014;101406;52.38;10;11291729725;S
20241014;101406;52.37;10000;11291729726;S
20241014;101406;52.37;5000;11291729727;S
20241014;101406;52.36;3200;11291729728;S
20241014;101406;52.36;1000;11291729729;S
20241014;101406;52.36;50;11291729730;S
20241014;101406;52.36;10390;11291729731;S
20241014;101406;52.36;10010;11291729732;S
20241014;101406;52.4;10000;11291729793;B
20241014;101406;52.41;20;11291729924;B
20241014;101406;52.41;30;11291729925;B
20241014;101407;52.41;710;11291730090;B
20241014;101407;52.42;20;11291730353;B
20241014;101407;52.42;720;11291730354;B
20241014;101408;52.43;10;11291730454;B
20241014;101408;52.43;30;11291730465;B
20241014;101409;52.41;10;11291730781;S
20241014;101409;52.41;10;11291730782;S
20241014;101411;52.42;50;11291731143;B
20241014;101411;52.42;700;11291731144;B
20241014;101412;52.44;900;11291731240;B
20241014;101412;52.42;10;11291731375;S
20241014;101412;52.41;40;11291731376;S
20241014;101412;52.41;100;11291731377;S
20241014;101412;52.4;850;11291731378;S
20241014;101412;52.44;50;11291731382;B
20241014;101413;52.39;900;11291731530;S
20241014;101413;52.39;710;11291731544;S
20241014;101413;52.38;30;11291731545;S
20241014;101413;52.38;230;11291731546;S
20241014;101414;52.43;20;11291731710;B
20241014;101414;52.43;250;11291731715;B
20241014;101415;52.43;20;11291731894;B
20241014;101415;52.38;1100;11291731955;S
20241014;101415;52.38;1000;11291731969;S
20241014;101416;52.41;10;11291732079;S
20241014;101418;52.4;880;11291732628;B
20241014;101418;52.42;1000;11291732629;B
20241014;101418;52.43;2610;11291732630;B
20241014;101418;52.44;50;11291732631;B
20241014;101418;52.44;500;11291732632;B
20241014;101418;52.44;10000;11291732633;B
20241014;101418;52.44;500;11291732634;B
20241014;101418;52.45;100;11291732635;B
20241014;101418;52.45;5000;11291732636;B
20241014;101418;52.46;2800;11291732637;B
20241014;101418;52.46;5000;11291732638;B
20241014;101418;52.47;2030;11291732639;B
20241014;101418;52.47;5340;11291732640;B
20241014;101418;52.47;10000;11291732641;B
20241014;101418;52.47;13000;11291732642;B
20241014;101418;52.48;600;11291732643;B
20241014;101418;52.48;30;11291732644;B
20241014;101418;52.49;100;11291732645;B
20241014;101418;52.49;10;11291732646;B
20241014;101418;52.5;500;11291732647;B
20241014;101418;52.5;60;11291732648;B
20241014;101418;52.5;100;11291732649;B
20241014;101418;52.5;1700;11291732650;B
20241014;101418;52.5;1000;11291732651;B
20241014;101418;52.5;2070;11291732652;B
20241014;101418;52.5;4170;11291732653;B
20241014;101418;52.42;10;11291732670;S
20241014;101419;52.48;1900;11291732796;B
20241014;101420;52.47;1000;11291732952;S
20241014;101421;52.48;10;11291733262;S
20241014;101421;52.47;370;11291733263;S
20241014;101423;52.5;100;11291733529;B
20241014;101424;52.5;10;11291733772;B
20241014;101425;52.49;260;11291733883;B
20241014;101425;52.49;30;11291733930;B
20241014;101426;52.46;1040;11291734058;S
20241014;101426;52.49;200;11291734063;B
20241014;101427;52.46;2570;11291734276;S
20241014;101427;52.46;1500;11291734277;S
20241014;101427;52.45;1480;11291734278;S
20241014;101427;52.45;1000;11291734279;S
20241014;101427;52.44;1500;11291734280;S
20241014;101427;52.43;550;11291734281;S
20241014;101431;52.45;800;11291735280;B
20241014;101431;52.46;1000;11291735281;B
20241014;101431;52.46;10;11291735282;B
20241014;101431;52.46;820;11291735283;B
20241014;101431;52.46;20;11291735284;B
20241014;101431;52.46;740;11291735285;B
20241014;101431;52.47;6800;11291735286;B
20241014;101431;52.47;880;11291735287;B
20241014;101431;52.47;820;11291735288;B
20241014;101431;52.48;570;11291735289;B
20241014;101431;52.49;310;11291735290;B
20241014;101431;52.49;10000;11291735291;B
20241014;101431;52.49;10000;11291735292;B
20241014;101431;52.5;15720;11291735293;B
20241014;101431;52.5;5000;11291735294;B
20241014;101431;52.5;1500;11291735295;B
20241014;101431;52.5;1000;11291735296;B
20241014;101431;52.5;830;11291735297;B
20241014;101431;52.51;600;11291735298;B
20241014;101431;52.51;200;11291735299;B
20241014;101431;52.52;200;11291735300;B
20241014;101431;52.52;1500;11291735301;B
20241014;101431;52.52;40;11291735302;B
20241014;101431;52.52;10000;11291735303;B
20241014;101431;52.52;5000;11291735304;B
20241014;101431;52.52;5340;11291735305;B
20241014;101431;52.56;1000;11291735306;B
20241014;101431;52.56;2800;11291735307;B
20241014;101431;52.56;10690;11291735308;B
20241014;101431;52.57;5810;11291735309;B
20241014;101431;52.54;50;11291735310;B
20241014;101431;52.56;2800;11291735311;B
20241014;101431;52.56;200;11291735312;B
20241014;101431;52.56;10;11291735341;B
20241014;101432;52.5;880;11291735495;S
20241014;101432;52.5;1000;11291735496;S
20241014;101432;52.5;440;11291735497;S
20241014;101434;52.46;880;11291736091;S
20241014;101434;52.46;120;11291736092;S
20241014;101435;52.47;10;11291736511;B
20241014;101436;52.47;50;11291736570;B
20241014;101436;52.47;80;11291736581;B
20241014;101436;52.47;90;11291736745;B
20241014;101437;52.44;650;11291736857;S
20241014;101437;52.44;880;11291736858;S
20241014;101437;52.43;470;11291736859;S
20241014;101437;52.43;1000;11291736880;S
20241014;101437;52.43;880;11291736881;S
20241014;101437;52.43;3120;11291736882;S
20241014;101441;52.44;10;11291737728;S
20241014;101441;52.48;10;11291737777;B
20241014;101441;52.46;580;11291737788;S
20241014;101444;52.5;2000;11291738381;B
20241014;101444;52.49;200;11291738504;S
20241014;101444;52.48;400;11291738505;S
20241014;101446;52.47;60;11291738892;S
20241014;101446;52.47;880;11291738893;S
20241014;101446;52.47;1000;11291738894;S
20241014;101448;52.46;10;11291739311;S
20241014;101448;52.46;100;11291739312;S
20241014;101449;52.47;10;11291739596;B
20241014;101451;52.46;780;11291740242;S
20241014;101451;52.46;20;11291740243;S
20241014;101452;52.46;20;11291740454;S
20241014;101452;52.46;80;11291740455;S
20241014;101453;52.47;9050;11291740710;B
20241014;101453;52.47;2500;11291740711;B
20241014;101453;52.47;10;11291740751;S
20241014;101454;52.5;680;11291740891;B
20241014;101454;52.51;10;11291740892;B
20241014;101454;52.53;500;11291740893;B
20241014;101454;52.55;5330;11291740894;B
20241014;101454;52.56;880;11291740895;B
20241014;101454;52.56;10000;11291740896;B
20241014;101454;52.56;10;11291740897;B
20241014;101454;52.57;2800;11291740898;B
20241014;101454;52.58;10;11291740899;B
20241014;101454;52.58;20;11291740900;B
20241014;101454;52.58;10;11291740901;B
20241014;101454;52.58;7330;11291740902;B
20241014;101454;52.58;5060;11291740903;B
20241014;101454;52.59;9550;11291740904;B
20241014;101454;52.59;100;11291740905;B
20241014;101454;52.6;40000;11291740906;B
20241014;101454;52.6;1000;11291740907;B
20241014;101454;52.6;10000;11291740908;B
20241014;101454;52.6;6710;11291740909;B
20241014;101454;52.6;1000;11291740910;B
20241014;101454;52.61;30;11291740943;B
20241014;101454;52.55;1830;11291740944;S
20241014;101454;52.55;530;11291740957;S
20241014;101454;52.6;10;11291741138;B
20241014;101455;52.57;7640;11291741243;S
20241014;101455;52.57;880;11291741244;S
20241014;101455;52.56;1000;11291741245;S
20241014;101455;52.55;500;11291741246;S
20241014;101455;52.55;1980;11291741247;S
20241014;101455;52.54;1000;11291741377;S
20241014;101455;52.54;50;11291741378;S
20241014;101455;52.54;550;11291741407;S
20241014;101456;52.54;550;11291741604;S
20241014;101458;52.55;4570;11291742256;S
20241014;101458;52.54;3180;11291742257;S
20241014;101458;52.54;1000;11291742258;S
20241014;101458;52.54;750;11291742259;S
20241014;101458;52.54;880;11291742260;S
20241014;101458;52.52;5000;11291742261;S
20241014;101458;52.51;6800;11291742262;S
20241014;101459;52.51;100;11291742511;B
20241014;101500;52.5;100;11291742625;S
20241014;101500;52.51;60;11291742720;B
20241014;101501;52.51;4490;11291742938;B
20241014;101501;52.51;510;11291742939;B
20241014;101501;52.53;100;11291742957;B
20241014;101502;52.5;50;11291743146;S
20241014;101502;52.5;10;11291743251;B
20241014;101502;52.5;190;11291743311;B
20241014;101502;52.5;10;11291743412;B
20241014;101504;52.47;1500;11291743965;S
20241014;101504;52.47;10;11291744010;S
20241014;101504;52.48;250;11291744215;B
20241014;101504;52.48;100;11291744216;B
20241014;101504;52.5;150;11291744217;B
20241014;101508;52.47;20;11291745583;S
20241014;101508;52.49;670;11291745908;B
20241014;101509;52.49;3330;11291746232;B
20241014;101509;52.5;1590;11291746233;B
20241014;101509;52.5;10;11291746234;B
20241014;101509;52.5;50;11291746235;B
20241014;101510;52.5;20;11291746328;S
20241014;101512;52.48;880;11291747574;S
20241014;101512;52.48;260;11291747575;S
20241014;101512;52.48;1100;11291747576;S
20241014;101512;52.48;220;11291747577;S
20241014;101512;52.48;30;11291747578;S
20241014;101512;52.48;330;11291747579;S
20241014;101512;52.48;270;11291747580;S
20241014;101512;52.48;70;11291747581;S
20241014;101512;52.48;330;11291747582;S
20241014;101512;52.47;1280;11291747583;S
20241014;101512;52.47;190;11291747635;S
20241014;101517;52.49;20;11291749740;S
20241014;101518;52.51;10;11291750216;B
20241014;101519;52.49;40;11291750893;S
20241014;101519;52.47;10;11291750894;S
20241014;101520;52.51;10;11291751414;B
20241014;101523;52.51;90;11291752393;B
20241014;101523;52.51;30;11291752394;B
20241014;101523;52.47;20;11291752545;S
20241014;101524;52.51;40;11291752709;B
20241014;101524;52.47;2290;11291752940;S
20241014;101524;52.47;50;11291752941;S
20241014;101524;52.47;880;11291752942;S
