<DATE>;<TIME>;<LAST>;<VOL>;<ID>;<OPER>
20241028;095941;48.69;60;11344959828;B
20241028;095941;48.69;10;11344959829;B
20241028;095941;48.69;10;11344959830;B
20241028;095941;48.69;50;11344959831;B
20241028;095941;48.69;300;11344959832;B
20241028;095941;48.69;2500;11344959833;S
20241028;095941;48.69;4000;11344959834;S
20241028;095941;48.69;2000;11344959835;S
20241028;095941;48.69;130;11344959836;S
20241028;095941;48.69;800;11344959837;S
20241028;095941;48.69;10;11344959838;S
20241028;095941;48.69;200;11344959839;B
20241028;095941;48.69;800;11344959840;B
20241028;095941;48.69;40;11344959841;S
20241028;095941;48.69;300;11344959842;B
20241028;095941;48.69;2000;11344959843;S
20241028;095941;48.69;10;11344959844;S
20241028;095941;48.69;2290;11344959845;S
20241028;095941;48.69;4000;11344959846;S
20241028;095941;48.69;16130;11344959847;S
20241028;095941;48.69;700;11344959848;S
20241028;095941;48.69;23730;11344959849;S
20241028;095941;48.69;20;11344959850;S
20241028;095941;48.69;140;11344959851;S
20241028;095941;48.69;500;11344959852;S
20241028;095941;48.69;20;11344959853;S
20241028;095941;48.69;10;11344959854;S
20241028;095941;48.69;10;11344959855;S
20241028;095941;48.69;20;11344959856;S
20241028;095941;48.69;20;11344959857;S
20241028;095941;48.69;30;11344959858;S
20241028;095941;48.69;100;11344959859;S
20241028;095941;48.69;60;11344959860;S
20241028;095941;48.69;200;11344959861;S
20241028;095941;48.69;40;11344959862;S
20241028;095941;48.69;10;11344959863;B
20241028;095941;48.69;10;11344959864;S
20241028;095941;48.69;20;11344959865;S
20241028;095941;48.69;10;11344959866;S
20241028;095941;48.69;30;11344959867;S
20241028;095941;48.69;10;11344959868;S
20241028;095941;48.69;10;11344959869;S
20241028;095941;48.69;100;11344959870;S
20241028;095941;48.69;10;11344959871;S
20241028;095941;48.69;20;11344959872;S
20241028;095941;48.69;10;11344959873;S
20241028;095941;48.69;10;11344959874;S
20241028;095941;48.69;10;11344959875;S
20241028;095941;48.69;50;11344959876;S
20241028;095941;48.69;110;11344959877;S
20241028;095941;48.69;10;11344959878;S
20241028;095941;48.69;20;11344959879;S
20241028;095941;48.69;30;11344959880;S
20241028;095941;48.69;60;11344959881;S
20241028;095941;48.69;100;11344959882;S
20241028;095941;48.69;30;11344959883;S
20241028;095941;48.69;20;11344959884;S
20241028;095941;48.69;40;11344959885;S
20241028;095941;48.69;10;11344959886;S
20241028;095941;48.69;20;11344959887;S
20241028;095941;48.69;20;11344959888;S
20241028;095941;48.69;10;11344959889;S
20241028;095941;48.69;20;11344959890;S
20241028;095941;48.69;10;11344959891;S
20241028;095941;48.69;10;11344959892;S
20241028;095941;48.69;10;11344959893;S
20241028;095941;48.69;10;11344959894;S
20241028;095941;48.69;10;11344959895;S
20241028;095941;48.69;80;11344959896;S
20241028;095941;48.69;10;11344959897;S
20241028;095941;48.69;10;11344959898;S
20241028;095941;48.69;10;11344959899;S
20241028;095941;48.69;10;11344959900;S
20241028;095941;48.69;10;11344959901;S
20241028;095941;48.69;10;11344959902;S
20241028;095941;48.69;40;11344959903;S
20241028;095941;48.69;10;11344959904;S
20241028;095941;48.69;10;11344959905;S
20241028;095941;48.69;10;11344959906;S
20241028;095941;48.69;50;11344959907;S
20241028;095941;48.69;20;11344959908;S
20241028;095941;48.69;10;11344959909;S
20241028;095941;48.69;200;11344959910;S
20241028;095941;48.69;10;11344959911;S
20241028;095941;48.69;30;11344959912;S
20241028;095941;48.69;80;11344959913;S
20241028;095941;48.69;20;11344959914;S
20241028;095941;48.69;10000;11344959915;S
20241028;095941;48.69;100;11344959916;S
20241028;095941;48.69;20;11344959917;S
20241028;095941;48.69;50;11344959918;S
20241028;095941;48.69;270;11344959919;S
20241028;095941;48.69;60;11344959920;S
20241028;095941;48.69;10;11344959921;S
20241028;095941;48.69;20;11344959922;S
20241028;095941;48.69;100;11344959923;S
20241028;095941;48.69;200;11344959924;S
20241028;095941;48.69;10;11344959925;S
20241028;095941;48.69;20;11344959926;S
20241028;095941;48.69;10;11344959927;S
20241028;095941;48.69;10;11344959928;S
20241028;095941;48.69;10;11344959929;S
20241028;095941;48.69;10;11344959930;S
20241028;095941;48.69;600;11344959931;S
20241028;095941;48.69;10;11344959932;S
20241028;095941;48.69;10;11344959933;S
20241028;095941;48.69;30;11344959934;S
20241028;095941;48.69;10;11344959935;S
20241028;095941;48.69;200;11344959936;S
20241028;095941;48.69;10;11344959937;S
20241028;095941;48.69;10;11344959938;S
20241028;095941;48.69;100;11344959939;S
20241028;095941;48.69;20;11344959940;S
20241028;095941;48.69;80;11344959941;S
20241028;095941;48.69;400;11344959942;S
20241028;095941;48.69;20;11344959943;S
20241028;095941;48.69;500;11344959944;S
20241028;095941;48.69;20;11344959945;S
20241028;095941;48.69;30;11344959946;S
20241028;095941;48.69;100;11344959947;S
20241028;095941;48.69;10;11344959948;S
20241028;095941;48.69;10;11344959949;S
20241028;095941;48.69;10;11344959950;S
20241028;095941;48.69;20;11344959951;S
20241028;095941;48.69;50;11344959952;S
20241028;095941;48.69;20;11344959953;S
20241028;095941;48.69;200;11344959954;S
20241028;095941;48.69;10;11344959955;S
20241028;095941;48.69;8190;11344959956;S
20241028;095941;48.69;100;11344959957;S
20241028;095941;48.69;200;11344959958;S
20241028;095941;48.69;40;11344959959;S
20241028;095941;48.69;10;11344959960;S
20241028;095941;48.69;110;11344959961;S
20241028;095941;48.69;30;11344959962;S
20241028;095941;48.69;1000;11344959963;S
20241028;095941;48.69;120;11344959964;S
20241028;095941;48.69;430;11344959965;S
20241028;095941;48.69;1570;11344959966;S
20241028;095941;48.69;200;11344959967;S
20241028;100000;48.71;400;11344972774;S
20241028;100000;48.67;100;11344972775;S
20241028;100000;48.66;10;11344972776;S
20241028;100000;48.65;410;11344973462;B
20241028;100000;48.65;480;11344973487;B
20241028;100000;48.62;100;11344973509;S
20241028;100000;48.62;2980;11344973510;S
20241028;100000;48.61;5000;11344973511;S
20241028;100000;48.6;10;11344973512;S
20241028;100000;48.6;200;11344973513;S
20241028;100000;48.6;100;11344973514;S
20241028;100000;48.6;1610;11344973515;S
20241028;100000;48.65;10;11344973707;B
20241028;100000;48.65;10;11344973726;B
20241028;100000;48.65;10;11344973738;B
20241028;100000;48.65;260;11344973778;B
20241028;100000;48.61;300;11344973949;S
20241028;100000;48.65;160;11344974170;B
20241028;100001;48.61;100;11344974345;S
20241028;100001;48.61;2000;11344974511;S
20241028;100001;48.61;200;11344974600;S
20241028;100001;48.61;150;11344974928;S
20241028;100002;48.63;350;11344975544;B
20241028;100002;48.63;600;11344975699;B
20241028;100002;48.63;600;11344975759;B
20241028;100002;48.63;1200;11344975764;B
20241028;100002;48.63;400;11344976258;B
20241028;100002;48.63;250;11344976262;B
20241028;100002;48.63;10;11344976658;B
20241028;100003;48.63;10;11344977181;B
20241028;100003;48.63;10;11344977346;B
20241028;100004;48.63;10;11344979157;B
20241028;100004;48.63;20;11344979183;B
20241028;100004;48.63;10;11344979184;B
20241028;100004;48.63;30;11344979185;B
20241028;100004;48.64;240;11344979186;B
20241028;100004;48.65;250;11344979187;B
20241028;100004;48.62;400;11344979410;S
20241028;100004;48.66;20;11344979680;B
20241028;100005;48.66;100;11344980105;B
20241028;100005;48.63;20;11344980247;S
20241028;100005;48.63;10;11344980337;S
20241028;100005;48.62;110;11344980338;S
20241028;100005;48.62;380;11344980339;S
20241028;100005;48.66;10;11344980361;B
20241028;100005;48.66;100;11344981875;B
20241028;100006;48.65;10;11344984395;B
20241028;100006;48.65;10;11344984430;B
20241028;100006;48.61;10;11344984450;S
20241028;100006;48.65;10;11344984470;B
20241028;100006;48.65;10;11344984487;B
20241028;100006;48.65;10;11344984499;B
20241028;100006;48.61;10;11344984521;S
20241028;100006;48.61;10;11344984530;S
20241028;100006;48.61;20;11344984541;S
20241028;100006;48.61;20;11344984562;S
20241028;100006;48.65;10;11344984654;B
20241028;100006;48.65;10;11344984681;B
20241028;100006;48.61;20;11344984768;S
20241028;100006;48.61;30;11344984860;S
20241028;100006;48.65;20;11344984902;B
20241028;100006;48.65;10;11344984920;B
20241028;100006;48.61;10;11344984939;S
20241028;100006;48.65;10;11344985351;B
20241028;100006;48.61;20;11344985370;S
20241028;100006;48.65;10;11344985389;B
20241028;100006;48.65;10;11344985403;B
20241028;100006;48.61;10;11344985430;S
20241028;100006;48.65;10;11344985448;B
20241028;100006;48.65;10;11344985473;B
20241028;100006;48.61;10;11344985487;S
20241028;100006;48.61;100;11344985505;S
20241028;100006;48.65;10;11344985841;B
20241028;100006;48.61;10;11344985846;S
20241028;100006;48.61;30;11344985847;S
20241028;100006;48.61;10;11344985873;S
20241028;100006;48.65;10;11344986025;B
20241028;100006;48.65;30;11344986034;B
20241028;100006;48.65;10;11344986044;B
20241028;100006;48.61;20;11344986055;S
20241028;100006;48.65;20;11344986059;B
20241028;100006;48.65;10;11344986066;B
20241028;100006;48.65;10;11344986078;B
20241028;100006;48.65;10;11344986081;B
20241028;100006;48.61;10;11344986086;S
20241028;100006;48.61;10;11344986088;S
20241028;100006;48.65;10;11344986093;B
20241028;100007;48.65;10;11344986351;B
20241028;100007;48.64;90;11344987927;B
20241028;100007;48.64;10;11344988075;B
20241028;100007;48.61;10;11344988086;S
20241028;100007;48.61;10;11344988095;S
20241028;100007;48.64;300;11344988106;B
20241028;100007;48.64;30;11344988117;B
20241028;100007;48.64;1350;11344988860;B
20241028;100007;48.61;600;11344990362;S
20241028;100008;48.62;20;11344991058;S
20241028;100008;48.66;10;11344991087;B
20241028;100008;48.66;200;11344991090;B
20241028;100008;48.66;360;11344991094;B
20241028;100008;48.66;10;11344991099;B
20241028;100008;48.66;20;11344991107;B
20241028;100008;48.61;10;11344991114;S
20241028;100008;48.66;10;11344991123;B
20241028;100008;48.61;520;11344991127;S
20241028;100008;48.66;10;11344991335;B
20241028;100008;48.61;20;11344991429;S
20241028;100008;48.61;10;11344991857;S
20241028;100008;48.66;10;11344991860;B
20241028;100008;48.66;10;11344991863;B
20241028;100008;48.61;20;11344991867;S
20241028;100008;48.66;20;11344991868;B
20241028;100008;48.61;20;11344991872;S
20241028;100008;48.61;10;11344991873;S
20241028;100008;48.61;110;11344991874;S
20241028;100009;48.64;10;11344994610;B
20241028;100009;48.64;10;11344994650;B
20241028;100009;48.61;30;11344994699;S
20241028;100009;48.65;10;11344994725;B
20241028;100009;48.61;10;11344994811;S
20241028;100009;48.64;10;11344994968;B
20241028;100009;48.61;10;11344995000;S
20241028;100009;48.64;10;11344995026;B
20241028;100009;48.64;10;11344995743;B
20241028;100009;48.65;10;11344995756;B
20241028;100009;48.65;10;11344995779;B
20241028;100009;48.65;10;11344995789;B
20241028;100009;48.61;20;11344995811;S
20241028;100009;48.65;10;11344995824;B
20241028;100009;48.61;80;11344995842;S
20241028;100009;48.6;390;11344995843;S
20241028;100009;48.6;20;11344995844;S
20241028;100009;48.6;290;11344995868;S
20241028;100009;48.6;310;11344995882;S
20241028;100009;48.65;10;11344995897;B
20241028;100009;48.65;2280;11344995914;B
20241028;100009;48.65;20;11344996331;B
20241028;100009;48.6;10;11344996796;S
20241028;100009;48.6;30;11344996800;S
20241028;100009;48.65;10;11344996801;B
20241028;100009;48.65;10;11344996802;B
20241028;100009;48.6;10;11344996803;S
20241028;100009;48.65;10;11344996805;B
20241028;100009;48.65;10;11344996806;B
20241028;100009;48.65;10;11344996807;B
20241028;100009;48.64;10;11344996811;B
20241028;100009;48.64;10;11344996812;B
20241028;100010;48.64;30;11344998896;B
20241028;100010;48.6;20;11344998899;S
20241028;100010;48.6;10;11344998900;S
20241028;100010;48.64;10;11344998901;B
20241028;100010;48.61;10;11344998902;S
20241028;100010;48.6;10;11344998915;S
20241028;100010;48.64;1000;11344999009;B
20241028;100010;48.64;1400;11344999024;B
20241028;100010;48.64;10;11344999213;S
20241028;100010;48.65;380;11344999419;B
20241028;100010;48.64;10;11344999575;S
20241028;100010;48.66;20;11345000563;B
20241028;100010;48.64;580;11345000577;S
20241028;100010;48.64;120;11345000578;S
20241028;100010;48.66;10;11345000603;B
20241028;100010;48.66;30;11345000625;B
20241028;100010;48.66;20;11345000640;B
20241028;100010;48.66;100;11345000652;B
20241028;100010;48.64;20;11345000665;S
20241028;100010;48.64;440;11345000682;S
20241028;100010;48.66;150;11345001053;B
20241028;100010;48.66;850;11345001054;B
20241028;100010;48.66;20;11345001287;B
20241028;100010;48.66;10;11345001317;B
20241028;100010;48.64;10;11345001360;S
20241028;100010;48.66;10;11345001383;B
20241028;100010;48.66;10;11345001403;B
20241028;100010;48.66;10;11345001435;B
20241028;100010;48.64;1000;11345001667;S
20241028;100010;48.64;20;11345001873;S
20241028;100010;48.66;10;11345001893;B
20241028;100011;48.64;20;11345002453;S
20241028;100011;48.64;20;11345002455;S
20241028;100011;48.66;10;11345002464;B
20241028;100011;48.66;10;11345002467;B
20241028;100011;48.64;30;11345002472;S
20241028;100011;48.64;100;11345002584;S
20241028;100011;48.64;10;11345002900;S
20241028;100011;48.64;10;11345002918;S
20241028;100011;48.64;50;11345002934;S
20241028;100011;48.66;30;11345002944;B
20241028;100011;48.66;10;11345002971;B
20241028;100011;48.66;10;11345003007;B
20241028;100011;48.66;10;11345003108;B
20241028;100011;48.64;20;11345003119;S
20241028;100011;48.66;110;11345003482;B
20241028;100011;48.66;780;11345003899;B
20241028;100011;48.66;50;11345004053;B
20241028;100011;48.64;50;11345004308;S
20241028;100011;48.66;20;11345004364;B
20241028;100011;48.66;10;11345004402;B
20241028;100011;48.64;10;11345004450;S
20241028;100011;48.64;10;11345004451;S
20241028;100011;48.66;2030;11345004466;B
20241028;100011;48.67;4930;11345004467;B
20241028;100011;48.68;5000;11345004468;B
20241028;100011;48.72;10;11345004469;B
20241028;100011;48.76;90;11345004470;B
20241028;100011;48.76;2940;11345004471;B
20241028;100011;48.76;10;11345004557;B
20241028;100011;48.75;10;11345004571;B
20241028;100011;48.76;10;11345004632;B
20241028;100011;48.65;10;11345004650;S
20241028;100011;48.76;10;11345004667;B
20241028;100011;48.65;150;11345004706;S
20241028;100011;48.76;30;11345004714;B
20241028;100011;48.65;130;11345004719;S
20241028;100011;48.76;10;11345004760;B
20241028;100011;48.65;10;11345004781;S
20241028;100011;48.64;40;11345004903;S
20241028;100011;48.75;10;11345004918;B
20241028;100011;48.64;10;11345004936;S
20241028;100011;48.77;10;11345004967;B
20241028;100011;48.77;10;11345004980;B
20241028;100011;48.77;10;11345004989;B
20241028;100011;48.76;30;11345005087;B
20241028;100011;48.65;10;11345005092;S
20241028;100011;48.65;20;11345005095;S
20241028;100011;48.76;10;11345005097;B
20241028;100011;48.65;10;11345005098;S
20241028;100011;48.76;20;11345005099;B
20241028;100011;48.65;80;11345005100;S
20241028;100011;48.65;20;11345005104;S
20241028;100011;48.65;30;11345005109;S
20241028;100011;48.75;30;11345005110;B
20241028;100011;48.75;20;11345005112;B
20241028;100011;48.75;10;11345005114;B
20241028;100012;48.74;30;11345006643;B
20241028;100012;48.74;10;11345006644;B
20241028;100012;48.65;10;11345006651;S
20241028;100012;48.65;10;11345006652;S
20241028;100012;48.74;10;11345006655;B
20241028;100012;48.64;20;11345006656;S
20241028;100012;48.74;10;11345006657;B
20241028;100012;48.64;20;11345006675;S
20241028;100012;48.62;500;11345006676;S
20241028;100012;48.61;1580;11345006677;S
20241028;100012;48.61;6550;11345007791;S
20241028;100012;48.6;2090;11345007792;S
20241028;100012;48.6;10;11345007793;S
20241028;100012;48.6;30;11345007794;S
20241028;100012;48.6;20;11345007795;S
20241028;100012;48.6;600;11345007796;S
20241028;100012;48.59;700;11345007797;S
20241028;100012;48.72;10;11345008240;B
20241028;100012;48.72;10;11345008244;B
20241028;100012;48.72;10;11345008245;B
20241028;100012;48.72;20;11345008249;B
20241028;100012;48.72;20;11345008250;B
20241028;100012;48.72;30;11345008252;B
20241028;100012;48.72;10;11345008254;B
20241028;100012;48.6;10;11345008257;S
20241028;100012;48.6;10;11345008260;S
20241028;100012;48.59;250;11345008418;S
20241028;100012;48.69;310;11345009101;B
20241028;100012;48.69;20;11345009572;B
20241028;100013;48.59;10;11345010128;S
20241028;100013;48.62;100;11345010907;S
20241028;100016;48.62;110;11345014317;S
20241028;100016;48.61;10;11345014318;S
20241028;100016;48.59;330;11345014319;S
20241028;100016;48.58;550;11345014320;S
20241028;100017;48.66;50;11345014526;B
20241028;100017;48.66;950;11345014685;B
20241028;100017;48.67;70;11345014686;B
20241028;100017;48.68;10;11345014690;B
20241028;100019;48.67;320;11345015609;B
20241028;100019;48.67;400;11345015762;B
20241028;100019;48.67;10;11345016055;B
20241028;100020;48.67;100;11345016146;B
20241028;100020;48.67;500;11345016147;B
20241028;100020;48.67;2000;11345016148;B
20241028;100020;48.67;500;11345016149;B
20241028;100020;48.66;100;11345016150;S
20241028;100021;48.6;20;11345016671;S
20241028;100021;48.6;20;11345016672;S
20241028;100021;48.59;10;11345016673;S
20241028;100021;48.58;70;11345016952;S
20241028;100021;48.57;3000;11345016953;S
20241028;100021;48.57;10;11345016954;S
20241028;100021;48.57;600;11345016955;S
20241028;100021;48.55;30;11345016956;S
20241028;100021;48.55;100;11345016957;S
20241028;100021;48.55;190;11345016958;S
20241028;100023;48.7;10;11345018497;B
20241028;100023;48.7;10;11345018498;B
20241028;100024;48.7;200;11345018684;B
20241028;100024;48.67;310;11345018974;S
20241028;100024;48.65;630;11345019045;B
20241028;100025;48.65;1830;11345019097;B
20241028;100025;48.65;8170;11345019152;S
20241028;100025;48.65;2460;11345019233;B
20241028;100025;48.68;320;11345019607;B
20241028;100025;48.65;10;11345019905;S
20241028;100026;48.64;600;11345019948;S
20241028;100026;48.68;150;11345020283;B
20241028;100026;48.68;4090;11345020575;B
20241028;100026;48.68;880;11345020576;B
20241028;100026;48.68;7360;11345020577;B
20241028;100026;48.69;1670;11345020578;B
20241028;100027;48.68;500;11345020733;B
20241028;100027;48.67;460;11345020734;S
20241028;100027;48.67;580;11345020735;S
20241028;100027;48.67;140;11345020744;S
20241028;100028;48.65;10;11345020932;S
20241028;100029;48.65;200;11345021412;S
20241028;100030;48.68;1360;11345022198;S
20241028;100030;48.68;640;11345022199;S
20241028;100030;48.69;180;11345022253;B
20241028;100030;48.69;130;11345022254;B
20241028;100030;48.64;10;11345022279;S
20241028;100030;48.62;290;11345022280;S
20241028;100032;48.67;910;11345023060;B
20241028;100032;48.68;880;11345023061;B
20241028;100032;48.7;800;11345023062;B
20241028;100032;48.7;210;11345023063;B
20241028;100032;48.71;1640;11345023064;B
20241028;100033;48.68;50;11345023610;S
20241028;100034;48.67;310;11345023772;S
20241028;100035;48.7;1020;11345024304;S
20241028;100035;48.7;960;11345024305;S
20241028;100036;48.69;300;11345024581;B
20241028;100036;48.64;310;11345024907;B
20241028;100036;48.61;500;11345025044;S
20241028;100036;48.59;1000;11345025045;S
20241028;100036;48.58;500;11345025046;S
20241028;100037;48.63;100;11345025150;B
20241028;100037;48.58;40;11345025154;S
20241028;100037;48.63;200;11345025182;B
20241028;100037;48.64;340;11345025183;B
20241028;100037;48.65;880;11345025184;B
20241028;100037;48.67;120;11345025185;B
20241028;100037;48.62;40;11345025284;S
20241028;100037;48.68;30;11345025310;B
20241028;100037;48.68;30;11345025376;B
20241028;100037;48.62;40;11345025393;S
20241028;100037;48.62;40;11345025406;S
20241028;100038;48.63;40;11345025945;S
20241028;100038;48.63;40;11345025946;S
20241028;100039;48.63;40;11345026055;S
20241028;100040;48.64;30;11345026870;S
20241028;100040;48.65;360;11345027036;B
20241028;100041;48.64;200;11345027672;S
20241028;100044;48.65;1000;11345029313;B
20241028;100044;48.67;1000;11345029314;B
20241028;100044;48.67;1730;11345029315;S
20241028;100045;48.67;90;11345030003;S
20241028;100046;48.68;40;11345030515;B
20241028;100046;48.69;310;11345030516;B
20241028;100046;48.67;130;11345030630;S
20241028;100046;48.69;40;11345030677;B
20241028;100046;48.69;10;11345030734;B
20241028;100046;48.67;100;11345030797;S
20241028;100047;48.67;10;11345031151;S
20241028;100048;48.68;30;11345031219;S
20241028;100048;48.67;20;11345031509;S
20241028;100049;48.67;20;11345031694;S
20241028;100050;48.67;150;11345031975;S
20241028;100050;48.68;500;11345032065;B
20241028;100050;48.68;500;11345032066;B
20241028;100050;48.68;80;11345032118;S
20241028;100055;48.69;40;11345034031;B
20241028;100055;48.69;2460;11345034040;B
20241028;100055;48.68;420;11345034241;S
20241028;100055;48.68;80;11345034242;S
20241028;100056;48.69;80;11345034308;B
20241028;100057;48.68;920;11345034868;S
20241028;100057;48.68;3500;11345034869;S
20241028;100057;48.68;2930;11345034870;S
20241028;100057;48.68;90;11345034871;S
20241028;100057;48.67;420;11345034872;S
20241028;100057;48.67;30;11345034873;S
20241028;100057;48.62;130;11345034900;S
20241028;100058;48.6;1110;11345035386;S
20241028;100058;48.59;390;11345035387;S
20241028;100100;48.64;30;11345036086;B
20241028;100100;48.59;260;11345036145;S
20241028;100102;48.59;30;11345036799;B
20241028;100102;48.59;20;11345037156;B
20241028;100103;48.59;80;11345037497;B
20241028;100104;48.58;100;11345037641;S
20241028;100104;48.57;10;11345037642;S
20241028;100104;48.55;2810;11345037643;S
20241028;100104;48.55;50;11345037644;S
20241028;100104;48.55;420;11345037645;S
20241028;100104;48.55;910;11345037646;S
20241028;100104;48.57;2400;11345037650;B
20241028;100104;48.56;3500;11345037656;B
20241028;100104;48.56;80;11345037844;S
20241028;100104;48.55;1920;11345037845;S
20241028;100105;48.58;610;11345038211;B
20241028;100106;48.58;10;11345038713;B
20241028;100107;48.58;10;11345039204;B
20241028;100108;48.55;720;11345039587;B
20241028;100108;48.55;1410;11345039588;B
20241028;100108;48.54;10;11345039649;S
20241028;100108;48.52;10;11345039650;S
20241028;100108;48.52;500;11345039651;S
20241028;100108;48.52;10;11345039652;S
20241028;100108;48.52;710;11345039653;S
20241028;100108;48.51;100;11345039654;S
20241028;100108;48.51;100;11345039655;S
20241028;100108;48.51;10;11345039656;S
20241028;100108;48.51;10;11345039657;S
20241028;100108;48.51;30;11345039658;S
20241028;100108;48.51;10;11345039659;S
20241028;100108;48.51;710;11345039660;S
20241028;100108;48.51;190;11345039661;S
20241028;100108;48.53;2080;11345040372;B
20241028;100108;48.53;3800;11345040378;S
20241028;100108;48.53;250;11345040380;B
20241028;100108;48.53;50;11345040475;B
20241028;100108;48.51;100;11345040490;S
20241028;100108;48.56;20;11345040566;B
20241028;100108;48.58;1000;11345040711;B
20241028;100109;48.54;10;11345040927;S
20241028;100110;48.56;450;11345041464;B
20241028;100110;48.56;1000;11345041657;B
20241028;100111;48.55;10;11345042043;S
20241028;100111;48.56;1000;11345042155;B
20241028;100113;48.54;1000;11345042824;S
20241028;100113;48.53;720;11345042825;S
20241028;100113;48.53;880;11345042826;S
20241028;100113;48.52;10;11345042827;S
20241028;100113;48.52;20;11345042828;S
20241028;100113;48.51;10;11345042829;S
20241028;100113;48.51;10;11345042830;S
20241028;100113;48.51;50;11345042831;S
20241028;100113;48.51;5000;11345042832;S
20241028;100113;48.5;100;11345042833;S
20241028;100113;48.5;20;11345042834;S
20241028;100113;48.5;10;11345042835;S
20241028;100113;48.5;20;11345042836;S
20241028;100113;48.5;10;11345042837;S
20241028;100113;48.5;100;11345042838;S
20241028;100113;48.5;10;11345042839;S
20241028;100113;48.5;20;11345042840;S
20241028;100113;48.5;100;11345042841;S
20241028;100113;48.5;10;11345042842;S
20241028;100113;48.5;10;11345042843;S
20241028;100113;48.5;10;11345042844;S
20241028;100113;48.5;10;11345042845;S
20241028;100113;48.5;10;11345042846;S
20241028;100113;48.5;10;11345042847;S
20241028;100113;48.5;10;11345042848;S
20241028;100113;48.5;10;11345042849;S
20241028;100113;48.5;10;11345042850;S
20241028;100113;48.5;10;11345042851;S
20241028;100113;48.5;10;11345042852;S
20241028;100113;48.5;10;11345042853;S
20241028;100113;48.5;10;11345042854;S
20241028;100113;48.5;1000;11345042855;S
20241028;100113;48.5;50;11345042856;S
20241028;100113;48.5;100;11345042857;S
20241028;100113;48.5;630;11345042858;S
20241028;100113;48.5;4000;11345042872;S
20241028;100113;48.54;100;11345042877;B
20241028;100113;48.54;200;11345042879;B
20241028;100113;48.54;200;11345042888;B
20241028;100113;48.54;80;11345042891;B
20241028;100113;48.55;100;11345042900;B
20241028;100113;48.55;500;11345042954;B
20241028;100113;48.56;100;11345042955;B
20241028;100113;48.57;100;11345042956;B
20241028;100113;48.53;100;11345042957;S
20241028;100113;48.53;900;11345042958;S
20241028;100113;48.52;500;11345042959;S
20241028;100113;48.52;50;11345042960;S
20241028;100113;48.51;100;11345042961;S
20241028;100113;48.51;10;11345042962;S
20241028;100113;48.51;140;11345042963;S
20241028;100114;48.51;30;11345043072;S
20241028;100114;48.54;880;11345043280;B
20241028;100114;48.54;620;11345043281;B
20241028;100115;48.51;500;11345043338;S
20241028;100115;48.51;30;11345043359;S
20241028;100115;48.51;200;11345043549;S
20241028;100117;48.51;2740;11345044125;S
20241028;100117;48.51;3000;11345044126;S
20241028;100117;48.5;4260;11345044127;S
20241028;100118;48.51;3500;11345044707;S
20241028;100118;48.5;1110;11345044708;S
20241028;100118;48.5;10;11345044709;S
20241028;100118;48.5;10;11345044710;S
20241028;100118;48.5;10;11345044711;S
20241028;100118;48.5;20;11345044712;S
20241028;100118;48.5;700;11345044713;S
20241028;100118;48.5;50;11345044714;S
20241028;100118;48.5;100;11345044715;S
20241028;100118;48.5;10;11345044716;S
20241028;100118;48.5;50;11345044717;S
20241028;100118;48.5;20;11345044718;S
20241028;100118;48.5;20;11345044719;S
20241028;100118;48.5;10;11345044720;S
20241028;100118;48.5;10;11345044721;S
20241028;100118;48.5;500;11345044722;S
20241028;100118;48.5;10;11345044723;S
20241028;100118;48.5;20;11345044724;S
20241028;100118;48.5;500;11345044725;S
20241028;100118;48.5;50;11345044726;S
20241028;100118;48.5;1000;11345044727;S
20241028;100118;48.5;2060;11345044728;S
20241028;100118;48.5;40;11345044729;S
20241028;100118;48.5;10;11345044730;S
20241028;100118;48.5;10;11345044731;S
20241028;100118;48.5;200;11345044732;S
20241028;100118;48.5;10;11345044733;S
20241028;100118;48.5;60;11345044734;S
20241028;100118;48.5;20;11345044735;S
20241028;100118;48.5;50;11345044736;S
20241028;100118;48.5;50;11345044737;S
20241028;100118;48.5;10;11345044738;S
20241028;100118;48.5;10;11345044739;S
20241028;100118;48.5;10;11345044740;S
20241028;100118;48.5;20;11345044741;S
20241028;100118;48.5;10;11345044742;S
20241028;100118;48.5;10;11345044743;S
20241028;100118;48.5;100;11345044744;S
20241028;100118;48.5;10;11345044745;S
20241028;100118;48.49;100;11345044746;S
20241028;100119;48.52;400;11345044925;B
20241028;100119;48.5;10;11345044989;S
20241028;100119;48.52;600;11345045000;B
20241028;100121;48.51;110;11345045462;S
20241028;100121;48.5;3490;11345045463;S
20241028;100121;48.5;2000;11345045464;S
20241028;100121;48.5;880;11345045465;S
20241028;100121;48.49;1000;11345045466;S
20241028;100121;48.48;10;11345045467;S
20241028;100121;48.48;10;11345045468;S
20241028;100121;48.48;100;11345045469;S
20241028;100121;48.48;10;11345045470;S
20241028;100121;48.48;20;11345045471;S
20241028;100121;48.48;200;11345045472;S
20241028;100121;48.48;90;11345045473;S
20241028;100121;48.48;20;11345045474;S
20241028;100121;48.48;50;11345045475;S
20241028;100121;48.48;10;11345045476;S
20241028;100121;48.48;50;11345045477;S
20241028;100121;48.48;10;11345045478;S
20241028;100121;48.47;90;11345045479;S
20241028;100121;48.47;80;11345045480;S
20241028;100121;48.46;500;11345045481;S
20241028;100121;48.45;1270;11345045482;S
20241028;100121;48.48;2000;11345045500;S
20241028;100121;48.47;1000;11345045501;S
20241028;100121;48.48;100;11345045550;S
20241028;100121;48.48;10;11345045576;S
20241028;100121;48.5;1200;11345045577;B
20241028;100121;48.5;10;11345045578;B
20241028;100121;48.5;10;11345045579;B
20241028;100121;48.48;100;11345045580;S
20241028;100121;48.47;100;11345045581;S
20241028;100121;48.47;540;11345045582;S
20241028;100121;48.45;1760;11345045583;S
20241028;100121;48.49;2000;11345045584;B
20241028;100121;48.49;2000;11345045585;B
20241028;100122;48.48;3050;11345045885;S
20241028;100122;48.46;3500;11345045886;S
20241028;100122;48.45;880;11345045887;S
20241028;100122;48.45;560;11345045888;S
20241028;100122;48.44;500;11345045889;S
20241028;100122;48.44;4660;11345045890;S
20241028;100122;48.44;1000;11345045891;S
20241028;100122;48.43;5850;11345045892;S
20241028;100122;48.44;1140;11345046057;S
20241028;100122;48.47;10;11345046060;B
20241028;100122;48.47;410;11345046124;B
20241028;100122;48.45;10;11345046206;S
20241028;100122;48.44;790;11345046207;S
20241028;100123;48.44;400;11345046472;S
20241028;100123;48.44;40;11345046475;S
20241028;100123;48.44;900;11345046632;S
20241028;100123;48.47;2000;11345046735;B
20241028;100123;48.47;1500;11345046736;B
20241028;100123;48.48;1030;11345046862;B
20241028;100123;48.48;6390;11345046865;B
20241028;100123;48.48;880;11345046866;B
20241028;100123;48.5;500;11345046867;B
20241028;100124;48.54;10;11345047074;B
20241028;100124;48.54;300;11345047075;B
20241028;100124;48.51;10;11345047242;S
20241028;100124;48.51;490;11345047243;S
20241028;100125;48.51;230;11345047323;S
20241028;100125;48.5;12230;11345047324;S
20241028;100125;48.47;100;11345047349;B
20241028;100125;48.46;2000;11345047511;B
20241028;100125;48.46;2000;11345047512;B
20241028;100125;48.46;2000;11345047513;B
20241028;100125;48.46;1420;11345047514;B
20241028;100125;48.48;400;11345047552;B
20241028;100125;48.46;200;11345047653;S
20241028;100125;48.48;20;11345047719;B
20241028;100129;48.46;1380;11345049095;S
20241028;100129;48.46;2000;11345049096;S
20241028;100129;48.46;1900;11345049097;S
20241028;100129;48.46;2000;11345049098;S
20241028;100129;48.46;880;11345049099;S
20241028;100129;48.45;10;11345049100;S
20241028;100129;48.44;1080;11345049101;S
20241028;100130;48.48;10;11345049549;B
20241028;100131;48.48;10;11345049924;B
20241028;100131;48.49;30;11345049925;B
20241028;100132;48.49;30;11345050165;B
20241028;100134;48.44;10;11345050665;S
20241028;100134;48.44;1410;11345050736;S
20241028;100134;48.44;100;11345050737;S
20241028;100134;48.44;490;11345050738;S
20241028;100134;48.49;10;11345050776;B
20241028;100134;48.49;900;11345050885;B
20241028;100135;48.47;10;11345051232;B
20241028;100135;48.49;20;11345051233;B
20241028;100135;48.44;1000;11345051248;S
20241028;100137;48.44;100;11345051656;S
20241028;100137;48.43;850;11345051657;S
20241028;100138;48.47;410;11345051951;B
20241028;100139;48.48;1000;11345052380;B
20241028;100139;48.48;10;11345052515;B
20241028;100140;48.46;300;11345052939;B
20241028;100141;48.46;50;11345052999;B
20241028;100141;48.46;10;11345053018;B
20241028;100141;48.45;100;11345053028;S
20241028;100141;48.44;2460;11345053029;S
20241028;100141;48.43;3300;11345053030;S
20241028;100141;48.43;10;11345053031;S
20241028;100141;48.43;500;11345053032;S
20241028;100141;48.43;20;11345053033;S
20241028;100141;48.43;10;11345053034;S
20241028;100141;48.42;3990;11345053035;S
20241028;100141;48.42;70;11345053036;S
20241028;100141;48.42;880;11345053037;S
20241028;100141;48.42;500;11345053038;S
20241028;100141;48.42;2480;11345053039;S
20241028;100141;48.41;100;11345053040;S
20241028;100141;48.41;5580;11345053041;S
20241028;100141;48.4;20;11345053056;S
20241028;100141;48.4;100;11345053057;S
20241028;100141;48.4;10;11345053058;S
20241028;100141;48.4;10;11345053059;S
20241028;100141;48.4;50;11345053060;S
20241028;100141;48.4;80;11345053061;S
20241028;100141;48.4;320;11345053083;S
20241028;100141;48.4;30;11345053084;S
20241028;100141;48.4;70;11345053085;S
20241028;100141;48.4;70;11345053086;S
20241028;100141;48.4;30;11345053087;S
20241028;100141;48.4;1860;11345053088;S
20241028;100141;48.4;20;11345053104;S
20241028;100141;48.4;200;11345053160;S
20241028;100141;48.38;2720;11345053227;S
20241028;100141;48.38;7430;11345053228;S
20241028;100141;48.37;100;11345053229;S
20241028;100141;48.37;880;11345053230;S
20241028;100141;48.36;20;11345053231;S
20241028;100141;48.36;100;11345053232;S
20241028;100141;48.36;2000;11345053233;S
20241028;100141;48.35;10;11345053234;S
20241028;100141;48.34;1000;11345053235;S
20241028;100141;48.34;920;11345053236;S
20241028;100141;48.33;10;11345053237;S
20241028;100141;48.32;10;11345053238;S
20241028;100141;48.32;50;11345053239;S
20241028;100141;48.31;10;11345053240;S
20241028;100141;48.31;10;11345053241;S
20241028;100141;48.31;730;11345053242;S
20241028;100141;48.37;800;11345053257;B
20241028;100141;48.37;80;11345053258;B
20241028;100142;48.38;200;11345053555;S
20241028;100142;48.39;20;11345053590;B
20241028;100142;48.38;20;11345053727;S
20241028;100142;48.38;580;11345053728;S
20241028;100142;48.39;10;11345053730;B
20241028;100142;48.39;10;11345053737;B
20241028;100142;48.39;40;11345053791;B
20241028;100142;48.39;700;11345053804;B
20241028;100143;48.38;220;11345054111;S
20241028;100143;48.38;800;11345054112;S
20241028;100143;48.38;200;11345054113;S
20241028;100143;48.38;30;11345054114;S
20241028;100143;48.38;40;11345054115;S
20241028;100143;48.37;800;11345054116;S
20241028;100143;48.37;800;11345054117;S
20241028;100143;48.37;100;11345054118;S
20241028;100143;48.37;700;11345054119;S
20241028;100143;48.37;1520;11345054120;S
20241028;100143;48.36;790;11345054121;S
20241028;100146;48.37;200;11345055235;B
20241028;100146;48.37;50;11345055424;B
20241028;100146;48.36;30;11345055440;S
20241028;100148;48.36;530;11345055868;S
20241028;100149;48.36;750;11345056155;S
20241028;100149;48.36;380;11345056156;S
20241028;100149;48.39;10;11345056759;B
20241028;100150;48.38;10;11345057233;B
20241028;100152;48.38;10;11345057916;B
20241028;100152;48.36;30;11345057953;S
20241028;100153;48.36;70;11345058037;S
20241028;100153;48.36;50;11345058038;S
20241028;100154;48.38;250;11345058548;B
20241028;100154;48.38;10;11345058550;B
20241028;100155;48.38;1720;11345058943;B
20241028;100155;48.38;50;11345058944;B
20241028;100156;48.36;1000;11345059065;S
20241028;100156;48.38;10;11345059117;B
20241028;100158;48.38;10;11345059906;S
20241028;100159;48.38;180;11345060235;S
20241028;100200;48.39;10;11345060451;B
20241028;100200;48.4;10;11345060452;B
20241028;100201;48.39;60;11345060981;S
20241028;100201;48.39;10;11345060982;S
20241028;100201;48.38;30;11345060983;S
20241028;100201;48.38;30;11345061054;S
20241028;100201;48.4;50;11345061066;B
20241028;100201;48.39;310;11345061245;B
20241028;100202;48.39;10;11345061508;S
20241028;100203;48.38;940;11345061669;S
20241028;100203;48.38;10;11345061670;S
20241028;100203;48.38;50;11345061671;S
20241028;100203;48.38;140;11345061712;S
20241028;100204;48.39;50;11345062353;S
20241028;100204;48.39;1000;11345062354;S
20241028;100204;48.38;60;11345062355;S
20241028;100204;48.37;1470;11345062356;S
20241028;100204;48.36;90;11345062357;S
20241028;100205;48.36;1000;11345062554;S
20241028;100205;48.39;880;11345062835;B
20241028;100205;48.39;120;11345062836;B
20241028;100206;48.38;400;11345063085;S
20241028;100207;48.37;400;11345063890;S
20241028;100207;48.37;430;11345063907;S
20241028;100209;48.36;180;11345064509;S
20241028;100209;48.38;20;11345064595;B
20241028;100209;48.36;2680;11345064607;S
20241028;100209;48.36;30;11345064608;S
20241028;100209;48.36;10;11345064609;S
20241028;100209;48.36;70;11345064610;S
20241028;100209;48.38;20;11345064878;B
20241028;100210;48.38;60;11345064980;B
20241028;100210;48.38;740;11345064981;B
20241028;100211;48.36;30;11345065300;S
20241028;100211;48.36;10;11345065301;S
20241028;100211;48.36;1000;11345065302;S
20241028;100211;48.35;10;11345065303;S
20241028;100211;48.35;150;11345065304;S
20241028;100212;48.38;10;11345065644;B
20241028;100212;48.39;20;11345065671;B
20241028;100213;48.38;10;11345066109;S
20241028;100213;48.37;990;11345066110;S
20241028;100213;48.36;20;11345066309;S
20241028;100215;48.36;380;11345067228;S
20241028;100215;48.35;9620;11345067229;S
20241028;100218;48.35;5230;11345068562;S
20241028;100218;48.34;10;11345068564;S
20241028;100218;48.34;40;11345068565;S
20241028;100218;48.33;20;11345068615;S
20241028;100219;48.34;880;11345069153;B
20241028;100219;48.34;120;11345069154;B
20241028;100219;48.33;80;11345069284;S
20241028;100219;48.32;1000;11345069285;S
20241028;100219;48.31;1180;11345069286;S
20241028;100219;48.31;1840;11345069287;S
20241028;100219;48.3;100;11345069288;S
20241028;100219;48.3;70;11345069289;S
20241028;100219;48.3;10;11345069290;S
20241028;100219;48.3;500;11345069291;S
20241028;100219;48.3;220;11345069292;S
20241028;100220;48.33;10;11345069510;B
20241028;100220;48.33;10;11345069625;B
20241028;100220;48.33;110;11345069640;B
20241028;100221;48.31;500;11345069977;B
20241028;100222;48.3;30;11345070337;S
20241028;100222;48.31;200;11345070340;B
20241028;100222;48.31;3390;11345070418;B
20241028;100222;48.31;880;11345070419;B
20241028;100222;48.31;730;11345070420;B
20241028;100224;48.3;110;11345071026;S
20241028;100225;48.31;2720;11345071444;B
20241028;100227;48.32;100;11345072169;B
20241028;100227;48.31;30;11345072230;S
20241028;100229;48.31;120;11345073318;S
20241028;100230;48.32;10;11345073583;B
20241028;100231;48.32;10;11345073991;B
20241028;100231;48.32;300;11345074009;B
20241028;100231;48.31;90;11345074148;S
20241028;100231;48.31;910;11345074149;S
20241028;100231;48.32;100;11345074315;B
20241028;100232;48.32;20;11345074580;B
20241028;100233;48.32;50;11345074708;B
20241028;100233;48.32;1000;11345074982;B
20241028;100233;48.32;5000;11345075067;B
20241028;100235;48.31;40;11345075579;S
20241028;100237;48.31;190;11345076382;S
20241028;100237;48.31;310;11345076383;S
20241028;100237;48.32;580;11345076449;B
20241028;100238;48.31;710;11345077079;S
20241028;100238;48.31;480;11345077080;S
20241028;100238;48.31;2490;11345077081;S
20241028;100238;48.31;1840;11345077131;B
20241028;100238;48.31;20;11345077182;B
20241028;100238;48.31;360;11345077208;B
20241028;100239;48.31;10;11345077314;B
20241028;100239;48.31;1280;11345077374;B
20241028;100239;48.31;340;11345077375;B
20241028;100239;48.32;760;11345077628;B
20241028;100240;48.32;760;11345077874;B
20241028;100241;48.31;780;11345078123;B
20241028;100241;48.32;130;11345078260;B
20241028;100241;48.32;200;11345078403;B
20241028;100242;48.32;20;11345078710;B
20241028;100243;48.32;10;11345078989;B
20241028;100245;48.32;10;11345079552;B
20241028;100247;48.31;10;11345080519;S
20241028;100247;48.31;10;11345080520;S
20241028;100247;48.31;50;11345080521;S
20241028;100247;48.31;30;11345080522;S
20241028;100250;48.32;10;11345081729;B
20241028;100251;48.31;1000;11345081959;S
20241028;100253;48.32;10;11345083107;B
20241028;100255;48.32;500;11345083689;B
20241028;100256;48.32;1030;11345084072;B
20241028;100256;48.32;10;11345084144;B
20241028;100300;48.31;10;11345085160;S
20241028;100300;48.31;10;11345085161;S
20241028;100300;48.31;160;11345085449;S
20241028;100301;48.31;100;11345085498;S
20241028;100303;48.31;1000;11345086581;S
20241028;100304;48.32;110;11345086805;B
20241028;100304;48.32;820;11345086916;B
20241028;100305;48.32;100;11345086988;B
20241028;100306;48.32;10;11345087760;B
20241028;100307;48.32;200;11345087906;B
20241028;100310;48.32;10;11345089201;B
20241028;100310;48.31;10;11345089307;S
20241028;100310;48.31;10;11345089528;S
20241028;100310;48.32;50;11345089546;B
20241028;100311;48.32;1600;11345090007;B
20241028;100312;48.31;510;11345090103;S
20241028;100312;48.32;10;11345090148;B
20241028;100312;48.31;250;11345090503;S
20241028;100313;48.32;50;11345090817;B
20241028;100314;48.31;100;11345091003;S
20241028;100314;48.31;1000;11345091350;S
20241028;100314;48.31;1300;11345091351;S
20241028;100314;48.31;100;11345091352;S
20241028;100314;48.31;460;11345091353;S
20241028;100314;48.31;1140;11345091354;S
20241028;100314;48.31;900;11345091355;S
20241028;100315;48.31;530;11345091535;S
20241028;100315;48.31;580;11345091536;S
20241028;100315;48.31;100;11345091537;S
20241028;100315;48.3;280;11345091538;S
20241028;100315;48.31;500;11345091598;B
20241028;100316;48.3;10;11345091928;S
20241028;100316;48.31;300;11345091937;B
20241028;100317;48.31;10;11345092110;B
20241028;100317;48.3;500;11345092233;S
20241028;100317;48.3;10;11345092234;S
20241028;100317;48.3;10;11345092235;S
20241028;100317;48.3;1000;11345092236;S
20241028;100317;48.3;40;11345092237;S
20241028;100317;48.3;40;11345092238;S
20241028;100318;48.3;260;11345092549;S
20241028;100318;48.3;10;11345092550;S
20241028;100318;48.3;280;11345092551;S
20241028;100319;48.31;650;11345092951;B
20241028;100321;48.3;130;11345093817;S
20241028;100321;48.3;40;11345093818;S
20241028;100321;48.29;30;11345093819;S
20241028;100321;48.29;40;11345093820;S
20241028;100321;48.29;390;11345093821;S
20241028;100322;48.3;20;11345093965;B
20241028;100322;48.29;300;11345094243;S
20241028;100323;48.29;310;11345094417;S
20241028;100323;48.29;10;11345094418;S
20241028;100323;48.29;10;11345094419;S
20241028;100323;48.28;30;11345094420;S
20241028;100323;48.27;90;11345094421;S
20241028;100323;48.27;10;11345094422;S
20241028;100323;48.27;100;11345094423;S
20241028;100323;48.27;440;11345094424;S
20241028;100323;48.3;100;11345094600;B
20241028;100324;48.3;760;11345094845;B
20241028;100324;48.3;40;11345094846;B
20241028;100324;48.27;200;11345094867;S
20241028;100327;48.3;880;11345096024;B
20241028;100327;48.3;100;11345096025;B
20241028;100327;48.3;2590;11345096026;B
20241028;100327;48.31;1530;11345096027;B
20241028;100328;48.31;40;11345096252;B
20241028;100328;48.31;10;11345096293;B
20241028;100328;48.31;700;11345096326;B
20241028;100329;48.31;10;11345096530;B
20241028;100329;48.3;10;11345096644;B
20241028;100330;48.3;900;11345097055;B
20241028;100331;48.3;2140;11345097342;B
20241028;100331;48.31;3410;11345097343;B
20241028;100331;48.28;4090;11345097396;S
20241028;100331;48.28;880;11345097397;S
20241028;100331;48.27;2260;11345097398;S
20241028;100331;48.27;10;11345097399;S
20241028;100331;48.27;10;11345097400;S
20241028;100331;48.27;10;11345097401;S
20241028;100331;48.27;10;11345097402;S
20241028;100331;48.27;4220;11345097403;S
20241028;100331;48.28;1000;11345097632;S
20241028;100331;48.31;5000;11345097709;B
20241028;100335;48.28;10;11345099111;S
20241028;100339;48.29;240;11345100421;S
20241028;100339;48.29;2000;11345100599;S
20241028;100340;48.29;90;11345100910;S
20241028;100341;48.3;10;11345101421;B
20241028;100341;48.3;200;11345101422;B
20241028;100341;48.31;820;11345101423;B
20241028;100341;48.31;1000;11345101463;B
20241028;100342;48.31;20;11345101648;B
20241028;100343;48.31;10;11345101828;B
20241028;100344;48.31;400;11345102199;B
20241028;100344;48.3;100;11345102218;S
20241028;100345;48.3;10;11345102495;S
20241028;100347;48.3;200;11345103355;S
20241028;100348;48.3;460;11345103803;S
20241028;100348;48.3;180;11345104020;S
20241028;100349;48.31;50;11345104040;B
20241028;100350;48.31;10;11345104680;B
20241028;100350;48.3;20;11345104871;S
20241028;100353;48.31;500;11345105857;B
20241028;100355;48.31;200;11345106517;B
20241028;100355;48.3;260;11345106518;S
20241028;100355;48.3;50;11345106519;S
20241028;100355;48.3;30;11345106553;S
20241028;100355;48.3;10;11345106554;S
20241028;100355;48.3;960;11345106555;S
20241028;100356;48.3;40;11345106826;S
20241028;100356;48.3;20;11345106827;S
20241028;100356;48.3;440;11345106828;S
20241028;100358;48.3;300;11345107665;S
20241028;100358;48.3;850;11345107866;S
20241028;100358;48.3;860;11345107867;S
20241028;100359;48.31;50;11345108212;B
20241028;100400;48.3;20;11345108495;S
20241028;100401;48.3;10;11345108783;S
20241028;100401;48.3;1000;11345108784;S
20241028;100401;48.3;10;11345108785;S
20241028;100401;48.3;200;11345108802;S
20241028;100404;48.29;80;11345110369;S
20241028;100404;48.29;600;11345110370;S
20241028;100404;48.29;620;11345110371;S
20241028;100405;48.3;20;11345110455;B
20241028;100405;48.3;30;11345110456;B
20241028;100406;48.29;6370;11345111181;S
20241028;100406;48.28;50;11345111182;S
20241028;100406;48.28;10;11345111183;S
20241028;100406;48.28;500;11345111184;S
20241028;100406;48.27;50;11345111185;S
20241028;100406;48.26;500;11345111186;S
20241028;100406;48.26;1000;11345111187;S
20241028;100406;48.25;10;11345111188;S
20241028;100406;48.25;50;11345111189;S
20241028;100406;48.25;10;11345111190;S
20241028;100406;48.25;1450;11345111191;S
20241028;100406;48.25;20;11345111210;S
20241028;100406;48.29;150;11345111331;B
20241028;100406;48.25;210;11345111655;S
20241028;100406;48.25;160;11345111710;S
20241028;100407;48.27;50;11345111922;B
20241028;100407;48.25;160;11345111925;S
20241028;100407;48.24;140;11345111926;S
20241028;100409;48.27;830;11345112802;B
20241028;100409;48.27;540;11345112803;B
20241028;100409;48.28;680;11345112804;B
20241028;100409;48.28;540;11345112805;B
20241028;100409;48.29;2410;11345112806;B
20241028;100411;48.29;3000;11345113828;B
20241028;100411;48.25;10;11345113882;S
20241028;100412;48.29;50;11345114055;B
20241028;100412;48.29;10;11345114062;B
20241028;100413;48.29;500;11345114372;B
20241028;100413;48.28;100;11345114441;S
20241028;100414;48.3;20;11345114503;B
20241028;100414;48.25;90;11345114538;S
20241028;100414;48.25;30;11345114539;S
20241028;100414;48.24;1850;11345114540;S
20241028;100414;48.28;60;11345114665;B
20241028;100414;48.24;600;11345114801;S
20241028;100414;48.28;10;11345114802;B
20241028;100414;48.28;10;11345114845;B
20241028;100415;48.27;10;11345115111;S
20241028;100415;48.27;310;11345115112;S
20241028;100415;48.28;520;11345115247;B
20241028;100415;48.28;490;11345115248;B
20241028;100416;48.24;20;11345115473;S
20241028;100416;48.27;30;11345115606;S
20241028;100417;48.24;120;11345115837;S
20241028;100418;48.28;390;11345116433;B
20241028;100418;48.29;110;11345116434;B
20241028;100419;48.28;880;11345116482;B
20241028;100419;48.29;1120;11345116483;B
20241028;100419;48.28;30;11345116574;B
20241028;100419;48.28;10;11345116578;B
20241028;100420;48.24;50;11345116809;S
20241028;100420;48.24;3560;11345116826;S
20241028;100421;48.24;20;11345117131;S
20241028;100422;48.27;10;11345117430;B
20241028;100423;48.27;50;11345117901;B
20241028;100424;48.27;10;11345117978;B
20241028;100425;48.25;10;11345118406;S
20241028;100425;48.25;450;11345118407;S
20241028;100425;48.27;50;11345118527;B
20241028;100425;48.27;880;11345118528;B
20241028;100425;48.28;500;11345118529;B
20241028;100425;48.29;3570;11345118530;B
20241028;100425;48.27;1000;11345118697;S
20241028;100427;48.27;10;11345119086;B
20241028;100427;48.27;250;11345119096;B
20241028;100428;48.27;10;11345119513;B
20241028;100428;48.27;200;11345119579;B
20241028;100428;48.27;130;11345119672;B
20241028;100428;48.27;870;11345119680;S
20241028;100428;48.26;100;11345119681;S
20241028;100428;48.26;30;11345119682;S
20241028;100429;48.25;420;11345120163;S
20241028;100429;48.25;80;11345120164;S
20241028;100430;48.25;940;11345120461;S
20241028;100430;48.24;60;11345120462;S
20241028;100431;48.24;30;11345120681;S
20241028;100431;48.23;10;11345120682;S
20241028;100431;48.23;1000;11345120717;S
20241028;100431;48.23;1000;11345120718;S
20241028;100431;48.23;500;11345120719;S
20241028;100431;48.25;10;11345120780;B
20241028;100432;48.26;20;11345121246;B
20241028;100433;48.25;110;11345121470;S
20241028;100433;48.23;160;11345121471;S
20241028;100434;48.25;550;11345121692;B
20241028;100434;48.25;280;11345121693;B
20241028;100438;48.25;50;11345123121;B
20241028;100438;48.26;10;11345123136;B
20241028;100438;48.23;600;11345123161;S
20241028;100439;48.26;50;11345123704;B
20241028;100441;48.23;1730;11345124452;S
20241028;100441;48.23;10;11345124453;S
20241028;100441;48.23;260;11345124454;S
20241028;100441;48.23;1000;11345124496;S
20241028;100441;48.23;500;11345124497;S
20241028;100441;48.23;230;11345124569;S
20241028;100442;48.25;10;11345124885;B
20241028;100442;48.23;3400;11345124978;S
20241028;100445;48.25;10;11345126268;B
20241028;100446;48.23;500;11345126830;S
20241028;100446;48.22;220;11345126831;S
20241028;100446;48.22;50;11345126832;S
20241028;100446;48.22;100;11345126833;S
20241028;100446;48.22;520;11345126834;S
20241028;100446;48.22;1000;11345126835;S
20241028;100446;48.22;100;11345126836;S
20241028;100446;48.21;10;11345126837;S
20241028;100446;48.21;10;11345126838;S
20241028;100446;48.21;10;11345126839;S
20241028;100446;48.21;10;11345126840;S
20241028;100446;48.21;520;11345126841;S
20241028;100446;48.21;7460;11345126842;S
20241028;100446;48.2;630;11345126843;S
20241028;100446;48.2;10;11345126844;S
20241028;100446;48.2;100;11345126845;S
20241028;100446;48.2;70;11345126846;S
20241028;100446;48.2;1450;11345126847;S
20241028;100446;48.2;10;11345126848;S
20241028;100446;48.2;1200;11345126849;S
20241028;100446;48.2;2000;11345126850;S
20241028;100446;48.2;410;11345126851;S
20241028;100446;48.19;10;11345126852;S
20241028;100446;48.19;10;11345126853;S
20241028;100446;48.19;10;11345126854;S
20241028;100446;48.19;340;11345126855;S
20241028;100446;48.18;10;11345126856;S
20241028;100446;48.18;10;11345126857;S
20241028;100446;48.18;10;11345126858;S
20241028;100446;48.18;880;11345126859;S
20241028;100446;48.17;4010;11345126860;S
20241028;100446;48.16;50;11345126861;S
20241028;100446;48.16;420;11345126862;S
20241028;100446;48.16;4100;11345126863;S
20241028;100446;48.15;100;11345126864;S
20241028;100446;48.15;50;11345126865;S
20241028;100446;48.15;400;11345126866;S
20241028;100446;48.15;10;11345126867;S
20241028;100446;48.15;1000;11345126868;S
20241028;100446;48.14;10;11345126869;S
20241028;100446;48.14;5000;11345126870;S
20241028;100446;48.14;10;11345126871;S
20241028;100446;48.13;10;11345126872;S
20241028;100446;48.13;50;11345126873;S
20241028;100446;48.13;10;11345126874;S
20241028;100446;48.13;12000;11345126875;S
20241028;100446;48.12;10;11345126876;S
20241028;100446;48.12;10;11345126877;S
20241028;100446;48.12;100;11345126878;S
20241028;100446;48.12;60;11345126879;S
20241028;100446;48.12;10;11345126880;S
20241028;100446;48.12;10;11345126881;S
20241028;100446;48.12;4090;11345126882;S
20241028;100446;48.12;10;11345126883;S
20241028;100446;48.12;500;11345126884;S
20241028;100446;48.11;3000;11345126885;S
20241028;100446;48.11;1000;11345126886;S
20241028;100446;48.11;25000;11345126887;S
20241028;100446;48.11;3760;11345126888;S
20241028;100446;48.11;300;11345126889;S
20241028;100446;48.11;10;11345126890;S
20241028;100446;48.1;10;11345126891;S
20241028;100446;48.1;100;11345126892;S
20241028;100446;48.1;10;11345126893;S
20241028;100446;48.1;100;11345126894;S
20241028;100446;48.1;10;11345126895;S
20241028;100446;48.1;10;11345126896;S
20241028;100446;48.1;6000;11345126897;S
20241028;100446;48.1;210;11345126898;S
20241028;100446;48.1;10;11345126899;S
20241028;100446;48.1;100;11345126900;S
20241028;100446;48.1;170;11345126901;S
20241028;100446;48.1;15000;11345126902;S
20241028;100446;48.1;50;11345126903;S
20241028;100446;48.1;100;11345126904;S
20241028;100446;48.1;1500;11345126905;S
20241028;100446;48.1;1000;11345126906;S
20241028;100446;48.1;10;11345126907;S
20241028;100446;48.09;35000;11345126908;S
20241028;100446;48.08;1000;11345126909;S
20241028;100446;48.08;50;11345126910;S
20241028;100446;48.08;10;11345126911;S
20241028;100446;48.08;10000;11345126912;S
20241028;100446;48.07;100;11345126913;S
20241028;100446;48.07;90;11345126914;S
20241028;100446;48.06;20;11345126915;S
20241028;100446;48.05;2000;11345126916;S
20241028;100446;48.05;1000;11345126917;S
20241028;100446;48.05;100;11345126918;S
20241028;100446;48.04;20;11345126919;S
20241028;100446;48.04;500;11345126920;S
20241028;100446;48.04;10;11345126921;S
20241028;100446;48.03;20;11345126922;S
20241028;100446;48.03;10;11345126923;S
20241028;100446;48.02;2000;11345126924;S
20241028;100446;48.02;10;11345126925;S
20241028;100446;48.02;20;11345126926;S
20241028;100446;48.02;170;11345126927;S
20241028;100446;48.02;130;11345126928;S
20241028;100446;48.01;20;11345126929;S
20241028;100446;48.01;10;11345126930;S
20241028;100446;48.01;10;11345126931;S
20241028;100446;48.01;10;11345126932;S
20241028;100446;48.01;10;11345126933;S
20241028;100446;48.01;70;11345126934;S
20241028;100446;48.01;10;11345126935;S
20241028;100446;48.01;40;11345126936;S
20241028;100446;48.01;10;11345126937;S
20241028;100446;48.01;4000;11345126938;S
20241028;100446;48;10;11345126939;S
20241028;100446;48;50;11345126940;S
20241028;100446;48;200;11345126941;S
20241028;100446;48;10;11345126942;S
20241028;100446;48;30;11345126943;S
20241028;100446;48;100;11345126944;S
20241028;100446;48;10;11345126945;S
20241028;100446;48;10;11345126946;S
20241028;100446;48;50;11345126947;S
20241028;100446;48;10;11345126948;S
20241028;100446;48;50;11345126949;S
20241028;100446;48;10;11345126950;S
20241028;100446;48;50;11345126951;S
20241028;100446;48;70;11345126952;S
20241028;100446;48;10;11345126953;S
20241028;100446;48;50;11345126954;S
20241028;100446;48;500;11345126955;S
20241028;100446;48;10;11345126956;S
20241028;100446;48;180;11345126957;S
20241028;100446;48;10;11345126958;S
20241028;100446;48;10;11345126959;S
20241028;100446;48;10;11345126960;S
20241028;100446;48;10;11345126961;S
20241028;100446;48;20;11345126962;S
20241028;100446;48;30;11345126963;S
20241028;100446;48;20;11345126964;S
20241028;100446;48;10;11345126965;S
20241028;100446;48;100;11345126966;S
20241028;100446;48;40;11345126967;S
20241028;100446;48;50;11345126968;S
20241028;100446;48;10;11345126969;S
20241028;100446;48;150;11345126970;S
20241028;100446;48;10;11345126971;S
20241028;100446;48;500;11345126972;S
20241028;100446;48;2000;11345126973;S
20241028;100446;48;10;11345126974;S
20241028;100446;48;200;11345126975;S
20241028;100446;48;50;11345126976;S
20241028;100446;48;10;11345126977;S
20241028;100446;48;100;11345126978;S
20241028;100446;48;10;11345126979;S
20241028;100446;48;10;11345126980;S
20241028;100446;48;1000;11345126981;S
20241028;100446;48;10;11345126982;S
20241028;100446;48;100;11345126983;S
20241028;100446;48;10;11345126984;S
20241028;100446;48;10;11345126985;S
20241028;100446;48;10;11345126986;S
20241028;100446;48;10;11345126987;S
20241028;100446;48;100;11345126988;S
20241028;100446;48;50;11345126989;S
20241028;100446;48;10;11345126990;S
20241028;100446;48;30;11345126991;S
20241028;100446;48;10;11345126992;S
20241028;100446;48;100;11345126993;S
20241028;100446;48;10;11345126994;S
20241028;100446;48;10;11345126995;S
20241028;100446;48;10;11345126996;S
20241028;100446;48;10;11345126997;S
20241028;100446;48;10;11345126998;S
20241028;100446;48;100;11345126999;S
20241028;100446;48;50;11345127000;S
20241028;100446;48;10;11345127001;S
20241028;100446;48;40;11345127002;S
20241028;100446;48;20;11345127003;S
20241028;100446;48;10;11345127004;S
20241028;100446;48;10;11345127005;S
20241028;100446;48;20;11345127006;S
20241028;100446;48;50;11345127007;S
20241028;100446;48;20;11345127008;S
20241028;100446;48;10;11345127009;S
20241028;100446;48;10;11345127010;S
20241028;100446;48;10;11345127011;S
20241028;100446;48;10;11345127012;S
20241028;100446;48;10;11345127013;S
20241028;100446;48;20;11345127014;S
20241028;100446;48;380;11345127015;S
20241028;100446;48;10;11345127016;S
20241028;100446;48;10;11345127017;S
20241028;100446;48;10;11345127018;S
20241028;100446;48;100;11345127019;S
20241028;100446;48;10;11345127020;S
20241028;100446;48;10;11345127021;S
20241028;100446;48;10;11345127022;S
20241028;100446;48;10;11345127023;S
20241028;100446;48;10;11345127024;S
20241028;100446;48;10;11345127025;S
20241028;100446;48;10;11345127026;S
20241028;100446;48;10;11345127027;S
20241028;100446;48;20;11345127028;S
20241028;100446;48;100;11345127029;S
20241028;100446;48;100;11345127030;S
20241028;100446;48;100;11345127031;S
20241028;100446;48;300;11345127032;S
20241028;100446;48;200;11345127033;S
20241028;100446;48;10;11345127034;S
20241028;100446;48;200;11345127035;S
20241028;100446;48;10;11345127036;S
20241028;100446;48;80;11345127037;S
20241028;100446;48;10;11345127038;S
20241028;100446;48;20;11345127039;S
20241028;100446;48;150;11345127040;S
20241028;100446;48;90;11345127041;S
20241028;100446;48;1500;11345127042;S
20241028;100446;48;50;11345127043;S
20241028;100446;48;100;11345127044;S
20241028;100446;48;10;11345127045;S
20241028;100446;48;160;11345127046;S
20241028;100446;48;50;11345127047;S
20241028;100446;48;20;11345127048;S
20241028;100446;48;10;11345127049;S
20241028;100446;48;50;11345127050;S
20241028;100446;48;50;11345127051;S
20241028;100446;48;10;11345127052;S
20241028;100446;48;420;11345127053;S
20241028;100446;48;400;11345127054;S
20241028;100446;48;10;11345127055;S
20241028;100446;48;20;11345127056;S
20241028;100446;48;10;11345127057;S
20241028;100446;48;100;11345127058;S
20241028;100446;48;100;11345127059;S
20241028;100446;48;20;11345127060;S
20241028;100446;48;210;11345127061;S
20241028;100446;48;10;11345127062;S
20241028;100446;48;10;11345127063;S
20241028;100446;48;350;11345127064;S
20241028;100446;48;10;11345127065;S
20241028;100446;48;10;11345127066;S
20241028;100446;48;500;11345127067;S
20241028;100446;48;10;11345127068;S
20241028;100446;48;10;11345127069;S
20241028;100446;48;100;11345127070;S
20241028;100446;48;200;11345127071;S
20241028;100446;48;400;11345127072;S
20241028;100446;48;10;11345127073;S
20241028;100446;48;1620;11345127074;S
20241028;100446;48;70;11345127075;S
20241028;100446;48;50;11345127076;S
20241028;100446;48;100;11345127077;S
20241028;100446;48;10;11345127078;S
20241028;100446;48;10;11345127079;S
20241028;100446;48;1000;11345127080;S
20241028;100446;48;10;11345127081;S
20241028;100446;48;30;11345127082;S
20241028;100446;48;500;11345127083;S
20241028;100446;48;100;11345127084;S
20241028;100446;48;10;11345127085;S
20241028;100446;48;500;11345127086;S
20241028;100446;48;100;11345127087;S
20241028;100446;48;10410;11345127088;S
20241028;100446;48;300;11345127089;S
20241028;100446;48;100;11345127090;S
20241028;100446;48;20;11345127091;S
20241028;100446;48;10;11345127092;S
20241028;100446;48;50;11345127093;S
20241028;100446;48;7810;11345127094;S
20241028;100446;48.02;10;11345127097;S
20241028;100446;48.02;10;11345127098;S
20241028;100446;48.02;80;11345127099;S
20241028;100446;48.02;10;11345127100;S
20241028;100446;48.07;100;11345127107;S
20241028;100446;48.06;200;11345127108;B
20241028;100446;48.03;1000;11345127111;B
20241028;100446;48.06;3080;11345127112;B
20241028;100446;48.06;100;11345127113;B
20241028;100446;48.04;880;11345127163;S
20241028;100446;48.04;100;11345127164;S
20241028;100446;48.03;420;11345127165;S
20241028;100446;48.08;200;11345127185;B
20241028;100446;48.09;120;11345127192;B
20241028;100446;48.09;40;11345127199;B
20241028;100446;48.09;10;11345127200;B
20241028;100446;48.09;10;11345127201;B
20241028;100446;48.09;100;11345127206;B
20241028;100446;48.09;30;11345127207;B
20241028;100446;48.11;10;11345127217;B
20241028;100446;48.1;100;11345127218;S
20241028;100446;48.05;2000;11345127219;S
20241028;100446;48.05;1000;11345127220;S
20241028;100446;48.04;880;11345127221;S
20241028;100446;48.03;20;11345127222;S
20241028;100446;48.08;120;11345127227;B
20241028;100446;48.1;100;11345127234;B
20241028;100446;48.1;10;11345127238;B
20241028;100446;48.1;20;11345127240;B
20241028;100446;48.08;10;11345127242;S
20241028;100446;48.08;10;11345127243;S
20241028;100446;48.08;10;11345127244;S
20241028;100446;48.08;10;11345127245;S
20241028;100446;48.05;10;11345127246;S
20241028;100446;48.05;90;11345127247;S
20241028;100446;48.04;10;11345127248;S
20241028;100446;48.08;10;11345127249;B
20241028;100446;48.08;10;11345127273;S
20241028;100446;48.08;10;11345127274;S
20241028;100446;48.08;80;11345127275;S
20241028;100446;48.09;400;11345127279;B
20241028;100446;48.08;400;11345127284;S
20241028;100446;48.08;50;11345127288;S
20241028;100446;48.08;10;11345127289;S
20241028;100446;48.08;10;11345127290;S
20241028;100446;48.08;10;11345127291;S
20241028;100446;48.08;100;11345127292;S
20241028;100446;48.08;210;11345127293;S
20241028;100446;48.08;210;11345127296;S
20241028;100446;48.09;100;11345127303;B
20241028;100446;48.09;10;11345127304;B
20241028;100446;48.09;10;11345127309;B
20241028;100446;48.09;10;11345127310;B
20241028;100446;48.09;500;11345127313;B
20241028;100446;48.09;10;11345127314;B
20241028;100446;48.09;20;11345127374;B
20241028;100446;48.09;10;11345127377;B
20241028;100446;48.09;930;11345127383;B
20241028;100446;48.09;200;11345127384;B
20241028;100446;48.09;200;11345127385;B
20241028;100446;48.09;50;11345127386;B
20241028;100446;48.09;50;11345127387;B
20241028;100446;48.09;480;11345127388;B
20241028;100446;48.09;1000;11345127389;B
20241028;100446;48.09;400;11345127390;B
20241028;100446;48.09;10;11345127391;B
20241028;100446;48.09;390;11345127394;B
20241028;100447;48.09;3200;11345127448;B
20241028;100447;48.1;100;11345127457;B
20241028;100447;48.1;100;11345127458;B
20241028;100447;48.1;140;11345127519;S
20241028;100447;48.14;20;11345127524;B
20241028;100447;48.1;2320;11345127646;S
20241028;100447;48.1;2030;11345127647;S
20241028;100447;48.14;10;11345127726;B
20241028;100447;48.13;100;11345127805;B
20241028;100447;48.13;30;11345127822;B
20241028;100447;48.13;1360;11345127880;B
20241028;100447;48.12;1000;11345127882;S
20241028;100447;48.13;10;11345127883;B
20241028;100447;48.12;1000;11345127884;S
20241028;100447;48.12;600;11345127888;S
20241028;100447;48.12;100;11345127892;S
20241028;100447;48.12;300;11345127954;S
20241028;100447;48.12;500;11345127955;S
20241028;100447;48.12;60;11345127962;S
20241028;100447;48.13;10;11345127969;B
20241028;100448;48.13;630;11345127982;B
20241028;100448;48.13;20;11345128009;B
20241028;100448;48.13;10;11345128026;B
20241028;100448;48.13;10;11345128028;B
20241028;100448;48.13;50;11345128040;B
20241028;100448;48.13;10;11345128049;B
20241028;100448;48.13;250;11345128071;B
20241028;100448;48.13;50;11345128072;B
20241028;100448;48.14;10;11345128211;B
20241028;100448;48.13;50;11345128219;S
20241028;100448;48.13;40;11345128224;S
20241028;100448;48.13;320;11345128236;S
20241028;100448;48.12;1880;11345128237;S
20241028;100448;48.12;100;11345128252;S
20241028;100448;48.14;1000;11345128399;B
20241028;100448;48.12;460;11345128405;S
20241028;100448;48.11;960;11345128406;S
20241028;100448;48.11;580;11345128407;S
20241028;100448;48.11;100;11345128449;S
20241028;100449;48.12;90;11345128551;S
20241028;100449;48.11;200;11345128575;S
20241028;100449;48.11;500;11345128588;S
20241028;100449;48.15;310;11345128954;B
20241028;100449;48.18;100;11345128960;B
20241028;100449;48.18;1900;11345129016;B
20241028;100449;48.18;600;11345129017;B
20241028;100449;48.16;100;11345129019;S
20241028;100449;48.16;100;11345129020;S
20241028;100450;48.2;100;11345129203;B
20241028;100450;48.2;210;11345129204;B
20241028;100450;48.18;100;11345129354;S
20241028;100450;48.18;900;11345129355;S
20241028;100450;48.18;1370;11345129635;B
20241028;100451;48.17;10;11345129689;B
20241028;100451;48.18;2080;11345129911;B
20241028;100452;48.16;10;11345130405;S
20241028;100452;48.14;190;11345130406;S
20241028;100452;48.13;10;11345130449;S
20241028;100452;48.13;40;11345130450;S
20241028;100453;48.17;10;11345130794;B
20241028;100453;48.17;1360;11345130832;B
20241028;100453;48.17;10;11345130873;B
20241028;100454;48.17;2890;11345131091;B
20241028;100454;48.18;7110;11345131092;B
20241028;100454;48.2;250;11345131155;B
20241028;100454;48.2;300;11345131181;B
20241028;100454;48.16;10;11345131241;S
20241028;100454;48.16;870;11345131374;S
20241028;100454;48.16;1130;11345131375;S
20241028;100455;48.2;800;11345131911;B
20241028;100456;48.2;20;11345132005;B
20241028;100457;48.19;10;11345132669;B
20241028;100459;48.19;100;11345133405;B
20241028;100500;48.19;640;11345133937;B
20241028;100501;48.19;80;11345134383;S
20241028;100501;48.2;2080;11345134520;B
20241028;100501;48.21;80;11345134533;B
20241028;100501;48.22;1000;11345134658;B
20241028;100501;48.19;20;11345134730;S
20241028;100501;48.22;460;11345134814;B
20241028;100501;48.22;540;11345134916;B
20241028;100501;48.22;60;11345134917;B
20241028;100502;48.2;950;11345135128;S
20241028;100502;48.23;1000;11345135137;B
20241028;100502;48.23;1000;11345135138;B
20241028;100502;48.25;3000;11345135139;B
20241028;100502;48.25;20;11345135285;B
20241028;100502;48.25;950;11345135465;B
20241028;100502;48.25;1000;11345135724;B
20241028;100502;48.25;100;11345135807;B
20241028;100502;48.25;50;11345135810;B
20241028;100502;48.25;10;11345135811;B
20241028;100502;48.25;50;11345135815;B
20241028;100502;48.25;50;11345135817;B
20241028;100503;48.25;10;11345136272;B
20241028;100504;48.25;960;11345136799;B
20241028;100504;48.25;970;11345136948;B
20241028;100504;48.25;10;11345137035;B
20241028;100504;48.25;630;11345137125;B
20241028;100504;48.25;370;11345137126;B
20241028;100504;48.25;350;11345137132;B
20241028;100505;48.26;920;11345137366;B
20241028;100505;48.26;80;11345137367;B
20241028;100505;48.26;920;11345137587;B
20241028;100505;48.26;600;11345137588;B
20241028;100505;48.27;50;11345137797;B
20241028;100505;48.27;350;11345137815;B
20241028;100506;48.27;600;11345138077;B
20241028;100506;48.27;100;11345138078;B
20241028;100506;48.28;620;11345138343;B
20241028;100506;48.28;5720;11345138344;B
20241028;100506;48.27;450;11345138345;S
20241028;100506;48.27;550;11345138346;S
20241028;100506;48.27;450;11345138347;S
20241028;100506;48.26;380;11345138348;S
20241028;100506;48.26;170;11345138349;B
20241028;100507;48.25;20;11345138429;S
20241028;100509;48.28;160;11345139574;B
20241028;100509;48.28;330;11345139575;B
20241028;100509;48.27;500;11345139631;S
20241028;100509;48.26;510;11345139632;S
20241028;100509;48.26;500;11345139633;S
20241028;100509;48.25;2440;11345139634;S
20241028;100509;48.25;1000;11345139635;S
20241028;100509;48.25;7450;11345139636;S
20241028;100509;48.25;880;11345139637;S
20241028;100509;48.23;500;11345139638;S
20241028;100509;48.23;5000;11345139639;S
20241028;100509;48.22;500;11345139640;S
20241028;100509;48.2;200;11345139641;S
20241028;100509;48.2;10000;11345139642;S
20241028;100509;48.2;1680;11345139643;B
20241028;100509;48.2;50;11345139644;B
20241028;100509;48.2;16940;11345139645;B
20241028;100509;48.2;410;11345139825;B
20241028;100510;48.2;20;11345139939;B
20241028;100510;48.19;120;11345140038;S
20241028;100510;48.2;2370;11345140103;B
20241028;100510;48.2;1000;11345140141;B
20241028;100510;48.2;100;11345140187;B
20241028;100512;48.2;500;11345140807;B
20241028;100512;48.2;1620;11345140835;B
20241028;100512;48.2;2940;11345140970;B
20241028;100512;48.22;10;11345140971;B
20241028;100512;48.22;20;11345140972;B
20241028;100512;48.23;360;11345140973;B
20241028;100512;48.23;30;11345140974;B
20241028;100512;48.24;260;11345140975;B
20241028;100512;48.24;40;11345140976;B
20241028;100512;48.25;100;11345141013;S
20241028;100512;48.26;50;11345141195;B
20241028;100513;48.25;30;11345141628;S
20241028;100514;48.26;60;11345141751;B
20241028;100514;48.26;350;11345141936;B
20241028;100515;48.25;2000;11345142195;S
20241028;100515;48.26;40;11345142526;B
20241028;100515;48.26;500;11345142541;B
20241028;100515;48.25;2100;11345142692;S
20241028;100516;48.26;1000;11345142827;B
20241028;100516;48.26;1000;11345142828;B
20241028;100516;48.28;3580;11345142829;B
20241028;100516;48.28;880;11345142830;B
20241028;100516;48.28;730;11345142831;B
20241028;100516;48.29;2810;11345142832;B
20241028;100516;48.27;120;11345142991;S
20241028;100517;48.29;390;11345143231;B
20241028;100517;48.29;70;11345143232;B
20241028;100517;48.29;110;11345143811;B
20241028;100517;48.3;30;11345143848;B
20241028;100518;48.3;400;11345143917;B
20241028;100518;48.3;50;11345143918;B
20241028;100519;48.29;20;11345144383;S
20241028;100519;48.29;100;11345144815;S
20241028;100520;48.3;50;11345144904;B
20241028;100520;48.31;370;11345144905;B
20241028;100520;48.31;50;11345144906;B
20241028;100520;48.31;190;11345144907;B
20241028;100520;48.32;100;11345145007;B
20241028;100520;48.29;4000;11345145273;S
20241028;100522;48.32;10000;11345145886;B
20241028;100523;48.32;10;11345146796;B
20241028;100524;48.3;10;11345147060;S
20241028;100524;48.32;10;11345147274;B
20241028;100524;48.32;10;11345147413;B
20241028;100525;48.32;50;11345147509;B
20241028;100525;48.31;1000;11345147684;S
20241028;100525;48.32;26240;11345147746;B
20241028;100525;48.32;880;11345147747;B
20241028;100525;48.33;200;11345147748;B
20241028;100525;48.33;1490;11345147749;B
20241028;100525;48.34;5000;11345147750;B
20241028;100525;48.34;20;11345147751;B
20241028;100525;48.34;1320;11345147752;B
20241028;100525;48.35;24770;11345147753;B
20241028;100525;48.36;10000;11345147754;B
20241028;100525;48.37;50;11345147755;B
20241028;100525;48.37;290;11345147756;B
20241028;100525;48.37;10000;11345147757;B
20241028;100525;48.38;29000;11345147758;B
20241028;100525;48.38;1500;11345147759;B
20241028;100525;48.38;1000;11345147760;B
20241028;100525;48.38;7450;11345147761;B
20241028;100525;48.39;3000;11345147762;B
20241028;100525;48.4;90;11345147763;B
20241028;100525;48.4;180;11345147764;B
20241028;100525;48.41;5000;11345147765;B
20241028;100525;48.43;500;11345147766;B
20241028;100525;48.44;5000;11345147767;B
20241028;100525;48.45;510;11345147768;B
20241028;100525;48.46;3000;11345147769;B
20241028;100525;48.49;1000;11345147770;B
20241028;100525;48.49;10;11345147771;B
20241028;100525;48.51;4090;11345147772;B
20241028;100525;48.51;90;11345147773;B
20241028;100525;48.51;2460;11345147774;B
20241028;100525;48.52;5860;11345147775;B
20241028;100525;48.5;500;11345147776;B
20241028;100525;48.5;2000;11345147777;B
20241028;100525;48.49;1000;11345147778;S
20241028;100525;48.47;460;11345147779;S
20241028;100526;48.48;800;11345147932;B
20241028;100526;48.49;1000;11345147933;B
20241028;100526;48.49;1000;11345147934;B
20241028;100526;48.49;1000;11345147935;B
20241028;100526;48.49;1160;11345147936;B
20241028;100526;48.5;2440;11345147937;B
20241028;100526;48.5;20;11345147938;B
20241028;100526;48.51;40;11345147939;B
20241028;100526;48.51;2000;11345147940;B
20241028;100526;48.51;600;11345147941;B
20241028;100526;48.52;9140;11345147942;B
20241028;100526;48.52;10000;11345147943;B
20241028;100526;48.52;1080;11345147944;B
20241028;100526;48.52;880;11345147945;B
20241028;100526;48.53;1090;11345147946;B
20241028;100526;48.54;4150;11345147947;B
20241028;100526;48.49;400;11345147949;S
20241028;100526;48.5;1500;11345147959;B
20241028;100526;48.5;820;11345147960;B
20241028;100526;48.52;2320;11345147964;B
20241028;100526;48.53;880;11345147965;B
20241028;100526;48.55;400;11345147966;B
20241028;100526;48.56;60;11345147967;B
20241028;100526;48.56;340;11345147968;B
20241028;100526;48.52;30;11345147969;S
20241028;100526;48.54;10;11345147992;B
20241028;100526;48.53;200;11345148121;B
20241028;100528;48.52;500;11345148577;S
20241028;100528;48.54;700;11345148617;S
20241028;100528;48.54;100;11345148618;S
20241028;100528;48.54;1200;11345148619;S
20241028;100528;48.54;1870;11345148620;S
20241028;100528;48.53;1040;11345148643;S
20241028;100528;48.51;20;11345148712;S
20241028;100528;48.47;100;11345148754;S
20241028;100528;48.51;20;11345148762;B
20241028;100529;48.51;1430;11345148910;S
20241028;100529;48.52;10;11345148938;B
20241028;100530;48.5;50;11345149161;B
20241028;100531;48.48;300;11345149636;S
20241028;100532;48.5;10;11345150144;B
20241028;100532;48.5;420;11345150145;B
20241028;100532;48.5;70;11345150146;B
20241028;100533;48.47;4050;11345150377;S
20241028;100533;48.47;90;11345150378;S
20241028;100533;48.47;3280;11345150379;S
20241028;100534;48.43;480;11345150823;S
20241028;100535;48.44;70;11345151464;B
20241028;100538;48.41;100;11345152317;S
20241028;100541;48.43;200;11345153537;B
20241028;100541;48.41;1000;11345153618;S
20241028;100542;48.44;560;11345153847;B
20241028;100542;48.44;90;11345153848;B
20241028;100545;48.44;400;11345154858;B
20241028;100546;48.44;200;11345155276;B
20241028;100548;48.41;10;11345155977;S
20241028;100548;48.41;490;11345155978;S
20241028;100549;48.43;10;11345156378;S
20241028;100549;48.42;90;11345156379;S
20241028;100549;48.43;110;11345156521;B
20241028;100549;48.43;260;11345156522;B
20241028;100549;48.44;150;11345156523;B
20241028;100549;48.44;100;11345156524;B
20241028;100549;48.45;2460;11345156525;B
20241028;100549;48.45;1920;11345156526;B
20241028;100550;48.42;30;11345156832;B
20241028;100553;48.44;200;11345158061;B
20241028;100553;48.47;880;11345158062;B
20241028;100553;48.48;1000;11345158063;B
20241028;100553;48.48;500;11345158064;B
20241028;100553;48.49;10;11345158065;B
20241028;100553;48.49;80;11345158066;B
20241028;100553;48.49;4090;11345158067;B
20241028;100553;48.49;4860;11345158068;B
20241028;100553;48.49;2040;11345158069;B
20241028;100553;48.5;1340;11345158070;B
20241028;100553;48.5;100;11345158073;B
20241028;100554;48.5;10;11345158132;B
20241028;100554;48.48;160;11345158208;B
20241028;100554;48.5;270;11345158209;B
20241028;100554;48.47;1500;11345158217;S
20241028;100555;48.46;130;11345158687;B
20241028;100555;48.49;30;11345158696;B
20241028;100556;48.48;110;11345158798;B
20241028;100557;48.49;560;11345159031;B
20241028;100558;48.44;200;11345159511;S
20241028;100601;48.48;90;11345160424;B
20241028;100602;48.48;790;11345160847;B
20241028;100602;48.48;10;11345160848;B
20241028;100604;48.48;10;11345161338;B
20241028;100604;48.44;10;11345161346;S
20241028;100604;48.48;20;11345161416;B
20241028;100605;48.49;4090;11345161731;B
20241028;100605;48.49;910;11345161732;B
20241028;100605;48.49;100;11345161756;B
20241028;100605;48.49;110;11345161862;B
20241028;100605;48.49;400;11345161877;B
20241028;100606;48.49;500;11345162156;B
20241028;100608;48.49;250;11345162629;B
20241028;100608;48.49;3330;11345162760;B
20241028;100609;48.47;260;11345163087;S
20241028;100610;48.49;820;11345163330;B
20241028;100611;48.49;300;11345163647;B
20241028;100611;48.49;5000;11345163703;B
20241028;100612;48.5;50;11345164084;B
20241028;100613;48.5;500;11345164632;B
20241028;100614;48.5;150;11345164778;B
20241028;100614;48.48;80;11345164792;S
20241028;100614;48.48;10;11345164793;S
20241028;100614;48.47;50;11345165020;S
20241028;100615;48.48;610;11345165034;B
20241028;100615;48.48;50;11345165295;B
20241028;100615;48.47;520;11345165336;S
20241028;100615;48.45;130;11345165337;S
20241028;100616;48.45;1200;11345165616;S
20241028;100616;48.45;310;11345165618;S
20241028;100616;48.45;260;11345165619;S
20241028;100616;48.45;530;11345165620;S
20241028;100616;48.45;1210;11345165621;S
20241028;100616;48.44;90;11345165622;S
20241028;100616;48.44;7420;11345165623;S
20241028;100616;48.44;460;11345165624;S
20241028;100616;48.44;1210;11345165625;S
20241028;100616;48.43;1000;11345165626;S
20241028;100616;48.43;880;11345165627;S
20241028;100616;48.42;30;11345165628;S
20241028;100616;48.42;570;11345165629;S
20241028;100616;48.42;500;11345165630;S
20241028;100616;48.41;10000;11345165631;S
20241028;100616;48.41;2000;11345165632;S
20241028;100616;48.39;50;11345165633;S
20241028;100616;48.39;5000;11345165634;S
20241028;100616;48.37;1320;11345165635;S
20241028;100616;48.38;7420;11345165637;S
20241028;100616;48.37;3500;11345165638;S
20241028;100616;48.36;4130;11345165639;S
20241028;100616;48.42;80;11345165671;S
20241028;100616;48.4;10;11345165672;S
20241028;100617;48.4;7430;11345165787;S
20241028;100617;48.4;560;11345165788;S
20241028;100617;48.39;880;11345165789;S
20241028;100617;48.37;370;11345165790;S
20241028;100617;48.38;1070;11345165791;S
20241028;100617;48.39;130;11345165792;S
20241028;100617;48.39;2030;11345165794;S
20241028;100617;48.39;1350;11345165808;S
20241028;100617;48.39;700;11345165813;S
20241028;100617;48.39;1650;11345165817;S
20241028;100617;48.39;80;11345165819;S
20241028;100617;48.39;70;11345165823;S
20241028;100617;48.39;440;11345165826;S
20241028;100617;48.39;40;11345165836;S
20241028;100617;48.39;2020;11345165841;S
20241028;100617;48.39;1080;11345165842;S
20241028;100617;48.38;720;11345165843;S
20241028;100617;48.36;280;11345165844;S
20241028;100617;48.36;1080;11345165849;S
20241028;100617;48.36;280;11345165851;S
20241028;100617;48.36;270;11345165860;S
20241028;100617;48.36;30;11345165861;S
20241028;100617;48.36;610;11345165882;S
20241028;100617;48.36;250;11345165886;S
20241028;100617;48.36;1910;11345165894;S
20241028;100617;48.36;210;11345165898;S
20241028;100617;48.36;780;11345165913;S
20241028;100617;48.36;190;11345165921;S
20241028;100617;48.36;1820;11345165924;S
20241028;100617;48.36;1040;11345165925;S
20241028;100617;48.35;6380;11345165926;S
20241028;100617;48.36;3280;11345165931;S
20241028;100617;48.36;300;11345165933;S
20241028;100617;48.36;140;11345165938;S
20241028;100617;48.36;880;11345165964;S
20241028;100617;48.39;30;11345166101;B
20241028;100618;48.39;50;11345166144;B
20241028;100619;48.36;30;11345166684;S
20241028;100619;48.39;10;11345166715;B
20241028;100619;48.39;90;11345166729;B
20241028;100625;48.4;800;11345168456;B
20241028;100625;48.4;80;11345168459;B
20241028;100625;48.41;10;11345168598;B
20241028;100625;48.4;720;11345168751;S
20241028;100625;48.39;30;11345168752;S
20241028;100626;48.41;20;11345168884;B
20241028;100626;48.41;860;11345169069;B
20241028;100626;48.41;80;11345169070;B
20241028;100626;48.41;60;11345169071;B
20241028;100627;48.42;10;11345169365;B
20241028;100628;48.42;70;11345169461;B
20241028;100628;48.42;180;11345169462;B
20241028;100628;48.38;250;11345169770;S
20241028;100630;48.41;880;11345170368;B
20241028;100630;48.42;80;11345170369;B
20241028;100630;48.44;10;11345170645;B
20241028;100631;48.44;40;11345170806;B
20241028;100631;48.43;20;11345170867;B
20241028;100632;48.42;1000;11345171122;S
20241028;100632;48.43;350;11345171195;S
20241028;100632;48.42;500;11345171196;S
20241028;100632;48.41;150;11345171197;S
20241028;100632;48.41;330;11345171198;S
20241028;100632;48.41;670;11345171199;B
20241028;100632;48.44;150;11345171357;B
20241028;100632;48.44;1120;11345171443;B
20241028;100632;48.44;3880;11345171444;B
20241028;100633;48.4;1000;11345171453;S
20241028;100633;48.4;3590;11345171454;S
20241028;100633;48.43;460;11345171459;B
20241028;100635;48.42;100;11345172496;S
20241028;100638;48.43;880;11345173301;B
20241028;100638;48.43;680;11345173302;B
20241028;100638;48.43;10;11345173303;B
20241028;100638;48.44;430;11345173304;B
20241028;100639;48.44;30;11345173612;B
20241028;100641;48.43;10;11345174336;S
20241028;100641;48.43;40;11345174350;S
20241028;100641;48.43;100;11345174351;S
20241028;100641;48.4;40;11345174352;S
20241028;100641;48.4;120;11345174353;S
20241028;100641;48.4;100;11345174478;S
20241028;100642;48.43;500;11345174779;S
20241028;100642;48.43;100;11345174780;S
20241028;100643;48.46;710;11345174934;B
20241028;100643;48.46;10;11345175245;B
20241028;100644;48.46;70;11345175542;B
20241028;100646;48.46;700;11345175968;S
20241028;100647;48.47;290;11345176291;B
20241028;100647;48.46;2860;11345176428;S
20241028;100647;48.43;2140;11345176429;B
20241028;100648;48.46;1000;11345176745;S
20241028;100649;48.47;10;11345177085;B
20241028;100650;48.48;240;11345177349;B
20241028;100650;48.48;330;11345177350;B
20241028;100650;48.48;430;11345177351;B
20241028;100650;48.43;170;11345177457;S
20241028;100652;48.47;120;11345178169;S
20241028;100652;48.44;150;11345178170;S
20241028;100652;48.43;880;11345178171;S
20241028;100652;48.43;4850;11345178172;S
20241028;100653;48.42;10;11345178525;S
20241028;100654;48.45;100;11345178895;B
20241028;100654;48.46;70;11345178896;B
20241028;100657;48.42;20;11345179503;S
20241028;100657;48.42;280;11345179504;S
20241028;100657;48.46;20;11345179671;B
20241028;100658;48.44;400;11345179888;S
20241028;100658;48.44;600;11345179889;S
20241028;100659;48.43;50;11345180018;B
20241028;100659;48.43;20;11345180030;B
20241028;100659;48.43;10;11345180101;B
20241028;100659;48.43;320;11345180235;B
20241028;100700;48.44;20;11345180307;B
20241028;100701;48.48;2000;11345180576;B
20241028;100701;48.44;250;11345180590;S
20241028;100701;48.46;100;11345180640;B
20241028;100701;48.43;300;11345180720;S
20241028;100702;48.43;1000;11345180798;S
20241028;100702;48.44;10;11345180822;B
20241028;100702;48.44;500;11345180889;B
20241028;100703;48.44;10;11345181012;B
20241028;100703;48.44;100;11345181111;B
20241028;100705;48.44;100;11345181419;B
20241028;100707;48.44;10;11345181908;B
20241028;100710;48.44;1000;11345182666;B
20241028;100712;48.42;20;11345183271;S
20241028;100713;48.44;20;11345183474;B
20241028;100714;48.44;1000;11345183526;B
20241028;100714;48.44;10;11345183574;B
20241028;100716;48.42;100;11345184180;S
20241028;100716;48.4;1000;11345184181;S
20241028;100716;48.4;500;11345184182;S
20241028;100716;48.4;10;11345184183;S
20241028;100716;48.4;60;11345184184;S
20241028;100716;48.39;20;11345184185;S
20241028;100716;48.39;500;11345184186;S
20241028;100716;48.39;150;11345184187;S
20241028;100716;48.39;880;11345184188;S
20241028;100716;48.38;4140;11345184189;S
20241028;100716;48.38;220;11345184190;S
20241028;100717;48.42;880;11345184209;B
20241028;100717;48.42;540;11345184210;B
20241028;100717;48.42;80;11345184211;B
20241028;100717;48.43;4090;11345184212;B
20241028;100717;48.44;4000;11345184213;B
20241028;100717;48.44;500;11345184214;B
20241028;100717;48.45;9910;11345184215;B
20241028;100717;48.42;30;11345184420;B
20241028;100717;48.43;30;11345184421;B
20241028;100718;48.45;40;11345184642;B
20241028;100718;48.45;900;11345184731;B
20241028;100720;48.44;10;11345185014;S
20241028;100720;48.42;880;11345185015;S
20241028;100720;48.41;110;11345185016;S
20241028;100721;48.44;10;11345185412;B
20241028;100722;48.44;20;11345185517;B
20241028;100722;48.44;50;11345185623;B
20241028;100724;48.45;600;11345186043;B
20241028;100728;48.45;20;11345186961;B
20241028;100728;48.45;30;11345186997;B
20241028;100729;48.44;200;11345187206;S
20241028;100729;48.42;20;11345187207;S
20241028;100729;48.42;50;11345187208;S
20241028;100729;48.41;20;11345187209;S
20241028;100729;48.41;710;11345187210;S
20241028;100729;48.41;10;11345187275;S
20241028;100730;48.45;50;11345187435;B
20241028;100733;48.45;360;11345188630;B
20241028;100733;48.44;50;11345188851;S
20241028;100733;48.44;50;11345188852;S
20241028;100733;48.42;450;11345188853;S
20241028;100733;48.41;1950;11345188854;S
20241028;100733;48.45;200;11345188858;B
20241028;100734;48.41;80;11345189146;S
20241028;100734;48.44;100;11345189179;S
20241028;100737;48.45;50;11345190136;B
20241028;100737;48.45;100;11345190174;B
20241028;100737;48.44;220;11345190256;S
20241028;100738;48.45;300;11345190329;B
20241028;100741;48.45;10;11345191432;B
20241028;100743;48.45;30;11345191989;B
20241028;100744;48.45;40;11345192149;B
20241028;100745;48.45;30;11345192521;B
20241028;100745;48.44;30;11345192546;S
20241028;100745;48.44;300;11345192664;S
20241028;100747;48.45;60;11345193263;B
20241028;100749;48.44;10;11345193798;S
20241028;100750;48.44;170;11345193995;S
20241028;100752;48.44;10;11345194659;B
20241028;100754;48.44;50;11345195882;B
20241028;100754;48.44;310;11345195883;B
20241028;100754;48.44;10;11345195884;B
20241028;100754;48.45;630;11345195885;B
20241028;100755;48.42;50;11345196002;S
20241028;100756;48.45;10;11345196200;B
20241028;100756;48.44;50;11345196224;S
20241028;100757;48.45;400;11345196571;B
20241028;100757;48.42;100;11345196608;S
20241028;100757;48.42;70;11345196609;S
20241028;100757;48.42;330;11345196610;S
20241028;100757;48.45;100;11345196673;B
20241028;100757;48.45;20;11345196747;B
20241028;100800;48.42;20;11345197363;B
20241028;100801;48.42;150;11345197886;B
20241028;100805;48.43;100;11345198937;B
20241028;100806;48.42;10;11345199306;B
20241028;100808;48.42;20;11345199956;B
20241028;100808;48.41;20;11345200017;S
20241028;100808;48.42;180;11345200087;B
20241028;100808;48.43;230;11345200088;B
20241028;100808;48.43;70;11345200089;B
20241028;100808;48.44;70;11345200090;B
20241028;100808;48.45;7720;11345200091;B
20241028;100809;48.42;10;11345200434;B
20241028;100809;48.42;90;11345200435;B
20241028;100811;48.42;10;11345200958;B
20241028;100812;48.42;320;11345201105;B
20241028;100813;48.42;670;11345201647;B
20241028;100813;48.43;120;11345201648;B
20241028;100813;48.43;540;11345201649;B
20241028;100813;48.44;450;11345201650;B
20241028;100813;48.45;5970;11345201651;B
20241028;100813;48.45;10;11345201652;B
20241028;100813;48.45;880;11345201653;B
20241028;100821;48.46;10;11345204333;B
20241028;100824;48.46;20;11345204846;B
20241028;100824;48.46;370;11345204995;B
20241028;100824;48.46;440;11345204996;B
20241028;100824;48.47;80;11345204997;B
20241028;100827;48.49;100;11345205875;B
20241028;100830;48.49;10;11345206635;B
20241028;100830;48.46;100;11345206674;S
20241028;100830;48.46;300;11345206675;S
20241028;100830;48.45;100;11345206676;S
20241028;100832;48.48;10;11345207175;B
20241028;100832;48.46;10;11345207416;S
20241028;100832;48.46;500;11345207417;S
20241028;100832;48.45;1260;11345207418;S
20241028;100832;48.45;20;11345207419;S
20241028;100832;48.45;210;11345207420;S
20241028;100832;48.44;350;11345207426;S
20241028;100834;48.45;20;11345207979;B
20241028;100836;48.44;20;11345208365;S
20241028;100839;48.46;30;11345209080;B
20241028;100839;48.46;60;11345209220;B
20241028;100841;48.46;100;11345209596;B
20241028;100841;48.46;270;11345209597;B
20241028;100841;48.47;820;11345209598;B
20241028;100841;48.48;880;11345209599;B
20241028;100841;48.48;530;11345209600;B
20241028;100842;48.45;210;11345209840;B
20241028;100842;48.49;790;11345209841;B
20241028;100842;48.49;120;11345209887;B
20241028;100842;48.49;680;11345209888;B
20241028;100842;48.45;20;11345209926;B
20241028;100844;48.45;10;11345210410;B
20241028;100847;48.45;10;11345211141;S
20241028;100847;48.44;1690;11345211142;S
20241028;100847;48.45;170;11345211202;B
20241028;100849;48.48;140;11345211704;B
20241028;100849;48.49;460;11345211705;B
20241028;100851;48.49;80;11345212437;B
20241028;100853;48.46;30;11345212883;S
20241028;100853;48.46;10;11345212884;S
20241028;100854;48.49;30;11345213015;B
20241028;100854;48.49;10;11345213030;B
20241028;100856;48.46;870;11345213596;S
20241028;100856;48.46;1110;11345213597;S
20241028;100856;48.46;330;11345213598;S
20241028;100856;48.45;1480;11345213599;S
20241028;100858;48.48;280;11345214421;S
20241028;100858;48.47;990;11345214422;S
20241028;100858;48.46;230;11345214423;S
20241028;100858;48.46;90;11345214556;S
20241028;100859;48.48;50;11345214681;B
20241028;100859;48.48;100;11345214876;B
20241028;100859;48.48;3940;11345214879;B
20241028;100859;48.49;4420;11345214880;B
20241028;100859;48.49;880;11345214881;B
20241028;100859;48.49;110;11345214882;B
20241028;100859;48.5;1620;11345214883;B
20241028;100859;48.5;350;11345214884;B
20241028;100859;48.5;100;11345214885;B
20241028;100859;48.5;30;11345214886;B
20241028;100859;48.5;640;11345214887;B
20241028;100859;48.5;2000;11345214888;B
20241028;100859;48.51;7420;11345214889;B
20241028;100859;48.53;1490;11345214890;B
20241028;100900;48.53;720;11345214911;B
20241028;100900;48.55;1040;11345214912;B
20241028;100900;48.53;90;11345215002;B
20241028;100900;48.55;2910;11345215003;B
20241028;100902;48.54;50;11345215560;B
20241028;100902;48.54;100;11345215620;B
20241028;100904;48.53;600;11345216124;S
20241028;100904;48.53;220;11345216125;S
20241028;100904;48.49;10;11345216126;S
20241028;100904;48.49;170;11345216127;S
20241028;100904;48.5;20;11345216128;S
20241028;100904;48.49;180;11345216129;S
20241028;100904;48.49;530;11345216130;S
20241028;100904;48.49;70;11345216131;S
20241028;100904;48.49;200;11345216132;S
20241028;100905;48.49;10;11345216485;S
20241028;100906;48.49;60;11345216870;S
20241028;100906;48.49;10;11345216871;S
20241028;100906;48.48;2500;11345216872;S
20241028;100906;48.48;950;11345216873;S
20241028;100906;48.47;500;11345216874;S
20241028;100906;48.47;500;11345216875;S
20241028;100906;48.47;950;11345216876;S
20241028;100906;48.47;880;11345216877;S
20241028;100906;48.46;1450;11345216878;S
20241028;100907;48.5;10;11345217164;B
20241028;100908;48.46;430;11345217482;S
20241028;100909;48.46;240;11345217867;S
20241028;100910;48.5;210;11345217952;B
20241028;100910;48.5;70;11345218171;B
20241028;100910;48.51;730;11345218172;B
20241028;100911;48.5;10;11345218273;B
20241028;100911;48.47;880;11345218310;S
20241028;100911;48.46;620;11345218311;S
20241028;100912;48.51;10;11345218464;B
20241028;100915;48.52;10;11345219412;B
20241028;100917;48.51;400;11345220092;S
20241028;100917;48.51;100;11345220093;S
20241028;100917;48.54;610;11345220212;B
20241028;100919;48.51;10;11345220788;S
20241028;100922;48.51;20;11345221789;S
20241028;100923;48.54;90;11345222189;B
20241028;100925;48.51;40;11345222583;S
20241028;100925;48.54;40;11345222636;B
20241028;100925;48.51;300;11345222777;S
20241028;100929;48.53;20;11345223752;B
20241028;100930;48.53;10;11345223956;B
20241028;100930;48.53;70;11345223985;B
20241028;100930;48.54;610;11345223986;B
20241028;100934;48.52;40;11345224948;S
20241028;100935;48.53;20;11345225266;B
20241028;100935;48.54;10;11345225267;B
20241028;100935;48.55;30;11345225343;B
20241028;100935;48.55;210;11345225344;B
20241028;100935;48.55;330;11345225345;B
20241028;100935;48.52;60;11345225436;S
20241028;100935;48.52;50;11345225437;S
20241028;100936;48.55;10;11345225631;B
20241028;100939;48.54;20;11345226568;S
20241028;100940;48.55;1610;11345226871;B
20241028;100940;48.55;50;11345227100;B
20241028;100943;48.54;1000;11345227877;S
20241028;100944;48.54;30;11345228136;S
20241028;100946;48.55;1610;11345228809;B
20241028;100946;48.55;1610;11345228811;B
20241028;100946;48.55;1610;11345228874;B
20241028;100946;48.56;160;11345228940;B
20241028;100947;48.56;30;11345229312;B
20241028;100948;48.54;100;11345229624;S
20241028;100948;48.55;500;11345229807;B
20241028;100949;48.56;200;11345229871;B
20241028;100951;48.55;1530;11345230563;S
20241028;100951;48.55;180;11345230564;S
20241028;100951;48.54;790;11345230565;S
20241028;100954;48.56;2000;11345231486;B
20241028;100956;48.55;110;11345232127;B
20241028;100956;48.56;90;11345232128;B
20241028;100956;48.55;700;11345232411;S
20241028;100956;48.54;300;11345232412;S
20241028;100956;48.54;60;11345232414;S
20241028;100956;48.54;140;11345232415;S
20241028;100957;48.56;7470;11345232708;B
20241028;100957;48.56;880;11345232709;B
20241028;100957;48.56;10;11345232710;B
20241028;100957;48.57;290;11345232711;B
20241028;100957;48.57;90;11345232712;B
20241028;100957;48.57;400;11345232714;S
20241028;100958;48.58;560;11345232852;B
20241028;100958;48.59;70;11345233019;B
20241028;100958;48.6;10;11345233020;B
20241028;100958;48.6;30;11345233021;B
20241028;100958;48.6;80;11345233022;B
20241028;100959;48.59;5000;11345233549;B
20241028;101000;48.59;2400;11345233951;B
20241028;101000;48.6;100;11345233952;B
20241028;101001;48.57;860;11345234146;S
20241028;101001;48.56;20;11345234147;S
20241028;101001;48.55;500;11345234148;S
20241028;101001;48.55;2460;11345234149;S
20241028;101001;48.55;1230;11345234150;S
20241028;101001;48.55;880;11345234151;S
20241028;101001;48.54;1280;11345234152;S
20241028;101001;48.54;20;11345234154;B
20241028;101001;48.54;2300;11345234155;B
20241028;101001;48.54;60;11345234156;B
20241028;101001;48.54;390;11345234157;B
20241028;101001;48.55;700;11345234158;B
20241028;101001;48.57;600;11345234359;B
20241028;101001;48.58;70;11345234360;B
20241028;101001;48.59;10;11345234361;B
20241028;101001;48.59;700;11345234362;B
20241028;101002;48.59;200;11345234511;B
20241028;101005;48.59;450;11345235575;B
20241028;101007;48.59;10;11345236185;B
20241028;101007;48.59;10;11345236220;B
20241028;101008;48.58;300;11345236393;S
20241028;101008;48.58;700;11345236394;S
20241028;101008;48.58;360;11345236395;S
20241028;101010;48.58;440;11345237137;B
20241028;101011;48.59;20;11345237529;B
20241028;101011;48.59;80;11345237530;B
20241028;101011;48.59;60;11345237531;B
20241028;101011;48.59;1000;11345237540;S
20241028;101011;48.59;450;11345237547;S
20241028;101011;48.59;550;11345237550;B
20241028;101011;48.59;650;11345237551;B
20241028;101012;48.6;760;11345237948;B
20241028;101013;48.59;10;11345238220;S
20241028;101013;48.59;10;11345238221;S
20241028;101013;48.59;240;11345238234;S
20241028;101013;48.59;540;11345238235;S
20241028;101013;48.57;20;11345238236;S
20241028;101013;48.6;10000;11345238353;B
20241028;101015;48.58;20;11345238892;S
20241028;101015;48.58;680;11345238893;S
20241028;101016;48.59;20;11345239277;S
20241028;101016;48.59;110;11345239278;S
20241028;101016;48.6;9060;11345239308;B
20241028;101016;48.6;330;11345239309;B
20241028;101016;48.6;100;11345239310;S
20241028;101016;48.6;100;11345239311;S
20241028;101016;48.62;10;11345239312;B
20241028;101016;48.65;40;11345239335;B
20241028;101016;48.65;50;11345239338;S
20241028;101016;48.61;50;11345239339;S
20241028;101016;48.64;660;11345239369;B
20241028;101017;48.6;100;11345239726;S
20241028;101019;48.6;50;11345240223;S
20241028;101020;48.65;40;11345240580;B
20241028;101020;48.65;60;11345240581;B
20241028;101025;48.66;10;11345242061;B
20241028;101025;48.65;180;11345242125;S
20241028;101025;48.66;20;11345242146;B
20241028;101025;48.66;50;11345242153;B
20241028;101027;48.65;600;11345242725;S
20241028;101027;48.66;5000;11345242835;B
20241028;101030;48.65;400;11345243679;S
20241028;101030;48.65;200;11345243680;S
20241028;101030;48.65;100;11345243681;S
20241028;101030;48.65;440;11345243682;S
20241028;101030;48.65;50;11345243683;S
20241028;101030;48.65;110;11345243684;S
20241028;101030;48.65;100;11345243685;S
20241028;101031;48.66;10;11345244197;B
20241028;101031;48.65;20;11345244227;S
20241028;101034;48.65;20;11345245161;B
20241028;101034;48.65;20;11345245170;B
20241028;101034;48.66;2310;11345245171;B
20241028;101034;48.66;650;11345245172;B
20241028;101034;48.66;1000;11345245173;S
20241028;101034;48.67;50;11345245175;B
20241028;101034;48.67;30;11345245176;B
20241028;101034;48.67;20;11345245177;B
20241028;101034;48.66;1000;11345245179;S
20241028;101034;48.66;1000;11345245180;S
20241028;101034;48.66;500;11345245181;S
20241028;101034;48.66;500;11345245182;S
20241028;101034;48.66;500;11345245183;S
20241028;101034;48.66;500;11345245186;S
20241028;101034;48.66;1000;11345245188;S
20241028;101034;48.66;20;11345245190;S
20241028;101034;48.65;830;11345245474;B
20241028;101035;48.66;120;11345245642;B
20241028;101043;48.62;20;11345249108;S
20241028;101044;48.63;50;11345249430;B
20241028;101045;48.62;60;11345249639;S
20241028;101045;48.62;10;11345249640;S
20241028;101045;48.62;430;11345249641;S
20241028;101045;48.63;20;11345249676;B
20241028;101045;48.62;90;11345249970;S
20241028;101045;48.62;480;11345249971;S
20241028;101045;48.62;170;11345249972;S
20241028;101045;48.62;1470;11345249975;S
20241028;101046;48.61;30;11345250166;B
20241028;101048;48.61;450;11345250650;B
20241028;101049;48.61;400;11345250937;B
20241028;101049;48.61;280;11345250938;B
20241028;101049;48.61;20;11345250939;B
20241028;101049;48.6;10;11345250942;S
20241028;101050;48.61;20;11345251257;B
20241028;101050;48.61;480;11345251269;B
20241028;101050;48.61;520;11345251270;B
20241028;101050;48.6;250;11345251443;S
20241028;101050;48.6;60;11345251444;S
20241028;101050;48.6;60;11345251445;S
20241028;101050;48.6;10;11345251446;S
20241028;101050;48.6;250;11345251447;S
20241028;101050;48.59;10;11345251448;S
20241028;101050;48.59;10;11345251449;S
20241028;101050;48.59;350;11345251450;S
20241028;101051;48.59;650;11345251503;S
20241028;101051;48.59;310;11345251504;S
20241028;101054;48.57;20;11345252510;S
20241028;101054;48.57;20;11345252511;S
20241028;101054;48.56;10;11345252512;S
20241028;101054;48.56;70;11345252513;S
20241028;101054;48.55;80;11345252514;S
20241028;101054;48.55;50;11345252515;S
20241028;101054;48.55;310;11345252516;S
20241028;101054;48.54;100;11345252517;S
20241028;101054;48.54;1000;11345252518;S
20241028;101054;48.54;500;11345252519;S
20241028;101054;48.54;1000;11345252520;S
20241028;101054;48.54;880;11345252521;S
20241028;101054;48.54;3460;11345252522;S
20241028;101056;48.57;230;11345253218;S
20241028;101056;48.54;500;11345253219;S
20241028;101056;48.53;100;11345253220;S
20241028;101056;48.53;170;11345253221;S
20241028;101057;48.58;10;11345253650;B
20241028;101057;48.56;10;11345253690;S
20241028;101101;48.56;120;11345254827;S
20241028;101102;48.59;40;11345255056;B
20241028;101102;48.6;10;11345255057;B
20241028;101105;48.58;330;11345256159;S
20241028;101105;48.58;200;11345256160;S
20241028;101105;48.54;470;11345256161;S
20241028;101105;48.54;500;11345256162;S
20241028;101105;48.54;100;11345256163;S
20241028;101111;48.59;10;11345257792;B
20241028;101112;48.57;20;11345258088;S
20241028;101116;48.59;10;11345258687;B
20241028;101118;48.59;50;11345259168;B
20241028;101120;48.58;4500;11345259539;S
20241028;101120;48.58;260;11345259540;S
20241028;101120;48.58;10;11345259541;S
20241028;101120;48.57;10;11345259542;S
20241028;101120;48.57;20;11345259543;S
20241028;101120;48.57;780;11345259544;S
20241028;101120;48.56;780;11345259545;S
20241028;101120;48.55;10;11345259595;S
20241028;101121;48.55;10;11345259771;S
20241028;101121;48.56;50;11345259835;B
20241028;101122;48.56;2500;11345259980;B
20241028;101124;48.54;10;11345260422;S
20241028;101124;48.54;10;11345260423;S
20241028;101124;48.54;100;11345260424;S
20241028;101124;48.54;210;11345260425;S
20241028;101124;48.53;10;11345260426;S
20241028;101124;48.53;710;11345260427;S
20241028;101124;48.52;10;11345260428;S
20241028;101124;48.52;1100;11345260429;S
20241028;101124;48.52;880;11345260430;S
20241028;101124;48.52;710;11345260431;S
20241028;101124;48.52;6250;11345260432;S
20241028;101124;48.55;10;11345260523;S
20241028;101126;48.54;100;11345260814;B
20241028;101126;48.54;30;11345260890;B
20241028;101126;48.54;10;11345260917;B
20241028;101127;48.54;360;11345261099;B
20241028;101127;48.54;50;11345261100;B
20241028;101127;48.54;10;11345261101;B
20241028;101127;48.55;80;11345261102;B
20241028;101127;48.55;170;11345261216;S
20241028;101127;48.52;1160;11345261217;S
20241028;101127;48.51;100;11345261218;S
20241028;101127;48.51;70;11345261219;S
20241028;101129;48.55;350;11345261480;B
20241028;101134;48.52;130;11345262186;S
20241028;101134;48.52;870;11345262187;S
20241028;101134;48.52;860;11345262188;S
20241028;101134;48.52;1000;11345262189;S
20241028;101134;48.52;1000;11345262190;S
20241028;101136;48.52;1500;11345262553;S
20241028;101136;48.54;10;11345262628;B
20241028;101141;48.53;40;11345263785;S
20241028;101141;48.52;110;11345263786;S
20241028;101141;48.52;560;11345263787;S
20241028;101143;48.51;20;11345264044;S
20241028;101144;48.52;100;11345264220;B
20241028;101144;48.52;70;11345264343;B
20241028;101144;48.51;460;11345264344;B
20241028;101145;48.5;10;11345264346;S
20241028;101145;48.5;10;11345264347;S
20241028;101145;48.5;10;11345264348;S
20241028;101145;48.5;100;11345264349;S
20241028;101145;48.5;150;11345264350;S
20241028;101145;48.5;100;11345264351;S
20241028;101145;48.5;10;11345264352;S
20241028;101145;48.5;130;11345264353;S
20241028;101145;48.5;50;11345264354;S
