<DATE>;<TIME>;<LAST>;<VOL>;<ID>;<OPER>
20241017;095933;54.95;10;11308038147;B
20241017;095933;54.95;10;11308038148;B
20241017;095933;54.95;40;11308038149;S
20241017;095933;54.95;10;11308038150;S
20241017;095933;54.95;230;11308038151;B
20241017;095933;54.95;30;11308038152;B
20241017;095933;54.95;90;11308038153;B
20241017;095933;54.95;10;11308038154;B
20241017;095933;54.95;700;11308038155;S
20241017;095933;54.95;1930;11308038156;S
20241017;095933;54.95;4000;11308038157;S
20241017;095933;54.95;100;11308038158;B
20241017;095933;54.95;130;11308038159;S
20241017;095933;54.95;300;11308038160;S
20241017;095933;54.95;10;11308038161;S
20241017;095933;54.95;2430;11308038162;S
20241017;095933;54.95;100;11308038163;S
20241017;095933;54.95;30;11308038164;S
20241017;095933;54.95;200;11308038165;S
20241017;095933;54.95;3770;11308038166;S
20241017;095933;54.95;100;11308038167;S
20241017;095933;54.95;1130;11308038168;S
20241017;095933;54.95;1870;11308038169;S
20241017;095933;54.95;10;11308038170;S
20241017;095933;54.95;120;11308038171;B
20241017;095933;54.95;10;11308038172;B
20241017;095933;54.95;30;11308038173;S
20241017;095933;54.95;40;11308038174;S
20241017;095933;54.95;250;11308038175;B
20241017;095933;54.95;10;11308038176;S
20241017;095933;54.95;10;11308038177;S
20241017;095933;54.95;10;11308038178;S
20241017;095933;54.95;10;11308038179;S
20241017;095933;54.95;10;11308038180;S
20241017;095933;54.95;10;11308038181;S
20241017;095933;54.95;10;11308038182;S
20241017;095933;54.95;10;11308038183;S
20241017;095933;54.95;10;11308038184;S
20241017;095933;54.95;100;11308038185;S
20241017;095933;54.95;10;11308038186;S
20241017;095933;54.95;10;11308038187;S
20241017;095933;54.95;10;11308038188;S
20241017;095933;54.95;240;11308038189;S
20241017;095933;54.95;540;11308038190;S
20241017;095933;54.95;10;11308038191;S
20241017;095933;54.95;10;11308038192;S
20241017;095933;54.95;200;11308038193;S
20241017;095933;54.95;20;11308038194;S
20241017;095933;54.95;150;11308038195;S
20241017;095933;54.95;90;11308038196;S
20241017;095933;54.95;200;11308038197;S
20241017;095933;54.95;200;11308038198;S
20241017;095933;54.95;10;11308038199;B
20241017;095933;54.95;40;11308038200;B
20241017;095933;54.95;10;11308038201;B
20241017;095933;54.95;300;11308038202;B
20241017;095933;54.95;90;11308038203;B
20241017;095933;54.95;20;11308038204;B
20241017;095933;54.95;1030;11308038205;S
20241017;095933;54.95;1000;11308038206;S
20241017;095933;54.95;500;11308038207;S
20241017;095933;54.95;30;11308038208;S
20241017;095933;54.95;1470;11308038209;S
20241017;095933;54.95;530;11308038210;S
20241017;095933;54.95;10;11308038211;S
20241017;095933;54.95;10;11308038212;S
20241017;095933;54.95;100;11308038213;S
20241017;095933;54.95;90;11308038214;S
20241017;095933;54.95;260;11308038215;S
20241017;095933;54.95;10;11308038216;B
20241017;095933;54.95;10;11308038217;B
20241017;095933;54.95;100;11308038218;S
20241017;095933;54.95;50;11308038219;S
20241017;095933;54.95;50;11308038220;B
20241017;095933;54.95;250;11308038221;B
20241017;095933;54.95;100;11308038222;S
20241017;095933;54.95;50;11308038223;B
20241017;100000;54.95;90;11308043295;B
20241017;100001;54.95;170;11308043625;B
20241017;100002;54.95;60;11308044000;B
20241017;100002;54.95;200;11308044120;B
20241017;100003;54.95;10;11308044206;B
20241017;100003;54.95;10;11308044543;B
20241017;100003;54.94;20;11308044545;S
20241017;100003;54.94;10;11308044546;S
20241017;100003;54.92;30;11308044749;S
20241017;100003;54.91;5000;11308044812;S
20241017;100003;54.9;10;11308044813;S
20241017;100003;54.9;600;11308044814;S
20241017;100003;54.89;200;11308044815;S
20241017;100003;54.89;10;11308044816;S
20241017;100003;54.89;3000;11308044817;S
20241017;100003;54.89;600;11308044818;S
20241017;100003;54.88;2580;11308044819;S
20241017;100004;54.95;20;11308044982;B
20241017;100004;54.88;10;11308045001;S
20241017;100004;54.95;10;11308045018;B
20241017;100004;54.88;220;11308045123;S
20241017;100004;54.88;60;11308045382;S
20241017;100004;54.94;10;11308045857;B
20241017;100004;54.88;10;11308045859;S
20241017;100004;54.88;10;11308045862;S
20241017;100004;54.94;10;11308045865;B
20241017;100004;54.94;200;11308045867;B
20241017;100004;54.88;20;11308045869;S
20241017;100004;54.88;20;11308046010;S
20241017;100004;54.88;680;11308046100;S
20241017;100005;54.9;10;11308046188;S
20241017;100005;54.87;260;11308046189;S
20241017;100005;54.87;20;11308046476;S
20241017;100005;54.87;1000;11308046477;S
20241017;100005;54.87;10;11308046478;S
20241017;100005;54.93;20;11308046651;B
20241017;100005;54.93;10;11308046660;B
20241017;100005;54.93;10;11308046664;B
20241017;100005;54.93;10;11308046763;B
20241017;100005;54.87;40;11308046768;S
20241017;100005;54.94;10;11308046772;B
20241017;100005;54.94;10;11308046776;B
20241017;100005;54.87;20;11308046805;S
20241017;100005;54.87;20;11308046809;S
20241017;100005;54.9;10;11308047519;S
20241017;100005;54.9;560;11308047524;S
20241017;100005;54.94;10;11308047528;B
20241017;100005;54.9;2820;11308047533;S
20241017;100006;54.9;20;11308047556;S
20241017;100006;54.9;10;11308047559;S
20241017;100006;54.9;30;11308047569;S
20241017;100006;54.94;20;11308047570;B
20241017;100006;54.9;20;11308047605;S
20241017;100006;54.9;20;11308047609;S
20241017;100006;54.9;20;11308047612;S
20241017;100006;54.94;10;11308047839;B
20241017;100006;54.94;10;11308047840;B
20241017;100006;54.94;10;11308047841;B
20241017;100006;54.91;20;11308048310;S
20241017;100006;54.94;20;11308048337;B
20241017;100006;54.94;10;11308048594;B
20241017;100006;54.94;10;11308048769;B
20241017;100006;54.91;100;11308048770;S
20241017;100006;54.91;50;11308048785;S
20241017;100006;54.91;10;11308048787;S
20241017;100006;54.94;10;11308048920;B
20241017;100006;54.94;100;11308049122;B
20241017;100006;54.91;10;11308049538;S
20241017;100007;54.91;20;11308049574;S
20241017;100007;54.94;10;11308049774;B
20241017;100007;54.94;20;11308049775;B
20241017;100007;54.91;10;11308049991;S
20241017;100007;54.94;10;11308049992;B
20241017;100007;54.91;10;11308049995;S
20241017;100007;54.91;10;11308050326;S
20241017;100007;54.94;10;11308050328;B
20241017;100007;54.91;10;11308050445;S
20241017;100010;54.94;120;11308050830;B
20241017;100010;54.94;20;11308050875;B
20241017;100010;54.95;10;11308050876;B
20241017;100010;54.95;1000;11308050931;B
20241017;100010;54.91;30;11308050994;S
20241017;100010;54.9;90;11308051124;S
20241017;100010;54.89;910;11308051125;S
20241017;100010;54.89;550;11308051129;S
20241017;100010;54.88;190;11308051130;S
20241017;100010;54.94;520;11308051186;B
20241017;100011;54.88;10;11308051615;S
20241017;100012;54.94;10;11308051754;B
20241017;100012;54.94;1000;11308051782;B
20241017;100012;54.88;10;11308051807;S
20241017;100012;54.88;10;11308051854;S
20241017;100013;54.88;10;11308052189;S
20241017;100014;54.94;1000;11308052222;B
20241017;100014;54.94;10;11308052267;B
20241017;100015;54.94;1000;11308052553;B
20241017;100016;54.88;470;11308052621;S
20241017;100016;54.88;560;11308052622;S
20241017;100016;54.88;80;11308052636;S
20241017;100017;54.95;340;11308053017;B
20241017;100017;54.89;10;11308053021;S
20241017;100018;54.95;110;11308053572;B
20241017;100019;54.95;160;11308053657;B
20241017;100021;54.91;10;11308054247;S
20241017;100021;54.94;30;11308054500;B
20241017;100024;54.91;160;11308055436;S
20241017;100028;54.94;10;11308056325;B
20241017;100028;54.95;1790;11308056326;B
20241017;100031;54.9;880;11308056947;S
20241017;100031;54.9;190;11308056948;S
20241017;100031;54.9;230;11308056949;S
20241017;100032;54.9;950;11308057174;S
20241017;100035;54.9;500;11308057930;B
20241017;100036;54.94;100;11308058062;B
20241017;100036;54.94;70;11308058063;B
20241017;100037;54.94;30;11308058179;B
20241017;100037;54.94;5900;11308058184;B
20241017;100037;54.94;880;11308058185;B
20241017;100037;54.95;2170;11308058186;B
20241017;100037;54.95;80;11308058187;B
20241017;100037;54.95;100;11308058188;B
20241017;100037;54.97;10;11308058189;B
20241017;100037;54.97;10;11308058190;B
20241017;100037;54.97;20;11308058191;B
20241017;100037;54.97;20;11308058192;B
20241017;100037;54.97;120;11308058193;B
20241017;100037;54.97;20;11308058194;B
20241017;100037;54.97;10;11308058195;B
20241017;100037;54.97;260;11308058196;B
20241017;100037;54.97;40;11308058197;B
20241017;100037;54.97;890;11308058198;B
20241017;100037;54.97;120;11308058199;B
20241017;100037;54.97;100;11308058200;B
20241017;100037;54.97;500;11308058201;B
20241017;100037;54.98;6000;11308058202;B
20241017;100037;54.99;1090;11308058203;B
20241017;100037;55;150;11308058204;B
20241017;100037;55;50;11308058205;B
20241017;100037;55;100;11308058206;B
20241017;100037;55;200;11308058207;B
20241017;100037;55;110;11308058208;B
20241017;100037;55;10;11308058209;B
20241017;100037;55;600;11308058210;B
20241017;100037;55;2800;11308058211;B
20241017;100037;55.01;10;11308058212;B
20241017;100037;55.01;20;11308058213;B
20241017;100037;55.01;1960;11308058214;B
20241017;100037;55.01;3710;11308058215;B
20241017;100037;55.02;5000;11308058216;B
20241017;100037;55.03;5090;11308058217;B
20241017;100037;55.04;10000;11308058218;B
20241017;100037;55.05;10;11308058219;B
20241017;100037;55.05;50;11308058220;B
20241017;100037;55.05;10000;11308058221;B
20241017;100037;55.06;20;11308058222;B
20241017;100037;55.06;60;11308058223;B
20241017;100037;55.06;800;11308058224;B
20241017;100037;55.06;10;11308058225;B
20241017;100037;55.06;10;11308058226;B
20241017;100037;55.06;20;11308058227;B
20241017;100037;55.06;10;11308058228;B
20241017;100037;55.06;10;11308058229;B
20241017;100037;55.06;10;11308058230;B
20241017;100037;55.06;10;11308058231;B
20241017;100037;55.06;10;11308058232;B
20241017;100037;55.06;20;11308058233;B
20241017;100037;55.1;3000;11308058234;B
20241017;100037;55.1;500;11308058235;B
20241017;100037;55.1;150;11308058236;B
20241017;100037;55.1;10;11308058237;B
20241017;100037;55.12;100;11308058238;B
20241017;100037;55.12;1500;11308058239;B
20241017;100037;55.12;1000;11308058240;B
20241017;100037;55.14;60;11308058241;B
20241017;100037;55.14;4730;11308058242;B
20241017;100037;55.15;50;11308058243;B
20241017;100037;55.15;880;11308058244;B
20241017;100037;55.15;10;11308058245;B
20241017;100037;55.15;990;11308058246;B
20241017;100037;55.15;2190;11308058247;B
20241017;100037;55.15;3640;11308058248;B
20241017;100037;55.16;1000;11308058249;B
20241017;100037;55.16;1850;11308058250;B
20241017;100037;55.16;500;11308058251;B
20241017;100037;55.17;20;11308058252;B
20241017;100037;55.17;9200;11308058253;B
20241017;100037;55.17;10;11308058254;B
20241017;100037;55.19;10;11308058255;B
20241017;100037;55.19;5000;11308058256;B
20241017;100037;55.19;1000;11308058257;B
20241017;100037;55.2;3400;11308058258;B
20241017;100037;55.06;50;11308058259;S
20241017;100037;55.11;500;11308058266;S
20241017;100037;55.09;250;11308058304;B
20241017;100037;55.09;50;11308058314;B
20241017;100037;55.08;960;11308058402;B
20241017;100037;55.09;720;11308058403;B
20241017;100037;55.1;2190;11308058404;B
20241017;100037;55.11;500;11308058405;B
20241017;100037;55.11;500;11308058406;B
20241017;100037;55.11;500;11308058407;B
20241017;100037;55.11;2800;11308058408;B
20241017;100037;55.15;550;11308058409;B
20241017;100037;55.16;3280;11308058410;B
20241017;100037;55.16;3640;11308058411;B
20241017;100037;55.17;880;11308058412;B
20241017;100037;55.17;5000;11308058413;B
20241017;100037;55.2;430;11308058414;B
20241017;100037;55.2;10;11308058415;B
20241017;100037;55.2;1000;11308058416;B
20241017;100037;55.2;100;11308058417;B
20241017;100037;55.21;10;11308058418;B
20241017;100037;55.21;1000;11308058419;B
20241017;100037;55.23;10;11308058420;B
20241017;100037;55.23;110;11308058421;B
20241017;100037;55.23;5090;11308058422;B
20241017;100037;55.24;720;11308058423;B
20241017;100037;55.15;880;11308058434;S
20241017;100037;55.14;1800;11308058444;B
20241017;100037;55.14;390;11308058446;B
20241017;100037;55.15;4120;11308058447;B
20241017;100037;55.22;3640;11308058448;B
20241017;100037;55.22;2800;11308058449;B
20241017;100037;55.22;880;11308058450;B
20241017;100037;55.23;5080;11308058451;B
20241017;100037;55.23;270;11308058452;B
20241017;100037;55.23;12820;11308058453;B
20241017;100037;55.21;360;11308058455;B
20241017;100037;55.22;1800;11308058456;B
20241017;100037;55.15;40;11308058470;S
20241017;100037;55.15;10;11308058472;S
20241017;100037;55.2;140;11308058474;B
20241017;100037;55.21;2190;11308058475;B
20241017;100037;55.22;1170;11308058476;B
20241017;100037;55.22;20;11308058477;B
20241017;100037;55.21;250;11308058481;B
20241017;100037;55.19;1000;11308058491;B
20241017;100037;55.19;500;11308058517;B
20241017;100037;55.19;620;11308058527;B
20241017;100038;55.16;10;11308058546;S
20241017;100038;55.15;20;11308058577;S
20241017;100038;55.18;10;11308058588;B
20241017;100038;55.15;260;11308058620;S
20241017;100038;55.19;10;11308058629;B
20241017;100038;55.19;100;11308058727;B
20241017;100038;55.19;1900;11308058728;B
20241017;100039;55.18;900;11308058762;B
20241017;100039;55.14;10;11308058788;S
20241017;100042;55.15;10;11308059527;S
20241017;100042;55.13;880;11308059528;S
20241017;100042;55.12;100;11308059529;S
20241017;100042;55.11;7000;11308059530;S
20241017;100042;55.11;480;11308059531;S
20241017;100042;55.1;1530;11308059532;S
20241017;100043;55.07;10;11308059749;S
20241017;100048;55.11;10;11308060824;B
20241017;100049;55.11;10;11308061001;B
20241017;100049;55.06;880;11308061240;S
20241017;100049;55.05;1800;11308061241;S
20241017;100049;55.05;10000;11308061242;S
20241017;100049;55.04;5080;11308061243;S
20241017;100049;55.02;10000;11308061244;S
20241017;100049;55.01;90;11308061245;S
20241017;100049;54.99;1500;11308061246;S
20241017;100049;54.99;1000;11308061247;S
20241017;100049;54.98;5000;11308061248;S
20241017;100049;54.95;600;11308061249;S
20241017;100049;54.94;720;11308061250;S
20241017;100049;54.93;2190;11308061251;S
20241017;100049;54.92;4500;11308061252;S
20241017;100049;54.9;4750;11308061253;S
20241017;100049;54.89;3640;11308061254;S
20241017;100049;54.88;20;11308061255;S
20241017;100049;54.88;4190;11308061256;S
20241017;100050;55.03;2800;11308061365;B
20241017;100050;55.04;500;11308061366;B
20241017;100050;55.04;800;11308061367;B
20241017;100050;55.05;880;11308061368;B
20241017;100050;55.05;600;11308061369;B
20241017;100050;55.06;2190;11308061370;B
20241017;100050;55.07;440;11308061371;B
20241017;100052;55.06;110;11308062071;B
20241017;100053;55;10;11308062260;S
20241017;100056;55.07;30;11308062998;B
20241017;100057;55.01;20;11308063031;S
20241017;100105;55.01;10;11308065214;S
20241017;100105;55.01;30;11308065215;S
20241017;100106;55.07;880;11308065362;B
20241017;100106;55.07;10;11308065364;B
20241017;100106;55.07;500;11308065448;B
20241017;100108;55.05;880;11308065796;S
20241017;100112;55.07;20;11308066909;B
20241017;100112;55.07;980;11308066910;B
20241017;100113;55.01;2000;11308067307;S
20241017;100115;55.06;10;11308068216;B
20241017;100118;55.05;20;11308068818;B
20241017;100119;55.01;250;11308069086;S
20241017;100122;55.04;540;11308069850;B
20241017;100123;55.01;2830;11308070047;S
20241017;100123;55;70;11308070048;S
20241017;100124;55.03;10;11308070183;B
20241017;100126;55.03;10;11308070871;B
20241017;100127;55.03;230;11308071083;B
20241017;100137;55.04;70;11308073073;B
20241017;100137;55.04;10;11308073320;B
20241017;100140;55.03;1400;11308074199;S
20241017;100143;55.04;2000;11308074946;B
20241017;100143;55.03;20;11308074979;S
20241017;100149;55.03;3940;11308076445;S
20241017;100149;55.03;60;11308076446;S
20241017;100150;55.04;20;11308076666;B
20241017;100150;55.03;210;11308076833;S
20241017;100150;55.03;10;11308076834;S
20241017;100150;55.03;40;11308076835;S
20241017;100150;55.02;10;11308076836;S
20241017;100150;55.02;30;11308076837;S
20241017;100151;55.02;780;11308077155;S
20241017;100152;55.03;10;11308077362;S
20241017;100153;55.04;20;11308077589;B
20241017;100153;55.04;10;11308077590;B
20241017;100156;55.02;220;11308078310;S
20241017;100156;55.03;20;11308078329;B
20241017;100201;55.02;690;11308079942;S
20241017;100203;55.03;100;11308080674;B
20241017;100207;55.02;5000;11308081609;S
20241017;100208;55.03;400;11308081632;B
20241017;100208;55.03;1820;11308081633;B
20241017;100209;55.04;160;11308081966;B
20241017;100212;55.03;280;11308082702;S
20241017;100212;55.03;280;11308082703;S
20241017;100213;55.03;1840;11308082975;S
20241017;100216;55.04;380;11308083953;B
20241017;100216;55.05;120;11308083954;B
20241017;100216;55.05;10;11308084035;B
20241017;100217;55.03;7880;11308084168;S
20241017;100217;55.03;880;11308084169;S
20241017;100217;55.02;11180;11308084170;S
20241017;100217;55.02;60;11308084171;S
20241017;100219;55.02;580;11308084949;B
20241017;100223;55.02;10;11308086121;B
20241017;100223;55.01;10;11308086301;S
20241017;100223;55.01;490;11308086302;S
20241017;100227;55.01;20;11308087397;S
20241017;100227;55.01;5980;11308087426;S
20241017;100227;55.01;1350;11308087427;S
20241017;100227;55.01;880;11308087428;S
20241017;100228;55.01;790;11308087479;B
20241017;100228;55.02;200;11308087480;B
20241017;100232;55;1730;11308088658;S
20241017;100232;55;1490;11308088659;S
20241017;100240;55.02;820;11308090404;B
20241017;100243;55.02;20;11308090783;B
20241017;100252;55.01;200;11308092246;S
20241017;100252;55.02;170;11308092253;B
20241017;100252;55.02;200;11308092308;B
20241017;100252;55.02;10;11308092323;B
20241017;100254;55.01;500;11308092599;S
20241017;100255;55.01;20;11308092851;S
20241017;100256;55.01;360;11308093027;S
20241017;100256;55.01;1910;11308093028;S
20241017;100256;55.02;200;11308093049;B
20241017;100258;55.02;530;11308093279;B
20241017;100304;55.01;1210;11308094358;S
20241017;100304;55.01;880;11308094359;S
20241017;100304;55.01;250;11308094360;S
20241017;100304;55.01;3070;11308094361;S
20241017;100306;55.01;10;11308094709;B
20241017;100309;55;110;11308095091;S
20241017;100310;55;10;11308095348;S
20241017;100311;55;4190;11308095524;S
20241017;100311;55;5810;11308095525;S
20241017;100311;55;170;11308095610;S
20241017;100312;55.01;840;11308095723;B
20241017;100314;55.01;60;11308096494;B
20241017;100315;55.01;3680;11308096536;B
20241017;100315;55.01;590;11308096537;B
20241017;100315;55.03;5000;11308096538;B
20241017;100315;55.03;730;11308096539;B
20241017;100315;55.04;190;11308096632;B
20241017;100316;55.02;200;11308096971;S
20241017;100317;55.05;250;11308097107;B
20241017;100317;55.05;150;11308097108;B
20241017;100317;55.05;100;11308097109;B
20241017;100319;55.06;30;11308097474;B
20241017;100326;55.06;2160;11308098793;B
20241017;100326;55.07;250;11308098794;B
20241017;100326;55.07;140;11308098795;B
20241017;100326;55.07;5000;11308098796;B
20241017;100326;55.07;450;11308098797;B
20241017;100326;55.08;430;11308098798;B
20241017;100326;55.08;880;11308098799;B
20241017;100326;55.09;220;11308098800;B
20241017;100326;55.09;30;11308098845;B
20241017;100326;55.09;100;11308098846;B
20241017;100326;55.09;80;11308098847;B
20241017;100327;55.09;2110;11308099087;B
20241017;100327;55.1;200;11308099088;B
20241017;100327;55.1;20;11308099089;B
20241017;100327;55.1;500;11308099090;B
20241017;100327;55.1;3640;11308099091;B
20241017;100327;55.1;880;11308099092;B
20241017;100327;55.11;250;11308099093;B
20241017;100327;55.11;100;11308099094;B
20241017;100327;55.11;7300;11308099095;B
20241017;100328;55.11;1000;11308099312;B
20241017;100328;55.11;100;11308099344;B
20241017;100332;55.12;60;11308100119;B
20241017;100333;55.12;30;11308100174;B
20241017;100334;55.12;10;11308100272;B
20241017;100334;55.12;10;11308100292;B
20241017;100335;55.12;10;11308100646;B
20241017;100336;55.08;130;11308100739;S
20241017;100338;55.08;300;11308101374;S
20241017;100338;55.12;100;11308101445;B
20241017;100340;55.08;880;11308101654;S
20241017;100340;55.08;140;11308101655;S
20241017;100341;55.12;100;11308101842;B
20241017;100341;55.12;180;11308101870;B
20241017;100342;55.12;3140;11308101918;B
20241017;100342;55.12;20;11308101919;B
20241017;100342;55.13;500;11308101920;B
20241017;100342;55.13;250;11308101921;B
20241017;100342;55.13;5090;11308101922;B
20241017;100342;55.13;880;11308101923;B
20241017;100342;55.13;430;11308101924;B
20241017;100342;55.14;400;11308101925;B
20241017;100342;55.14;430;11308101926;B
20241017;100342;55.15;250;11308101927;B
20241017;100342;55.15;90;11308101928;B
20241017;100342;55.15;250;11308101929;B
20241017;100342;55.15;2190;11308101930;B
20241017;100342;55.16;3000;11308101931;B
20241017;100342;55.16;3250;11308101932;B
20241017;100343;55.14;100;11308102245;B
20241017;100343;55.14;20;11308102340;B
20241017;100344;55.14;250;11308102667;B
20241017;100345;55.11;20;11308102777;S
20241017;100345;55.1;10;11308102782;S
20241017;100345;55.14;800;11308102801;B
20241017;100347;55.11;10;11308103259;S
20241017;100348;55.11;890;11308103529;S
20241017;100348;55.11;880;11308103530;S
20241017;100348;55.11;840;11308103531;S
20241017;100351;55.15;210;11308104065;B
20241017;100353;55.14;20;11308104358;B
20241017;100353;55.14;4980;11308104367;B
20241017;100353;55.15;20;11308104368;B
20241017;100354;55.11;10;11308104459;S
20241017;100355;55.12;20;11308104708;S
20241017;100356;55.12;20;11308104813;S
20241017;100358;55.15;40;11308105269;B
20241017;100358;55.15;30;11308105365;B
20241017;100359;55.12;20;11308105511;S
20241017;100400;55.12;30;11308105762;S
20241017;100400;55.11;470;11308105763;S
20241017;100402;55.15;30;11308106083;B
20241017;100403;55.15;3540;11308106145;B
20241017;100403;55.15;460;11308106146;B
20241017;100404;55.14;10;11308106369;B
20241017;100404;55.11;20;11308106388;S
20241017;100405;55.14;600;11308106390;B
20241017;100405;55.14;110;11308106466;B
20241017;100408;55.14;200;11308107069;B
20241017;100410;55.09;880;11308107260;S
20241017;100410;55.09;540;11308107261;S
20241017;100410;55.09;1280;11308107262;S
20241017;100411;55.09;1910;11308107485;B
20241017;100411;55.08;20;11308107550;S
20241017;100411;55.08;880;11308107551;S
20241017;100411;55.07;10;11308107552;S
20241017;100411;55.07;890;11308107553;S
20241017;100413;55.09;40;11308107794;B
20241017;100413;55.09;250;11308107805;B
20241017;100415;55.09;20;11308108112;B
20241017;100415;55.09;80;11308108218;B
20241017;100415;55.13;300;11308108219;B
20241017;100418;55.14;20;11308108962;S
20241017;100420;55.15;350;11308109349;B
20241017;100423;55.14;10;11308109824;S
20241017;100428;55.09;20;11308110713;S
20241017;100428;55.09;80;11308110714;S
20241017;100429;55.08;80;11308110742;S
20241017;100435;55.09;70;11308112127;S
20241017;100437;55.13;10;11308112505;B
20241017;100438;55.09;90;11308112679;S
20241017;100441;55.09;50;11308113204;S
20241017;100455;55.11;20;11308116232;B
20241017;100457;55.1;130;11308116562;S
20241017;100457;55.1;1810;11308116563;S
20241017;100459;55.1;3060;11308117059;B
20241017;100459;55.1;20;11308117060;B
20241017;100459;55.11;1300;11308117061;B
20241017;100459;55.11;180;11308117062;B
20241017;100459;55.12;880;11308117063;B
20241017;100459;55.12;180;11308117064;B
20241017;100459;55.13;1460;11308117065;B
20241017;100459;55.14;90;11308117066;B
20241017;100459;55.14;500;11308117067;B
20241017;100459;55.14;90;11308117068;B
20241017;100459;55.14;3640;11308117069;B
20241017;100459;55.14;2100;11308117070;B
20241017;100459;55.15;310;11308117071;B
20241017;100459;55.15;1190;11308117072;B
20241017;100504;55.1;50;11308118716;S
20241017;100505;55.09;1000;11308118888;S
20241017;100509;55.1;20;11308119746;B
20241017;100509;55.11;420;11308119747;B
20241017;100509;55.12;2560;11308119748;B
20241017;100513;55.12;310;11308120601;B
20241017;100513;55.12;1000;11308120618;B
20241017;100518;55.09;100;11308121757;S
20241017;100518;55.12;790;11308121844;B
20241017;100520;55.12;700;11308122036;B
20241017;100520;55.12;1280;11308122037;B
20241017;100520;55.12;10;11308122093;B
20241017;100522;55.12;160;11308122577;B
20241017;100524;55.12;780;11308123118;B
20241017;100524;55.12;20;11308123123;B
20241017;100531;55.12;20;11308124210;B
20241017;100531;55.09;690;11308124244;S
20241017;100531;55.09;20;11308124245;S
20241017;100531;55.09;10;11308124246;S
20241017;100531;55.09;90;11308124247;S
20241017;100531;55.08;20;11308124248;S
20241017;100531;55.08;110;11308124249;S
20241017;100538;55.11;1190;11308125160;B
20241017;100538;55.11;180;11308125232;B
20241017;100543;55.11;1440;11308126797;B
20241017;100545;55.11;120;11308127077;B
20241017;100547;55.11;1510;11308127546;B
20241017;100550;55.1;10;11308127905;S
20241017;100550;55.1;340;11308127906;S
20241017;100550;55.1;20;11308127907;S
20241017;100550;55.09;70;11308128000;S
20241017;100550;55.08;10;11308128001;S
20241017;100551;55.09;200;11308128152;B
20241017;100555;55.08;20;11308128824;B
20241017;100600;55.07;10;11308129740;S
20241017;100603;55.08;500;11308130629;B
20241017;100606;55.08;100;11308131463;B
20241017;100606;55.07;50;11308131561;S
20241017;100606;55.07;10;11308131562;S
20241017;100606;55.07;100;11308131563;S
20241017;100606;55.06;760;11308131564;S
20241017;100606;55.06;100;11308131565;S
20241017;100606;55.06;150;11308131566;S
20241017;100606;55.05;5000;11308131567;S
20241017;100606;55.05;300;11308131568;S
20241017;100606;55.05;930;11308131569;S
20241017;100606;55.04;10000;11308131570;S
20241017;100606;55.04;20;11308131571;S
20241017;100606;55.04;10;11308131572;S
20241017;100606;55.04;300;11308131573;S
20241017;100608;55.02;10;11308132097;S
20241017;100608;55.01;20;11308132098;S
20241017;100611;55.02;30;11308132800;B
20241017;100612;55.03;220;11308132945;B
20241017;100612;55.03;200;11308132994;B
20241017;100614;55.04;40;11308133277;B
20241017;100614;55.02;70;11308133323;S
20241017;100615;55.03;10;11308133444;B
20241017;100615;55.02;180;11308133558;S
20241017;100615;55.01;440;11308133559;S
20241017;100615;55;380;11308133560;S
20241017;100616;55.03;50;11308133780;B
20241017;100616;55.02;10;11308133865;S
20241017;100620;55.03;60;11308134747;B
20241017;100621;55;500;11308135032;S
20241017;100626;55.03;10;11308135976;B
20241017;100628;55.03;650;11308136444;B
20241017;100628;55.03;80;11308136611;B
20241017;100629;55;100;11308136678;S
20241017;100630;55.02;500;11308137069;B
20241017;100630;55.02;500;11308137070;B
20241017;100634;55.03;80;11308137776;B
20241017;100637;55.03;430;11308138441;B
20241017;100639;55;200;11308138786;S
20241017;100640;55.03;10;11308139134;B
20241017;100642;55.03;20;11308139520;B
20241017;100643;55.03;20;11308139680;B
20241017;100645;55;200;11308140148;S
20241017;100647;55;10;11308140503;S
20241017;100648;55.02;180;11308141024;B
20241017;100649;55.02;40;11308141103;B
20241017;100650;55.02;10;11308141330;B
20241017;100655;55.02;60;11308142270;B
20241017;100657;55.02;4790;11308142614;B
20241017;100657;55.03;10;11308142615;B
20241017;100657;55.03;2810;11308142616;B
20241017;100657;55.03;730;11308142617;B
20241017;100657;55.03;880;11308142618;B
20241017;100657;55.03;500;11308142619;B
20241017;100657;55.04;280;11308142620;B
20241017;100701;55.03;400;11308143413;B
20241017;100702;55.02;10;11308143626;S
20241017;100706;55.03;4680;11308144295;B
20241017;100706;55.04;1950;11308144296;B
20241017;100706;55.04;740;11308144297;B
20241017;100706;55.04;880;11308144298;B
20241017;100706;55.07;1750;11308144299;B
20241017;100706;55.02;10;11308144309;S
20241017;100708;55.06;10;11308144430;B
20241017;100709;55.06;10;11308144609;B
20241017;100711;55.06;50;11308145014;B
20241017;100713;55.06;5010;11308145304;B
20241017;100713;55.07;710;11308145305;B
20241017;100713;55.08;400;11308145306;B
20241017;100713;55.08;10;11308145307;B
20241017;100713;55.08;710;11308145308;B
20241017;100713;55.08;880;11308145309;B
20241017;100713;55.08;2280;11308145310;B
20241017;100713;55.04;110;11308145354;S
20241017;100717;55.07;300;11308145793;B
20241017;100722;55.07;30;11308146554;B
20241017;100722;55.07;1130;11308146556;B
20241017;100728;55.06;20;11308147373;S
20241017;100728;55.06;150;11308147374;S
20241017;100736;55.07;100;11308148636;S
20241017;100736;55.07;400;11308148637;S
20241017;100738;55.07;50;11308148911;S
20241017;100738;55.07;10;11308148912;S
20241017;100741;55.08;40;11308149314;B
20241017;100744;55.08;20;11308149859;B
20241017;100745;55.08;5020;11308150047;B
20241017;100745;55.09;30;11308150048;B
20241017;100745;55.09;610;11308150049;B
20241017;100745;55.1;2340;11308150050;B
20241017;100746;55.07;600;11308150243;S
20241017;100746;55.07;400;11308150244;S
20241017;100750;55.09;20;11308150795;B
20241017;100753;55.09;200;11308151069;B
20241017;100753;55.08;20;11308151079;S
20241017;100754;55.08;40;11308151297;S
20241017;100756;55.09;30;11308151631;B
20241017;100758;55.07;350;11308152005;S
20241017;100800;55.09;4830;11308152306;B
20241017;100800;55.09;640;11308152307;B
20241017;100800;55.1;500;11308152308;B
20241017;100800;55.1;2970;11308152309;B
20241017;100800;55.1;630;11308152310;B
20241017;100800;55.1;1000;11308152311;B
20241017;100800;55.1;880;11308152312;B
20241017;100800;55.1;500;11308152313;B
20241017;100800;55.11;8050;11308152314;B
20241017;100802;55.1;150;11308152628;B
20241017;100810;55.08;80;11308153664;S
20241017;100813;55.1;10;11308154251;B
20241017;100814;55.1;20;11308154366;B
20241017;100814;55.1;1560;11308154397;B
20241017;100823;55.1;10;11308156030;B
20241017;100827;55.1;20;11308156548;B
20241017;100827;55.09;10;11308156633;S
20241017;100830;55.1;10;11308157035;B
20241017;100831;55.1;3000;11308157068;B
20241017;100831;55.1;10;11308157190;B
20241017;100832;55.1;10;11308157286;B
20241017;100833;55.1;10;11308157345;B
20241017;100834;55.1;10;11308157505;B
20241017;100834;55.1;10;11308157537;B
20241017;100834;55.1;10;11308157617;B
20241017;100835;55.1;10;11308157700;B
20241017;100835;55.1;10;11308157707;B
20241017;100836;55.1;10;11308157847;B
20241017;100837;55.1;210;11308157962;B
20241017;100837;55.1;970;11308157963;B
20241017;100837;55.1;10;11308157964;B
20241017;100837;55.1;50;11308157965;B
20241017;100837;55.11;1290;11308157966;B
20241017;100843;55.1;30;11308158910;B
20241017;100851;55.1;20;11308160192;B
20241017;100852;55.1;780;11308160459;B
20241017;100854;55.1;4250;11308160754;B
20241017;100854;55.1;200;11308160755;B
20241017;100858;55.11;10;11308161358;B
20241017;100900;55.1;350;11308161645;S
20241017;100900;55.1;950;11308161646;S
20241017;100902;55.1;10;11308162107;S
20241017;100906;55.11;20;11308162819;B
20241017;100908;55.1;200;11308163189;S
20241017;100908;55.1;70;11308163232;S
20241017;100911;55.11;40;11308163742;B
20241017;100911;55.11;110;11308163752;B
20241017;100913;55.1;2190;11308164045;S
20241017;100913;55.1;690;11308164046;S
20241017;100913;55.1;200;11308164047;S
20241017;100913;55.1;600;11308164048;S
20241017;100914;55.1;10;11308164230;B
20241017;100917;55.1;10;11308165047;B
20241017;100918;55.09;50;11308165109;S
20241017;100921;55.09;240;11308165699;S
20241017;100921;55.09;110;11308165700;S
20241017;100922;55.09;40;11308165948;S
20241017;100926;55.09;880;11308166708;S
20241017;100930;55.1;10;11308167389;B
20241017;100935;55.09;950;11308168095;S
20241017;100936;55.1;30;11308168225;B
20241017;100936;55.09;800;11308168292;S
20241017;100936;55.09;200;11308168293;S
20241017;100937;55.09;10;11308168343;S
20241017;100942;55.1;10;11308169182;B
20241017;100946;55.1;1250;11308169744;B
20241017;100946;55.1;20;11308169745;B
20241017;100946;55.1;880;11308169746;B
20241017;100946;55.1;150;11308169747;B
20241017;100946;55.1;530;11308169748;B
20241017;100946;55.1;200;11308169749;B
20241017;100950;55.11;40;11308170276;B
20241017;100958;55.11;240;11308171334;B
20241017;100958;55.11;6520;11308171335;B
20241017;100958;55.11;5080;11308171336;B
20241017;100958;55.11;5000;11308171337;B
20241017;100958;55.11;110;11308171338;B
20241017;100958;55.11;700;11308171339;B
20241017;100958;55.12;21460;11308171340;B
20241017;100958;55.12;20;11308171341;B
20241017;100958;55.12;10;11308171342;B
20241017;100958;55.12;70;11308171343;B
20241017;100959;55.11;50;11308171383;S
20241017;101001;55.12;5010;11308171795;B
20241017;101001;55.12;2780;11308171796;B
20241017;101001;55.13;4640;11308171798;B
20241017;101004;55.12;400;11308172177;S
20241017;101006;55.13;4440;11308172433;B
20241017;101008;55.13;30;11308172684;S
20241017;101009;55.14;100;11308172800;B
20241017;101010;55.13;100;11308172951;S
20241017;101011;55.13;750;11308173165;S
20241017;101011;55.13;1030;11308173166;S
20241017;101011;55.13;220;11308173167;S
20241017;101012;55.13;30;11308173293;S
20241017;101013;55.14;200;11308173365;B
20241017;101016;55.14;20;11308173763;B
20241017;101021;55.13;1000;11308174492;S
20241017;101021;55.14;300;11308174626;B
20241017;101022;55.13;100;11308174749;S
20241017;101022;55.14;80;11308174831;B
20241017;101022;55.14;20;11308174832;B
20241017;101022;55.14;190;11308174833;B
20241017;101023;55.13;180;11308174898;S
20241017;101023;55.14;20;11308175079;B
20241017;101024;55.14;20;11308175145;B
20241017;101024;55.14;960;11308175146;B
20241017;101024;55.14;30;11308175147;B
20241017;101024;55.14;290;11308175148;B
20241017;101024;55.14;70;11308175149;B
20241017;101024;55.14;190;11308175150;B
20241017;101024;55.14;290;11308175151;B
20241017;101024;55.14;240;11308175152;B
20241017;101024;55.14;80;11308175153;B
20241017;101024;55.14;210;11308175154;B
20241017;101024;55.15;3810;11308175156;B
20241017;101024;55.15;20;11308175157;B
20241017;101024;55.15;50;11308175158;B
20241017;101024;55.15;1000;11308175159;B
20241017;101024;55.15;10;11308175160;B
20241017;101024;55.15;1910;11308175161;B
20241017;101024;55.15;200;11308175162;B
20241017;101025;55.15;880;11308175249;S
20241017;101025;55.15;880;11308175250;S
20241017;101025;55.15;600;11308175251;S
20241017;101025;55.14;2190;11308175252;S
20241017;101025;55.14;880;11308175253;S
20241017;101025;55.13;5300;11308175254;S
20241017;101025;55.13;1000;11308175255;S
20241017;101025;55.12;6000;11308175256;S
20241017;101025;55.12;90;11308175257;S
20241017;101025;55.11;400;11308175258;S
20241017;101025;55.11;5000;11308175259;S
20241017;101025;55.1;20;11308175260;S
20241017;101025;55.1;50;11308175261;S
20241017;101025;55.1;10;11308175262;S
20241017;101025;55.09;140;11308175263;S
20241017;101025;55.09;10;11308175264;S
20241017;101025;55.09;500;11308175265;S
20241017;101025;55.09;3640;11308175266;S
20241017;101025;55.08;300;11308175267;S
20241017;101025;55.08;3500;11308175268;S
20241017;101025;55.08;10000;11308175269;S
20241017;101025;55.08;5070;11308175270;S
20241017;101025;55.07;60;11308175271;S
20241017;101025;55.07;10;11308175272;S
20241017;101025;55.07;400;11308175273;S
20241017;101025;55.07;10;11308175274;S
20241017;101025;55.06;3060;11308175275;S
20241017;101028;55.09;20;11308175853;S
20241017;101029;55.13;10;11308175916;B
20241017;101030;55.15;180;11308176325;B
20241017;101034;55.16;110;11308177182;B
20241017;101035;55.16;10;11308177309;B
20241017;101037;55.15;200;11308177765;S
20241017;101041;55.15;100;11308178546;S
20241017;101041;55.15;10;11308178574;S
20241017;101043;55.16;10;11308178941;B
20241017;101047;55.16;100;11308179634;B
20241017;101047;55.15;140;11308179646;S
20241017;101047;55.15;600;11308179647;S
20241017;101047;55.15;430;11308179648;S
20241017;101047;55.15;10;11308179654;B
20241017;101049;55.12;10;11308180017;S
20241017;101049;55.12;90;11308180018;S
20241017;101053;55.15;20;11308180870;B
20241017;101054;55.15;10;11308180930;B
20241017;101054;55.15;10;11308180993;B
20241017;101056;55.15;950;11308181209;B
20241017;101059;55.15;80;11308181585;B
20241017;101100;55.15;10;11308181814;B
20241017;101104;55.15;1360;11308182404;B
20241017;101104;55.15;640;11308182405;B
20241017;101113;55.15;100;11308184060;B
20241017;101113;55.16;770;11308184061;B
20241017;101113;55.16;100;11308184062;B
20241017;101113;55.16;3000;11308184063;B
20241017;101113;55.16;1220;11308184064;B
20241017;101113;55.17;250;11308184065;B
20241017;101113;55.17;1720;11308184066;B
20241017;101113;55.17;500;11308184067;B
20241017;101113;55.17;2340;11308184068;B
20241017;101115;55.14;600;11308184217;S
20241017;101115;55.13;360;11308184218;S
20241017;101115;55.13;430;11308184219;S
20241017;101115;55.12;880;11308184220;S
20241017;101115;55.12;1000;11308184221;S
20241017;101115;55.11;10;11308184222;S
20241017;101115;55.17;10;11308184317;B
20241017;101119;55.17;180;11308184724;B
20241017;101120;55.17;10;11308184887;B
20241017;101121;55.15;100;11308184960;S
20241017;101125;55.17;50;11308185622;B
20241017;101127;55.17;600;11308186002;B
20241017;101128;55.17;40;11308186039;B
20241017;101130;55.17;1840;11308186295;B
20241017;101130;55.17;360;11308186296;B
20241017;101130;55.17;100;11308186297;B
20241017;101130;55.17;880;11308186298;B
20241017;101130;55.18;160;11308186299;B
20241017;101133;55.15;70;11308186812;S
20241017;101133;55.15;30;11308186813;S
20241017;101134;55.17;10;11308187014;B
20241017;101136;55.17;10;11308187291;B
20241017;101138;55.17;30;11308187555;B
20241017;101139;55.15;10;11308187579;S
20241017;101139;55.17;270;11308187708;B
20241017;101144;55.15;40;11308188223;S
20241017;101144;55.15;140;11308188224;S
20241017;101144;55.15;10;11308188277;S
20241017;101147;55.15;100;11308188746;S
20241017;101149;55.15;760;11308188922;S
20241017;101149;55.15;240;11308188923;S
20241017;101153;55.17;4750;11308189567;B
20241017;101153;55.17;880;11308189568;B
20241017;101153;55.17;700;11308189569;B
20241017;101153;55.17;250;11308189570;B
20241017;101153;55.18;2100;11308189571;B
20241017;101153;55.17;10;11308189680;S
20241017;101153;55.17;200;11308189681;S
20241017;101155;55.16;70;11308190004;S
20241017;101157;55.16;100;11308190256;S
20241017;101158;55.18;40;11308190483;B
20241017;101200;55.18;880;11308190784;B
20241017;101201;55.18;20;11308190881;B
20241017;101201;55.17;10;11308190882;S
20241017;101202;55.17;20;11308191105;S
20241017;101205;55.18;10;11308191780;B
20241017;101205;55.18;30;11308191848;B
20241017;101207;55.18;50;11308192090;B
20241017;101207;55.18;1710;11308192126;B
20241017;101207;55.18;120;11308192127;B
20241017;101208;55.18;100;11308192201;B
20241017;101209;55.18;10;11308192466;B
20241017;101210;55.17;100;11308192564;S
20241017;101213;55.17;520;11308193091;S
20241017;101213;55.17;250;11308193092;S
20241017;101213;55.17;1000;11308193093;S
20241017;101213;55.17;1320;11308193094;S
20241017;101213;55.17;100;11308193095;S
20241017;101213;55.17;600;11308193096;S
20241017;101213;55.16;210;11308193097;S
20241017;101213;55.18;30;11308193107;B
20241017;101213;55.18;10;11308193108;B
20241017;101216;55.15;50;11308193453;S
20241017;101216;55.15;20;11308193454;S
20241017;101216;55.15;10;11308193455;S
20241017;101216;55.15;920;11308193456;S
20241017;101217;55.15;20;11308193594;S
20241017;101218;55.15;100;11308193818;S
20241017;101221;55.15;20;11308194493;S
20241017;101226;55.15;500;11308195290;S
20241017;101227;55.15;100;11308195416;S
20241017;101227;55.15;70;11308195417;S
20241017;101227;55.17;10;11308195483;B
20241017;101228;55.15;650;11308195567;S
20241017;101228;55.15;60;11308195568;S
20241017;101228;55.15;590;11308195569;S
20241017;101228;55.14;3790;11308195570;S
20241017;101228;55.14;110;11308195571;S
20241017;101228;55.14;500;11308195572;S
20241017;101228;55.13;500;11308195573;S
20241017;101228;55.12;20;11308195574;S
20241017;101228;55.12;100;11308195575;S
20241017;101228;55.12;1350;11308195576;S
20241017;101228;55.12;880;11308195577;S
20241017;101228;55.11;110;11308195578;S
20241017;101228;55.11;300;11308195579;S
20241017;101228;55.11;2000;11308195580;S
20241017;101228;55.11;5070;11308195581;S
20241017;101228;55.1;20;11308195582;S
20241017;101228;55.1;10;11308195583;S
20241017;101228;55.09;500;11308195584;S
20241017;101228;55.09;10;11308195585;S
20241017;101228;55.08;3430;11308195586;S
20241017;101230;55.1;100;11308195924;S
20241017;101230;55.15;20;11308195969;B
20241017;101231;55.1;2090;11308195978;S
20241017;101231;55.1;2020;11308195979;S
20241017;101237;55.15;10;11308196887;B
20241017;101249;55.15;850;11308198274;B
20241017;101249;55.15;410;11308198275;B
20241017;101249;55.15;10;11308198276;B
20241017;101249;55.15;720;11308198277;B
20241017;101249;55.15;20;11308198278;B
20241017;101249;55.16;440;11308198279;B
20241017;101249;55.12;250;11308198336;S
20241017;101249;55.12;250;11308198337;S
20241017;101305;55.11;10;11308199967;S
20241017;101311;55.12;100;11308200619;B
20241017;101319;55.11;190;11308201882;S
20241017;101319;55.11;430;11308201883;S
20241017;101319;55.11;10;11308201884;S
20241017;101319;55.11;1650;11308201885;S
20241017;101321;55.12;10;11308202031;B
20241017;101323;55.11;350;11308202429;S
20241017;101323;55.11;150;11308202430;S
20241017;101325;55.1;10;11308202662;S
20241017;101325;55.1;80;11308202663;S
20241017;101325;55.1;10;11308202664;S
20241017;101325;55.1;200;11308202665;S
20241017;101338;55.11;20;11308204494;B
20241017;101342;55.11;20;11308205108;B
20241017;101343;55.11;240;11308205290;B
20241017;101343;55.11;20;11308205291;B
20241017;101343;55.11;190;11308205292;B
20241017;101354;55.11;60;11308206945;B
20241017;101354;55.11;20;11308206994;B
20241017;101356;55.11;30;11308207319;B
20241017;101359;55.1;10;11308207669;S
20241017;101359;55.1;270;11308207670;S
20241017;101359;55.1;40;11308207671;S
20241017;101359;55.1;60;11308207672;S
20241017;101359;55.1;70;11308207673;S
20241017;101359;55.09;330;11308207674;S
20241017;101359;55.09;820;11308207675;S
20241017;101359;55.08;1000;11308207676;S
20241017;101359;55.07;10;11308207677;S
20241017;101359;55.07;150;11308207678;S
20241017;101359;55.07;60;11308207679;S
20241017;101359;55.06;940;11308207681;S
20241017;101359;55.06;300;11308207682;S
20241017;101359;55.06;10;11308207683;S
20241017;101359;55.06;4460;11308207684;S
20241017;101359;55.06;3490;11308207685;S
20241017;101359;55.08;2190;11308207686;S
20241017;101359;55.07;3640;11308207687;S
20241017;101359;55.05;10;11308207688;S
20241017;101359;55.05;250;11308207689;S
20241017;101359;55.06;80;11308207775;S
20241017;101401;55.07;200;11308208063;S
20241017;101401;55.05;280;11308208064;S
20241017;101407;55.06;20;11308208906;S
20241017;101410;55.06;10;11308209268;B
20241017;101414;55.05;10;11308209726;S
20241017;101415;55.05;30;11308209850;S
20241017;101416;55.05;20;11308209940;S
20241017;101416;55.05;30;11308209941;S
20241017;101416;55.05;10;11308209977;S
20241017;101420;55.05;10;11308210500;S
20241017;101420;55.06;350;11308210530;B
20241017;101420;55.06;30;11308210539;B
20241017;101422;55.06;40;11308210795;B
20241017;101425;55.05;120;11308211069;S
20241017;101430;55.06;10;11308211973;B
20241017;101431;55.04;190;11308212114;S
20241017;101431;55.04;20;11308212115;S
20241017;101431;55.04;20;11308212116;S
20241017;101431;55.04;10;11308212117;S
20241017;101431;55.04;130;11308212118;S
20241017;101431;55.03;150;11308212119;S
20241017;101431;55.03;480;11308212120;S
20241017;101440;55.05;20;11308213442;B
20241017;101442;55.03;500;11308213707;S
20241017;101445;55.03;180;11308214026;S
20241017;101445;55.03;1510;11308214102;S
20241017;101445;55.03;100;11308214103;S
20241017;101445;55.03;1000;11308214104;S
20241017;101445;55.03;1100;11308214105;S
20241017;101459;55.03;10;11308215612;B
20241017;101459;55.02;100;11308215621;S
20241017;101502;55.03;150;11308216229;B
20241017;101502;55.03;10;11308216284;B
20241017;101503;55.03;950;11308216340;B
20241017;101503;55.03;170;11308216624;B
20241017;101504;55.03;100;11308216753;S
20241017;101509;55.04;40;11308217624;B
20241017;101509;55.04;30;11308217687;B
20241017;101509;55.04;30;11308217778;B
20241017;101510;55.04;40;11308217835;B
20241017;101510;55.04;30;11308217903;B
20241017;101515;55.04;1080;11308220123;B
20241017;101515;55.04;10;11308220124;B
20241017;101515;55.04;70;11308220125;B
20241017;101515;55.04;180;11308220126;B
20241017;101515;55.04;180;11308220127;B
20241017;101515;55.04;780;11308220128;B
20241017;101515;55.04;20;11308220129;B
20241017;101515;55.04;240;11308220130;B
20241017;101515;55.04;40;11308220131;B
20241017;101515;55.04;150;11308220132;B
20241017;101515;55.04;240;11308220133;B
20241017;101515;55.04;190;11308220134;B
20241017;101515;55.05;8000;11308220138;B
20241017;101515;55.06;1310;11308220139;B
20241017;101515;55.06;1510;11308220140;B
20241017;101515;55.06;16420;11308220141;B
20241017;101515;55.07;500;11308220143;B
20241017;101515;55.08;10;11308220144;B
20241017;101515;55.08;500;11308220145;B
20241017;101515;55.08;40;11308220146;B
20241017;101515;55.08;380;11308220147;B
20241017;101515;55.09;1470;11308220149;B
20241017;101515;55.08;30;11308220199;S
20241017;101516;55.09;360;11308220455;B
20241017;101517;55.09;10;11308220560;B
20241017;101522;55.08;10;11308222111;S
20241017;101522;55.07;100;11308222172;S
20241017;101523;55.07;1000;11308222551;S
20241017;101526;55.09;1590;11308223135;B
20241017;101526;55.09;30;11308223136;B
20241017;101526;55.09;10;11308223137;B
20241017;101526;55.09;880;11308223138;B
20241017;101526;55.09;470;11308223139;B
20241017;101526;55.09;730;11308223140;B
20241017;101526;55.09;230;11308223141;B
20241017;101526;55.1;600;11308223142;B
20241017;101526;55.08;2190;11308223246;S
20241017;101526;55.07;90;11308223247;S
20241017;101526;55.07;1710;11308223248;S
20241017;101526;55.07;140;11308223249;S
20241017;101526;55.07;2800;11308223250;S
20241017;101526;55.06;2800;11308223251;S
20241017;101526;55.06;880;11308223252;S
20241017;101526;55.05;1000;11308223253;S
20241017;101526;55.05;150;11308223254;S
20241017;101526;55.04;130;11308223257;B
20241017;101534;55.04;10;11308225309;B
20241017;101536;55.03;10;11308225713;S
20241017;101536;55.04;110;11308225767;B
20241017;101537;55.04;10;11308225986;B
20241017;101539;55.03;10;11308226425;S
20241017;101540;55.04;870;11308226555;B
20241017;101543;55.04;20;11308227375;B
20241017;101548;55.04;20;11308228430;B
20241017;101549;55.03;10;11308228697;S
20241017;101550;55.04;50;11308228761;B
20241017;101550;55.04;10;11308228762;B
20241017;101550;55.04;10;11308228827;B
20241017;101550;55.05;20;11308228828;B
20241017;101553;55.04;920;11308229431;S
20241017;101554;55.04;500;11308229691;S
20241017;101554;55.06;120;11308229698;B
20241017;101554;55.06;4960;11308229727;B
20241017;101554;55.06;880;11308229728;B
20241017;101554;55.06;1110;11308229729;B
20241017;101600;55.06;50;11308230697;S
20241017;101600;55.05;70;11308230698;S
20241017;101600;55.05;2190;11308230699;S
20241017;101600;55.05;380;11308230700;S
20241017;101600;55.04;1000;11308230701;S
20241017;101600;55.03;70;11308230702;S
20241017;101600;55.03;100;11308230703;S
20241017;101600;55.03;880;11308230704;S
20241017;101602;55.02;30;11308231087;S
20241017;101602;55.03;200;11308231146;B
20241017;101602;55.03;30;11308231156;B
20241017;101604;55.03;10;11308231431;B
20241017;101604;55.03;10;11308231513;B
20241017;101604;55.03;10;11308231530;B
20241017;101604;55.07;490;11308231531;B
20241017;101608;55.08;300;11308232258;B
20241017;101608;55.08;300;11308232259;B
20241017;101608;55.08;300;11308232260;B
20241017;101608;55.09;40;11308232261;B
20241017;101611;55.05;900;11308232721;S
20241017;101611;55.05;110;11308232722;S
20241017;101611;55.04;2190;11308232723;S
20241017;101611;55.04;800;11308232724;S
20241017;101613;55.06;850;11308233025;B
20241017;101613;55.06;330;11308233026;B
20241017;101614;55.08;20;11308233302;B
20241017;101617;55.07;20;11308233636;S
20241017;101618;55.07;8220;11308233866;B
20241017;101619;55.06;300;11308233955;B
20241017;101619;55.06;300;11308233956;B
20241017;101619;55.07;1740;11308233957;B
20241017;101622;55.05;10;11308234462;S
20241017;101629;55.06;20;11308235528;B
20241017;101629;55.07;10;11308235529;B
20241017;101631;55.07;10;11308235774;B
20241017;101631;55.07;390;11308235775;B
20241017;101631;55.07;100;11308235791;B
20241017;101637;55.08;10;11308236843;B
20241017;101638;55.08;10;11308236923;B
20241017;101641;55.08;860;11308237442;B
20241017;101641;55.08;930;11308237443;B
20241017;101642;55.06;10;11308237583;S
20241017;101642;55.06;380;11308237584;S
20241017;101645;55.06;220;11308238155;S
20241017;101645;55.05;2190;11308238156;S
20241017;101645;55.05;60;11308238157;S
20241017;101645;55.04;1270;11308238158;S
20241017;101645;55.03;1320;11308238159;S
20241017;101645;55.02;250;11308238160;S
20241017;101645;55.02;3640;11308238161;S
20241017;101645;55.02;3160;11308238162;S
20241017;101645;55.02;880;11308238163;S
20241017;101648;55.02;10;11308238709;B
20241017;101650;55.02;90;11308238903;B
20241017;101654;55.02;10;11308239464;B
20241017;101657;55.02;10;11308239699;B
20241017;101659;55.01;10;11308239909;S
20241017;101659;55.01;210;11308239910;S
20241017;101659;55.02;330;11308239955;B
20241017;101701;55.02;400;11308240123;B
20241017;101701;55.01;10;11308240124;S
20241017;101707;55.02;10;11308240772;B
20241017;101709;55.02;10;11308241023;B
20241017;101717;55.02;200;11308241717;B
20241017;101719;55.02;5940;11308241962;B
20241017;101719;55.03;1350;11308241963;B
20241017;101719;55.03;880;11308241964;B
20241017;101719;55.03;950;11308241965;B
20241017;101719;55.04;1000;11308241966;B
20241017;101719;55.04;1350;11308241967;B
20241017;101719;55.05;3000;11308241968;B
20241017;101719;55.06;3700;11308241969;B
20241017;101721;55.04;400;11308242223;S
20241017;101722;55.04;800;11308242431;S
20241017;101722;55.06;100;11308242484;B
20241017;101726;55.06;200;11308243087;B
20241017;101733;55.04;190;11308244217;S
20241017;101733;55.04;1790;11308244244;S
20241017;101733;55.04;510;11308244245;S
20241017;101736;55.02;1400;11308244534;S
20241017;101736;55.02;1330;11308244535;S
20241017;101737;55.02;20;11308244766;B
20241017;101738;55.02;350;11308245049;B
20241017;101739;55.02;30;11308245094;B
20241017;101741;55.02;10;11308245392;B
20241017;101741;55.01;10;11308245436;S
20241017;101742;55.02;40;11308245567;B
20241017;101743;55.02;80;11308245757;B
20241017;101744;55.02;10;11308245849;B
20241017;101745;55.01;50;11308246010;S
20241017;101746;55.02;80;11308246133;B
20241017;101747;55.02;20;11308246269;B
20241017;101752;55.02;10;11308247141;B
20241017;101753;55.01;130;11308247321;S
20241017;101759;55.01;10;11308248296;S
20241017;101800;55.02;50;11308248473;B
20241017;101801;55.02;10;11308248493;B
20241017;101803;55.02;90;11308248859;B
20241017;101804;55.01;80;11308248962;S
20241017;101804;55.01;500;11308248963;S
20241017;101804;55.01;10;11308248964;S
20241017;101804;55.01;500;11308248965;S
20241017;101804;55.01;500;11308248966;S
20241017;101804;55.01;500;11308248967;S
20241017;101804;55.01;500;11308248968;S
20241017;101804;55.01;10;11308248969;S
20241017;101804;55.01;400;11308248970;S
20241017;101807;55.01;10;11308249487;S
20241017;101807;55.01;10;11308249488;S
20241017;101812;55.01;3500;11308250332;B
20241017;101822;55.01;450;11308252359;B
20241017;101822;55.01;1000;11308252420;B
20241017;101822;55.01;30;11308252421;B
20241017;101822;55.01;600;11308252422;B
20241017;101822;55.01;30;11308252423;B
20241017;101822;55.01;10;11308252424;B
20241017;101822;55.02;150;11308252425;B
20241017;101823;55.02;420;11308252593;B
20241017;101823;55.02;370;11308252594;B
20241017;101823;55.02;400;11308252595;B
20241017;101824;55.02;870;11308252888;B
20241017;101829;55.01;10;11308253517;S
20241017;101831;55;630;11308253898;S
20241017;101832;55;2000;11308254029;S
20241017;101832;55;70;11308254030;S
20241017;101832;55;20;11308254031;S
20241017;101832;55;10;11308254032;S
20241017;101832;55;100;11308254033;S
20241017;101832;55;10;11308254034;S
20241017;101832;55;200;11308254035;S
20241017;101832;55;20;11308254036;S
20241017;101832;55;10;11308254037;S
20241017;101832;55;10;11308254038;S
20241017;101832;55;10;11308254039;S
20241017;101832;55;2620;11308254040;S
20241017;101832;55;100;11308254041;S
20241017;101832;55;10;11308254042;S
20241017;101832;55;10;11308254043;S
20241017;101832;55;50;11308254044;S
20241017;101832;55;10;11308254045;S
20241017;101832;55;40;11308254046;S
20241017;101832;55;10;11308254047;S
20241017;101832;55;10;11308254048;S
20241017;101832;55;10;11308254049;S
20241017;101832;55;10;11308254050;S
20241017;101832;55;10;11308254051;S
20241017;101832;55;500;11308254052;S
20241017;101832;55;500;11308254053;S
20241017;101832;55;500;11308254054;S
20241017;101832;55;500;11308254055;S
20241017;101832;55;100;11308254056;S
20241017;101832;55;140;11308254057;S
20241017;101832;55;20;11308254058;S
20241017;101832;55;60;11308254059;S
20241017;101832;55;30;11308254060;S
20241017;101832;55;80;11308254061;S
20241017;101832;55;50;11308254067;B
20241017;101832;55;830;11308254208;B
20241017;101832;55;760;11308254209;B
20241017;101832;55.01;300;11308254210;B
20241017;101840;55;8000;11308255363;S
20241017;101841;55;2260;11308255529;S
20241017;101844;55;60;11308256136;S
20241017;101844;55.01;10;11308256181;B
20241017;101844;55;1450;11308256182;S
20241017;101848;55;260;11308256734;S
20241017;101849;55.01;10;11308256813;B
20241017;101849;55.01;10;11308256967;B
20241017;101850;55;4290;11308257123;S
20241017;101850;55;10;11308257124;S
20241017;101852;55;50;11308257528;B
20241017;101854;55;20;11308257837;B
20241017;101856;55;10;11308258198;B
20241017;101856;55;60;11308258233;B
20241017;101857;55;20;11308258341;B
20241017;101902;54.99;10;11308259188;S
20241017;101902;54.99;10;11308259189;S
20241017;101902;54.98;100;11308259190;S
20241017;101902;54.98;30;11308259191;S
20241017;101903;54.98;20;11308259395;S
20241017;101905;54.98;60;11308259668;S
20241017;101906;54.99;610;11308259922;B
20241017;101906;54.99;180;11308259923;B
20241017;101912;55;180;11308260825;B
20241017;101914;55;20;11308261022;B
20241017;101914;55;300;11308261029;B
20241017;101915;55;10;11308261206;B
20241017;101924;55;30;11308262772;B
20241017;101924;55;70;11308262773;B
20241017;101934;54.99;10;11308264318;S
20241017;101934;54.99;10;11308264319;S
20241017;101938;54.98;120;11308265061;S
20241017;101943;54.98;680;11308265872;S
20241017;101943;54.98;230;11308265873;S
20241017;101943;54.98;570;11308265874;S
20241017;101943;54.98;10;11308265875;S
20241017;101943;54.97;20;11308265876;S
20241017;101943;54.97;30;11308265877;S
20241017;101943;54.97;30;11308265878;S
20241017;101943;54.97;20;11308265879;S
20241017;101943;54.97;30;11308265880;S
20241017;101943;54.97;10;11308265881;S
20241017;101943;54.97;20;11308265882;S
20241017;101943;54.97;10;11308265883;S
20241017;101943;54.97;20;11308265884;S
20241017;101943;54.97;80;11308265885;S
20241017;101943;54.97;10;11308265886;S
20241017;101943;54.97;20;11308265887;S
20241017;101943;54.97;120;11308265888;S
20241017;101946;54.99;10;11308266326;B
20241017;101954;54.99;70;11308268101;B
20241017;101954;54.98;20;11308268196;S
20241017;101957;54.98;10;11308268512;B
20241017;101959;54.99;500;11308268987;B
20241017;101959;54.99;210;11308268988;B
20241017;102003;54.98;440;11308270071;B
20241017;102006;54.96;440;11308270702;S
20241017;102006;54.95;360;11308270703;S
20241017;102007;54.95;120;11308270721;S
20241017;102007;54.95;40;11308270722;S
20241017;102008;54.95;500;11308270969;S
20241017;102009;54.95;500;11308271103;S
20241017;102010;54.95;500;11308271395;S
20241017;102012;54.95;100;11308271838;S
20241017;102012;54.95;570;11308271840;S
20241017;102012;54.95;250;11308271841;S
20241017;102012;54.94;1000;11308271842;S
20241017;102012;54.94;240;11308271843;S
20241017;102012;54.93;100;11308271844;S
20241017;102012;54.93;20;11308271845;S
20241017;102012;54.93;30;11308271846;S
20241017;102012;54.93;30;11308271847;S
20241017;102012;54.93;20;11308271848;S
20241017;102012;54.93;20;11308271849;S
20241017;102012;54.93;10;11308271850;S
20241017;102012;54.93;20;11308271851;S
20241017;102012;54.93;70;11308271852;S
20241017;102012;54.93;10;11308271853;S
20241017;102012;54.93;3000;11308271854;S
20241017;102012;54.93;40;11308271855;S
20241017;102012;54.93;480;11308271856;S
20241017;102012;54.93;240;11308271857;S
20241017;102012;54.93;690;11308271858;S
20241017;102012;54.92;500;11308271859;S
20241017;102012;54.92;660;11308271860;S
20241017;102015;54.92;100;11308272330;S
20241017;102020;54.95;440;11308273506;B
20241017;102020;54.95;560;11308273507;B
20241017;102023;54.92;100;11308274724;S
20241017;102024;54.94;10;11308274993;B
20241017;102030;54.92;3250;11308276536;S
20241017;102031;54.93;30;11308276854;S
20241017;102036;54.94;490;11308279066;B
20241017;102036;54.94;110;11308279067;B
20241017;102038;54.93;10;11308279802;S
20241017;102039;54.93;20;11308280051;S
20241017;102041;54.92;60;11308280848;S
20241017;102043;54.94;60;11308281513;B
20241017;102045;54.93;130;11308281798;S
20241017;102047;54.93;370;11308282673;S
20241017;102047;54.93;630;11308282674;S
20241017;102058;54.94;220;11308286128;B
20241017;102058;54.94;90;11308286129;B
20241017;102058;54.94;210;11308286130;B
20241017;102058;54.94;60;11308286131;B
20241017;102058;54.94;240;11308286132;B
20241017;102058;54.94;20;11308286133;B
20241017;102058;54.94;280;11308286134;B
20241017;102058;54.94;190;11308286135;B
20241017;102058;54.94;230;11308286136;B
20241017;102058;54.94;950;11308286137;B
20241017;102058;54.95;10;11308286138;B
20241017;102058;54.95;10;11308286139;B
20241017;102058;54.95;10;11308286140;B
20241017;102058;54.95;10;11308286141;B
20241017;102058;54.95;10;11308286142;B
20241017;102058;54.95;450;11308286143;B
20241017;102058;54.96;1000;11308286144;B
20241017;102058;54.96;880;11308286145;B
20241017;102058;54.96;450;11308286146;B
20241017;102058;54.97;3640;11308286147;B
20241017;102058;54.98;1040;11308286148;B
20241017;102058;54.95;10;11308286214;S
20241017;102058;54.95;10;11308286221;S
20241017;102058;54.95;10;11308286231;S
20241017;102058;54.95;10;11308286272;S
20241017;102058;54.95;10;11308286275;S
20241017;102058;54.95;10;11308286285;S
20241017;102101;54.95;10;11308286939;B
20241017;102102;54.93;40;11308287552;S
20241017;102102;54.93;30;11308287553;S
20241017;102103;54.93;2580;11308287672;S
20241017;102105;54.95;10;11308288260;B
20241017;102106;54.95;10;11308288539;S
20241017;102106;54.95;80;11308288540;S
20241017;102109;54.99;40;11308289319;B
20241017;102110;54.99;10;11308289426;B
20241017;102111;54.99;540;11308289819;B
20241017;102112;54.99;880;11308289957;S
20241017;102112;54.99;90;11308289958;S
20241017;102112;54.98;490;11308289959;S
20241017;102113;55;10;11308290303;B
20241017;102117;55;10;11308291342;B
20241017;102118;54.98;10;11308291688;S
20241017;102118;54.98;10;11308291689;S
20241017;102119;55;100;11308291735;B
20241017;102119;54.98;5500;11308291736;S
20241017;102119;54.98;530;11308291737;S
20241017;102119;54.98;1430;11308291738;S
20241017;102119;54.98;100;11308291739;S
20241017;102119;54.98;10;11308291740;S
20241017;102119;54.97;530;11308291741;S
20241017;102119;54.97;40;11308291742;S
20241017;102119;54.97;880;11308291743;S
20241017;102119;54.96;250;11308291744;S
20241017;102119;54.96;1000;11308291745;S
20241017;102119;54.95;4730;11308291746;S
20241017;102124;54.99;10;11308293148;B
20241017;102134;54.96;830;11308295559;S
20241017;102135;54.96;10;11308295708;S
20241017;102135;54.96;10;11308295739;S
20241017;102135;54.96;10;11308295763;S
20241017;102140;54.96;20;11308296906;S
20241017;102146;54.99;440;11308299075;B
20241017;102146;54.99;3640;11308299076;B
20241017;102146;54.99;250;11308299077;B
20241017;102155;54.96;10;11308301984;S
20241017;102157;54.96;10;11308302323;S
20241017;102157;54.96;10;11308302339;S
20241017;102157;54.96;10;11308302347;S
20241017;102157;54.97;450;11308302354;B
20241017;102157;54.98;450;11308302355;B
20241017;102157;54.96;10;11308302373;S
20241017;102157;54.96;10;11308302401;S
20241017;102157;54.96;10;11308302779;S
20241017;102157;54.96;10;11308302790;S
20241017;102203;54.98;20;11308304232;B
20241017;102203;54.97;10;11308304303;S
20241017;102203;54.97;10;11308304354;S
20241017;102203;54.97;10;11308304382;S
20241017;102203;54.97;10;11308304411;S
20241017;102204;54.98;110;11308304654;B
20241017;102210;54.97;10;11308306902;S
20241017;102210;54.97;10;11308307096;S
20241017;102210;54.97;10;11308307104;S
20241017;102210;54.97;10;11308307110;S
20241017;102210;54.97;10;11308307118;S
20241017;102210;54.97;10;11308307122;S
20241017;102211;54.97;10;11308307127;S
20241017;102211;54.97;10;11308307144;S
20241017;102211;54.97;10;11308307171;S
20241017;102211;54.97;10;11308307178;S
20241017;102211;54.97;10;11308307186;S
20241017;102211;54.97;10;11308307196;S
20241017;102213;54.97;10;11308307786;S
20241017;102213;54.97;10;11308307797;S
20241017;102214;54.97;10;11308308286;S
20241017;102215;54.97;10;11308308467;S
20241017;102216;54.97;10;11308308849;S
20241017;102225;54.99;20;11308311527;B
20241017;102229;54.99;10;11308312648;B
20241017;102229;54.99;70;11308312649;B
20241017;102232;55;10;11308313537;B
20241017;102232;55;1000;11308313538;B
20241017;102232;55;20;11308313539;B
20241017;102232;55;480;11308313540;B
20241017;102232;55;40;11308313541;B
20241017;102232;55.01;10;11308313542;B
20241017;102232;55.01;230;11308313543;B
20241017;102236;54.99;10;11308314471;S
20241017;102238;54.99;10;11308314940;S
20241017;102239;55.01;530;11308315295;B
20241017;102239;55.01;290;11308315296;B
20241017;102239;55.02;490;11308315297;B
20241017;102239;55.02;610;11308315298;B
20241017;102239;55.02;1000;11308315299;B
20241017;102239;55.02;10;11308315300;B
20241017;102239;55.02;2070;11308315301;B
20241017;102239;55.02;10;11308315303;B
20241017;102240;55.02;10;11308315648;B
20241017;102244;55.02;10;11308316516;B
20241017;102253;55;880;11308318698;S
20241017;102253;55;260;11308318699;S
20241017;102253;55;110;11308318700;S
20241017;102253;55;950;11308318876;S
20241017;102257;55.04;10;11308319876;B
20241017;102304;55.04;70;11308321442;B
20241017;102304;55.01;10;11308321480;S
20241017;102309;55.01;10;11308322926;S
20241017;102317;55.04;90;11308324923;B
20241017;102323;55.01;10;11308326936;S
20241017;102323;55.01;10;11308326937;S
20241017;102325;55.01;10;11308327421;S
20241017;102336;55.03;10;11308330333;S
20241017;102338;55.03;10;11308331380;S
20241017;102342;55.04;10;11308332874;B
20241017;102343;55.03;10;11308333131;S
20241017;102345;55.04;30;11308333505;B
20241017;102345;55.02;710;11308333529;S
20241017;102345;55.02;20;11308333530;S
20241017;102345;55.02;1190;11308333531;S
20241017;102345;55.01;10;11308333532;S
20241017;102345;55.01;10;11308333533;S
20241017;102345;55.01;10;11308333534;S
20241017;102345;55.01;10;11308333535;S
20241017;102350;55.04;10;11308334809;B
20241017;102351;55.04;500;11308334944;B
20241017;102352;55.02;10;11308335141;S
20241017;102353;55.01;10;11308335213;S
20241017;102353;55.01;10;11308335214;S
20241017;102353;55.01;10;11308335215;S
20241017;102353;55.01;100;11308335216;S
20241017;102359;55.02;200;11308336506;S
20241017;102400;55.04;10;11308336644;B
20241017;102402;55.02;880;11308337025;S
20241017;102402;55.02;2780;11308337026;S
20241017;102402;55.02;640;11308337027;S
20241017;102409;55.01;10;11308338420;S
20241017;102409;55.01;10;11308338421;S
20241017;102413;55.01;10;11308339171;S
20241017;102413;55.01;10;11308339172;S
20241017;102413;55.01;10;11308339173;S
20241017;102413;55;20;11308339174;S
20241017;102413;55;270;11308339175;S
20241017;102413;55;750;11308339176;S
20241017;102413;55;70;11308339180;B
20241017;102413;55;10;11308339207;B
20241017;102413;55;10;11308339215;B
20241017;102416;55;10;11308339988;B
20241017;102418;55;20;11308340448;B
20241017;102421;55;380;11308340776;B
20241017;102421;55;90;11308340812;B
20241017;102425;55;180;11308341276;B
20241017;102425;54.99;20;11308341360;S
20241017;102429;55;10;11308341927;B
20241017;102430;55;10;11308342016;B
20241017;102432;55;1100;11308342286;B
20241017;102432;54.99;260;11308342292;S
20241017;102436;54.99;140;11308343099;B
20241017;102440;54.99;750;11308343834;B
20241017;102444;54.99;520;11308344431;B
20241017;102446;54.99;10;11308344639;B
20241017;102449;54.99;20;11308345178;B
20241017;102452;54.99;10;11308345553;B
20241017;102459;54.98;10;11308346432;S
20241017;102459;54.98;10;11308346433;S
20241017;102459;54.99;10;11308346439;B
20241017;102503;54.99;30;11308347073;B
20241017;102503;54.97;200;11308347109;S
20241017;102506;54.97;200;11308347437;S
20241017;102507;54.99;30;11308347580;B
20241017;102509;54.99;20;11308347884;B
20241017;102509;54.99;20;11308347915;B
20241017;102509;54.99;20;11308347990;B
20241017;102512;54.97;90;11308348308;S
20241017;102518;54.99;20;11308349052;B
20241017;102523;54.99;10;11308349478;B
20241017;102532;54.97;10;11308350691;S
20241017;102532;54.97;140;11308350692;S
20241017;102539;54.97;10;11308351257;S
20241017;102542;54.97;130;11308351567;S
20241017;102545;54.98;180;11308351855;S
20241017;102546;54.99;1130;11308351926;B
20241017;102546;54.99;1000;11308351927;B
20241017;102546;54.99;50;11308351928;B
20241017;102546;54.99;500;11308351929;B
20241017;102546;54.99;20;11308351930;B
20241017;102546;54.99;300;11308351931;B
20241017;102546;54.99;60;11308351932;B
20241017;102546;54.99;190;11308351933;B
20241017;102546;54.99;300;11308351934;B
20241017;102546;54.99;250;11308351935;B
20241017;102546;54.99;230;11308351936;B
20241017;102546;54.99;970;11308351937;B
20241017;102552;54.98;4910;11308352683;S
20241017;102552;54.98;530;11308352684;S
20241017;102552;54.98;1370;11308352685;S
20241017;102552;54.98;880;11308352686;S
20241017;102552;54.97;740;11308352687;S
20241017;102552;54.97;410;11308352688;S
20241017;102552;54.97;10;11308352689;S
20241017;102552;54.97;140;11308352690;S
20241017;102552;54.96;3620;11308352691;S
20241017;102552;54.96;40;11308352692;S
20241017;102552;54.96;12000;11308352693;S
20241017;102552;54.96;10;11308352694;S
20241017;102552;54.95;2000;11308352695;S
20241017;102552;54.95;1000;11308352696;S
20241017;102552;54.95;100;11308352697;S
20241017;102552;54.95;10;11308352698;S
20241017;102559;54.94;880;11308353457;B
20241017;102559;54.95;1810;11308353458;B
20241017;102600;54.95;30;11308353674;B
20241017;102601;54.93;10;11308353842;S
20241017;102601;54.93;90;11308353843;S
20241017;102605;54.95;310;11308354354;B
20241017;102606;54.95;18000;11308354418;B
20241017;102606;54.95;360;11308354501;B
20241017;102609;54.93;3640;11308354897;S
20241017;102609;54.93;880;11308354898;S
20241017;102609;54.93;1810;11308354899;S
20241017;102609;54.92;2640;11308354900;S
20241017;102609;54.92;20;11308354901;S
20241017;102609;54.92;10;11308354902;S
20241017;102609;54.92;1000;11308354903;S
20241017;102609;54.92;1290;11308354904;S
20241017;102609;54.92;100;11308354905;S
20241017;102609;54.92;100;11308354906;S
20241017;102609;54.91;90;11308354907;S
20241017;102609;54.91;1000;11308354908;S
20241017;102609;54.91;100;11308354909;S
20241017;102609;54.91;500;11308354910;S
20241017;102609;54.91;2820;11308354911;S
20241017;102611;54.91;2270;11308355191;S
20241017;102611;54.91;500;11308355192;S
20241017;102611;54.91;2230;11308355193;S
20241017;102613;54.93;20;11308355323;B
20241017;102618;54.92;10;11308355955;B
20241017;102620;54.92;60;11308356385;B
20241017;102623;54.92;30;11308356703;B
20241017;102624;54.92;50;11308356850;S
20241017;102626;54.92;20;11308357107;S
20241017;102626;54.92;1780;11308357108;S
20241017;102628;54.93;20;11308357450;B
20241017;102631;54.93;150;11308357975;B
20241017;102634;54.91;10;11308358426;S
20241017;102638;54.93;100;11308358909;B
20241017;102640;54.93;200;11308359231;B
20241017;102641;54.91;10;11308359369;S
20241017;102641;54.92;250;11308359449;B
20241017;102642;54.91;2000;11308359561;S
20241017;102643;54.92;10;11308359588;B
20241017;102645;54.91;140;11308359785;S
20241017;102651;54.92;60;11308360652;B
20241017;102652;54.91;1190;11308360813;S
20241017;102653;54.92;10;11308360992;B
20241017;102654;54.91;1740;11308361064;S
20241017;102654;54.91;10;11308361065;S
20241017;102654;54.91;10;11308361066;S
20241017;102654;54.91;10;11308361067;S
20241017;102654;54.91;100;11308361068;S
20241017;102654;54.91;60;11308361069;S
20241017;102655;54.92;20;11308361104;B
20241017;102657;54.92;10;11308361413;B
20241017;102700;54.92;250;11308361704;B
20241017;102701;54.92;250;11308361797;B
20241017;102705;54.92;40;11308362398;B
20241017;102705;54.91;10;11308362418;S
20241017;102705;54.91;2490;11308362419;S
20241017;102706;54.92;10;11308362517;B
20241017;102706;54.92;20;11308362522;B
20241017;102708;54.92;20;11308362946;B
20241017;102711;54.91;230;11308363330;S
20241017;102712;54.91;1810;11308363426;B
20241017;102714;54.91;100;11308363648;B
20241017;102715;54.91;1000;11308363807;B
20241017;102715;54.91;10;11308363815;B
20241017;102716;54.9;90;11308363896;S
20241017;102717;54.9;10;11308363998;S
20241017;102717;54.9;10;11308363999;S
20241017;102717;54.9;10;11308364073;S
20241017;102717;54.9;10;11308364074;S
20241017;102717;54.9;1830;11308364075;S
20241017;102721;54.9;4000;11308364482;S
20241017;102721;54.91;90;11308364600;B
20241017;102722;54.91;400;11308364716;B
20241017;102722;54.91;1500;11308364717;B
20241017;102727;54.91;80;11308365193;B
20241017;102731;54.9;2000;11308365749;S
20241017;102737;54.9;7170;11308366476;S
20241017;102737;54.9;100;11308366477;S
20241017;102737;54.9;200;11308366478;S
20241017;102737;54.9;10;11308366479;S
20241017;102737;54.9;20;11308366480;S
20241017;102738;54.91;1000;11308366605;B
20241017;102739;54.91;140;11308366671;B
20241017;102740;54.91;50;11308366790;B
20241017;102741;54.9;10;11308367078;S
20241017;102745;54.9;10;11308367752;S
20241017;102752;54.91;220;11308368523;B
20241017;102752;54.91;10;11308368524;B
20241017;102752;54.92;300;11308368525;B
20241017;102752;54.92;340;11308368526;B
20241017;102753;54.91;190;11308368600;S
20241017;102753;54.91;100;11308368601;S
20241017;102754;54.91;470;11308368809;S
20241017;102756;54.92;20;11308369056;B
20241017;102801;54.9;20;11308369657;S
20241017;102801;54.9;10;11308369658;S
20241017;102801;54.9;10;11308369659;S
20241017;102801;54.9;10;11308369660;S
20241017;102801;54.9;10;11308369661;S
20241017;102801;54.9;250;11308369662;S
20241017;102801;54.9;10;11308369663;S
20241017;102801;54.9;20;11308369664;S
20241017;102801;54.9;20;11308369665;S
20241017;102801;54.9;180;11308369666;S
20241017;102801;54.9;1000;11308369667;S
20241017;102801;54.9;700;11308369668;S
20241017;102801;54.9;50;11308369669;S
20241017;102801;54.9;150;11308369670;S
20241017;102801;54.9;70;11308369671;S
20241017;102801;54.9;100;11308369672;S
20241017;102801;54.9;10;11308369673;S
20241017;102801;54.9;5110;11308369674;S
20241017;102801;54.92;20;11308369678;B
20241017;102803;54.9;10;11308369974;S
20241017;102803;54.9;140;11308369975;S
20241017;102807;54.92;10;11308370465;B
20241017;102809;54.9;10;11308370749;S
20241017;102810;54.9;10;11308370866;S
20241017;102810;54.9;150;11308370867;S
20241017;102810;54.9;20;11308370868;S
20241017;102814;54.9;10;11308371559;S
20241017;102814;54.9;10;11308371560;S
20241017;102814;54.9;10;11308371561;S
20241017;102814;54.9;170;11308371562;S
20241017;102816;54.9;120;11308371721;S
20241017;102821;54.92;70;11308372378;B
20241017;102823;54.9;10;11308372892;S
20241017;102823;54.9;10;11308372975;S
20241017;102823;54.9;10;11308372976;S
20241017;102823;54.9;980;11308372977;S
20241017;102825;54.9;500;11308373156;S
20241017;102825;54.9;970;11308373181;S
20241017;102825;54.9;20;11308373182;S
20241017;102825;54.89;850;11308373183;S
20241017;102825;54.89;100;11308373184;S
20241017;102825;54.89;3060;11308373185;S
20241017;102826;54.9;500;11308373375;S
20241017;102827;54.9;470;11308373406;S
20241017;102827;54.9;30;11308373461;S
20241017;102827;54.89;470;11308373462;S
20241017;102829;54.89;1810;11308373644;S
20241017;102829;54.89;8190;11308373645;S
20241017;102830;54.89;500;11308373805;B
20241017;102830;54.89;50;11308373806;B
20241017;102832;54.89;10;11308373972;S
20241017;102834;54.9;10;11308374130;B
20241017;102835;54.89;50;11308374222;S
20241017;102837;54.89;10;11308374459;S
20241017;102840;54.9;30;11308374779;B
20241017;102840;54.9;10;11308374780;B
20241017;102840;54.9;450;11308374781;B
20241017;102840;54.9;20;11308374782;B
20241017;102840;54.9;780;11308374783;B
20241017;102840;54.9;400;11308374784;B
20241017;102842;54.89;1810;11308375076;S
20241017;102842;54.89;10;11308375077;S
20241017;102842;54.89;10;11308375078;S
20241017;102842;54.89;10;11308375079;S
20241017;102842;54.89;10;11308375080;S
20241017;102842;54.88;20;11308375081;S
20241017;102842;54.88;20;11308375082;S
20241017;102842;54.88;20;11308375083;S
20241017;102842;54.88;20;11308375084;S
20241017;102842;54.88;10;11308375085;S
20241017;102842;54.88;20;11308375086;S
20241017;102842;54.88;20;11308375087;S
20241017;102842;54.88;20;11308375088;S
20241017;102851;54.9;10;11308376263;B
20241017;102858;54.89;10;11308376973;S
20241017;102858;54.89;10;11308376974;S
20241017;102858;54.89;10;11308376975;S
20241017;102858;54.89;10;11308376983;B
20241017;102858;54.89;10;11308376990;B
20241017;102859;54.89;50;11308377028;B
20241017;102859;54.9;40;11308377036;B
20241017;102859;54.9;20;11308377037;B
20241017;102859;54.9;900;11308377038;B
20241017;102901;54.92;500;11308377400;B
20241017;102903;54.91;70;11308377514;S
20241017;102909;54.91;170;11308378234;S
20241017;102909;54.91;1810;11308378235;S
20241017;102909;54.91;10;11308378287;S
20241017;102909;54.91;10;11308378288;S
20241017;102909;54.9;30;11308378289;S
20241017;102909;54.91;10;11308378295;B
20241017;102910;54.92;20;11308378366;B
20241017;102915;54.9;10;11308378943;S
20241017;102918;54.9;10;11308379261;S
20241017;102918;54.9;10;11308379262;S
20241017;102918;54.9;10;11308379278;S
20241017;102918;54.9;10;11308379282;S
20241017;102918;54.9;10;11308379283;S
20241017;102918;54.9;10;11308379293;S
20241017;102919;54.9;10;11308379379;S
20241017;102920;54.91;10;11308379502;B
20241017;102922;54.92;10;11308379765;B
20241017;102924;54.92;210;11308379963;B
20241017;102925;54.92;300;11308380128;B
20241017;102925;54.92;20;11308380129;B
20241017;102925;54.92;20;11308380130;B
20241017;102925;54.92;10;11308380131;B
20241017;102925;54.92;50;11308380132;B
20241017;102925;54.93;130;11308380347;B
20241017;102926;54.93;4870;11308380467;B
20241017;102926;54.93;800;11308380468;B
20241017;102926;54.93;180;11308380469;B
20241017;102926;54.93;880;11308380470;B
20241017;102926;54.94;20;11308380471;B
20241017;102926;54.94;20;11308380472;B
20241017;102926;54.94;3000;11308380473;B
20241017;102926;54.94;230;11308380474;B
20241017;102927;54.94;10;11308380626;B
20241017;102927;54.94;40;11308380651;B
20241017;102927;54.94;30;11308380760;B
20241017;102930;54.92;20;11308381123;S
20241017;102930;54.92;10;11308381139;S
20241017;102930;54.92;10;11308381140;S
20241017;102937;54.92;160;11308381871;S
20241017;102944;54.94;10;11308382622;B
20241017;102944;54.94;10;11308382657;B
20241017;102946;54.92;70;11308382923;S
20241017;102950;54.92;940;11308383363;S
20241017;102950;54.92;1370;11308383364;S
20241017;102950;54.91;1610;11308383365;S
20241017;102950;54.91;10;11308383366;S
20241017;102950;54.91;3640;11308383367;S
20241017;102950;54.91;110;11308383368;S
20241017;102950;54.91;10;11308383369;S
20241017;102950;54.91;10;11308383370;S
20241017;102950;54.91;880;11308383371;S
20241017;102950;54.91;420;11308383372;S
20241017;102952;54.94;90;11308383649;B
20241017;102952;54.94;30;11308383651;B
20241017;102953;54.94;10;11308383703;B
20241017;102957;54.92;70;11308384320;B
20241017;102957;54.94;500;11308384359;B
20241017;103001;54.94;10;11308385205;B
20241017;103002;54.94;30;11308385488;B
20241017;103002;54.94;30;11308385519;B
20241017;103002;54.94;10;11308385606;B
20241017;103002;54.94;10;11308385630;B
20241017;103003;54.94;440;11308385660;B
20241017;103003;54.94;20;11308385779;B
20241017;103003;54.94;20;11308385814;B
20241017;103003;54.94;10;11308385863;B
20241017;103003;54.94;20;11308385957;B
20241017;103003;54.94;20;11308385976;B
20241017;103004;54.92;40;11308386018;S
20241017;103004;54.94;10;11308386045;B
20241017;103004;54.94;10;11308386135;B
20241017;103004;54.94;10;11308386138;B
20241017;103004;54.94;60;11308386156;B
20241017;103004;54.94;10;11308386195;B
20241017;103004;54.94;10;11308386254;B
20241017;103004;54.94;20;11308386315;B
20241017;103005;54.94;60;11308386458;B
20241017;103005;54.94;20;11308386615;B
20241017;103006;54.94;10;11308386788;B
20241017;103006;54.94;10;11308386879;B
20241017;103006;54.94;10;11308386932;B
20241017;103006;54.94;20;11308386946;B
20241017;103006;54.94;40;11308386949;B
20241017;103006;54.94;20;11308387072;B
20241017;103007;54.94;360;11308387193;B
20241017;103007;54.93;10;11308387198;S
20241017;103007;54.94;10;11308387209;B
20241017;103007;54.94;20;11308387223;B
20241017;103007;54.94;10;11308387253;B
20241017;103007;54.94;20;11308387291;B
20241017;103007;54.94;10;11308387308;B
20241017;103007;54.94;10;11308387320;B
20241017;103007;54.94;20;11308387336;B
20241017;103007;54.94;20;11308387391;B
20241017;103007;54.94;950;11308387457;B
20241017;103007;54.94;20;11308387517;B
20241017;103008;54.94;20;11308387841;B
20241017;103008;54.94;90;11308387939;B
20241017;103009;54.94;20;11308388156;B
20241017;103009;54.94;10;11308388163;B
20241017;103009;54.94;20;11308388164;B
20241017;103009;54.93;2190;11308388178;S
20241017;103009;54.93;880;11308388179;S
20241017;103009;54.93;1300;11308388180;S
20241017;103010;54.94;50;11308388413;B
20241017;103012;54.94;150;11308388787;B
20241017;103013;54.93;80;11308388845;S
20241017;103013;54.94;100;11308388857;B
20241017;103014;54.93;10;11308389069;S
20241017;103014;54.94;90;11308389097;B
20241017;103014;54.94;100;11308389098;B
20241017;103014;54.94;30;11308389099;B
20241017;103014;54.94;280;11308389100;B
20241017;103014;54.94;60;11308389101;B
20241017;103014;54.94;190;11308389102;B
20241017;103014;54.94;280;11308389103;B
20241017;103014;54.94;240;11308389104;B
20241017;103014;54.94;230;11308389105;B
20241017;103014;54.94;750;11308389106;B
20241017;103016;54.94;20;11308389344;B
20241017;103016;54.94;200;11308389345;B
20241017;103016;54.94;80;11308389346;B
20241017;103016;54.94;220;11308389347;B
20241017;103016;54.95;10;11308389348;B
20241017;103016;54.95;20;11308389379;B
20241017;103016;54.95;10;11308389396;B
20241017;103018;54.95;10;11308389737;B
20241017;103019;54.95;200;11308389831;B
20241017;103023;54.94;500;11308390289;S
20241017;103025;54.94;1500;11308390550;B
20241017;103025;54.95;8500;11308390551;B
20241017;103028;54.93;40;11308390918;S
20241017;103029;54.95;9210;11308391137;B
20241017;103029;54.95;3040;11308391138;B
20241017;103033;54.94;10;11308391663;S
20241017;103033;54.95;70;11308391664;B
20241017;103033;54.95;760;11308391723;B
20241017;103034;54.95;240;11308391863;B
20241017;103034;54.95;10;11308392039;B
20241017;103035;54.95;150;11308392152;B
20241017;103039;54.95;10;11308392558;B
20241017;103039;54.95;100;11308392560;B
20241017;103039;54.94;10;11308392585;S
20241017;103040;54.95;100;11308392822;B
20241017;103043;54.94;30;11308393143;S
20241017;103043;54.94;70;11308393144;S
20241017;103043;54.94;480;11308393208;S
20241017;103043;54.94;2900;11308393209;S
20241017;103043;54.94;20;11308393210;S
20241017;103043;54.94;250;11308393211;S
20241017;103043;54.94;250;11308393212;S
20241017;103043;54.93;2210;11308393213;S
20241017;103043;54.93;200;11308393214;S
20241017;103043;54.93;10;11308393215;S
20241017;103043;54.93;1420;11308393216;S
20241017;103045;54.95;60;11308393466;B
20241017;103051;54.94;40;11308394084;S
20241017;103052;54.95;20;11308394210;B
20241017;103058;54.95;1900;11308394833;B
20241017;103058;54.95;40;11308394854;B
20241017;103058;54.95;30;11308394884;B
20241017;103102;54.95;200;11308395315;B
20241017;103104;54.94;40;11308395582;S
20241017;103104;54.94;20;11308395583;S
20241017;103106;54.95;10;11308395739;B
20241017;103108;54.95;10;11308395965;B
20241017;103108;54.95;20;11308395967;B
20241017;103116;54.94;10;11308397106;S
20241017;103119;54.95;10;11308397409;B
20241017;103124;54.95;200;11308398032;B
20241017;103126;54.95;10;11308398225;B
20241017;103130;54.94;190;11308398683;S
20241017;103130;54.94;3640;11308398684;S
20241017;103130;54.94;20;11308398685;S
20241017;103130;54.94;880;11308398686;S
20241017;103130;54.94;270;11308398687;S
20241017;103132;54.95;20;11308398898;B
20241017;103134;54.95;10;11308399220;B
20241017;103134;54.95;30;11308399324;B
20241017;103135;54.95;90;11308399377;B
20241017;103139;54.94;30;11308399894;S
20241017;103140;54.95;2000;11308400000;B
20241017;103142;54.94;20;11308400247;S
20241017;103143;54.94;10;11308400354;S
20241017;103144;54.95;50;11308400492;B
20241017;103148;54.94;10;11308400873;B
20241017;103148;54.94;190;11308400874;B
20241017;103152;54.94;40;11308401496;B
20241017;103200;54.93;20;11308402455;S
20241017;103206;54.93;60;11308403362;S
20241017;103211;54.93;180;11308404011;S
20241017;103211;54.93;20;11308404012;S
20241017;103212;54.93;560;11308404117;B
20241017;103213;54.93;10;11308404228;B
20241017;103214;54.92;100;11308404304;S
20241017;103215;54.93;150;11308404406;B
20241017;103216;54.93;100;11308404545;B
20241017;103216;54.93;10;11308404559;S
20241017;103217;54.94;160;11308404666;B
20241017;103221;54.94;10;11308405042;B
20241017;103226;54.94;10;11308405570;B
20241017;103226;54.93;50;11308405602;S
20241017;103229;54.94;10;11308405857;B
20241017;103237;54.94;540;11308406679;B
20241017;103240;54.94;10;11308407117;B
20241017;103248;54.94;10;11308407852;B
20241017;103249;54.94;50;11308407952;B
20241017;103250;54.94;10;11308408015;B
20241017;103258;54.94;150;11308408731;B
20241017;103300;54.94;270;11308409005;B
20241017;103301;54.93;900;11308409180;S
20241017;103303;54.94;100;11308409411;B
20241017;103304;54.93;10;11308409495;S
20241017;103305;54.93;1840;11308409649;S
20241017;103310;54.93;10;11308410215;S
20241017;103310;54.93;10;11308410216;S
20241017;103312;54.93;370;11308410397;S
20241017;103316;54.94;20;11308410909;B
20241017;103317;54.93;10;11308411047;S
20241017;103329;54.94;40;11308412333;B
20241017;103329;54.93;10;11308412361;S
20241017;103330;54.93;20;11308412431;S
20241017;103330;54.93;30;11308412440;S
20241017;103331;54.94;160;11308412613;B
20241017;103331;54.94;790;11308412695;B
20241017;103333;54.93;5040;11308413020;S
20241017;103333;54.93;10;11308413021;S
20241017;103333;54.93;14730;11308413022;S
20241017;103333;54.94;200;11308413065;B
20241017;103334;54.94;20;11308413234;B
20241017;103339;54.94;230;11308413840;B
20241017;103340;54.93;200;11308414143;S
20241017;103343;54.94;100;11308414381;B
20241017;103343;54.94;10;11308414441;B
20241017;103344;54.93;70;11308414576;S
20241017;103345;54.94;10;11308414744;B
20241017;103346;54.94;140;11308414961;B
20241017;103346;54.94;300;11308414962;B
20241017;103347;54.94;10;11308415062;B
20241017;103349;54.94;2910;11308415374;B
20241017;103349;54.94;90;11308415375;B
20241017;103349;54.94;170;11308415456;B
20241017;103349;54.94;240;11308415467;B
20241017;103349;54.94;110;11308415468;B
20241017;103351;54.94;630;11308415791;B
20241017;103351;54.94;370;11308415792;B
20241017;103352;54.93;360;11308415860;S
20241017;103355;54.94;300;11308416347;B
20241017;103359;54.94;30;11308416782;B
20241017;103403;54.94;600;11308417197;B
20241017;103404;54.93;450;11308417317;S
20241017;103404;54.94;20;11308417376;B
20241017;103406;54.93;4010;11308417674;S
20241017;103406;54.93;880;11308417675;S
20241017;103406;54.93;500;11308417676;S
20241017;103406;54.93;500;11308417677;S
20241017;103406;54.93;500;11308417678;S
20241017;103406;54.93;500;11308417679;S
20241017;103406;54.93;10;11308417680;S
20241017;103406;54.93;190;11308417681;S
20241017;103406;54.93;5720;11308417682;S
20241017;103406;54.93;1100;11308417683;S
20241017;103406;54.92;2240;11308417684;S
20241017;103406;54.92;910;11308417685;S
20241017;103406;54.92;3960;11308417686;S
20241017;103406;54.92;4200;11308417687;S
20241017;103406;54.92;1000;11308417688;S
20241017;103406;54.92;30;11308417689;S
20241017;103406;54.92;20;11308417690;S
20241017;103406;54.92;500;11308417691;S
20241017;103406;54.92;500;11308417692;S
20241017;103406;54.92;500;11308417693;S
20241017;103406;54.92;500;11308417694;S
20241017;103406;54.92;80;11308417695;S
20241017;103406;54.92;5720;11308417696;S
20241017;103406;54.92;1000;11308417697;S
20241017;103406;54.91;10;11308417698;S
20241017;103406;54.91;20;11308417699;S
20241017;103406;54.91;10;11308417700;S
20241017;103406;54.91;10;11308417701;S
20241017;103406;54.91;10;11308417702;S
20241017;103406;54.91;20;11308417703;S
20241017;103406;54.91;10;11308417704;S
20241017;103406;54.91;10;11308417705;S
20241017;103406;54.91;10;11308417706;S
20241017;103406;54.91;10;11308417707;S
20241017;103406;54.91;30;11308417708;S
20241017;103406;54.91;10;11308417709;S
20241017;103406;54.91;10;11308417710;S
20241017;103406;54.91;10;11308417711;S
20241017;103406;54.91;10;11308417712;S
20241017;103406;54.91;20;11308417713;S
20241017;103406;54.91;10;11308417714;S
20241017;103406;54.91;10;11308417715;S
20241017;103406;54.91;20;11308417716;S
20241017;103406;54.91;10;11308417717;S
20241017;103406;54.91;20;11308417718;S
20241017;103406;54.91;150;11308417719;S
20241017;103406;54.91;10;11308417720;S
20241017;103406;54.91;10;11308417721;S
20241017;103406;54.91;10;11308417722;S
20241017;103406;54.91;70;11308417723;S
20241017;103406;54.91;10;11308417724;S
20241017;103406;54.91;20;11308417725;S
20241017;103406;54.91;10;11308417726;S
20241017;103406;54.91;10;11308417727;S
20241017;103406;54.91;50;11308417728;S
20241017;103406;54.91;70;11308417729;S
20241017;103406;54.91;30;11308417730;S
20241017;103406;54.91;10;11308417731;S
20241017;103406;54.91;10;11308417732;S
20241017;103406;54.91;10;11308417733;S
20241017;103406;54.91;10;11308417734;S
20241017;103406;54.91;10;11308417735;S
20241017;103406;54.91;30;11308417736;S
20241017;103406;54.91;20;11308417737;S
20241017;103406;54.91;20;11308417738;S
20241017;103406;54.91;10;11308417739;S
20241017;103406;54.91;10;11308417740;S
20241017;103406;54.91;10;11308417741;S
20241017;103406;54.91;70;11308417742;S
20241017;103406;54.91;20;11308417743;S
20241017;103406;54.91;10;11308417744;S
20241017;103406;54.91;20;11308417745;S
20241017;103406;54.91;10;11308417746;S
20241017;103406;54.91;20;11308417747;S
20241017;103406;54.91;10;11308417748;S
20241017;103406;54.91;70;11308417749;S
20241017;103406;54.91;10;11308417750;S
20241017;103406;54.91;10;11308417751;S
20241017;103406;54.91;20;11308417752;S
20241017;103406;54.91;30;11308417753;S
20241017;103406;54.91;10;11308417754;S
20241017;103406;54.91;20;11308417755;S
20241017;103406;54.91;10;11308417756;S
20241017;103406;54.91;40;11308417757;S
20241017;103406;54.91;60;11308417758;S
20241017;103406;54.91;830;11308417759;S
20241017;103406;54.91;10;11308417760;S
20241017;103406;54.91;10;11308417761;S
20241017;103406;54.91;70;11308417762;S
20241017;103406;54.91;40;11308417763;S
20241017;103406;54.91;10;11308417764;S
20241017;103406;54.91;10;11308417765;S
20241017;103406;54.91;20;11308417766;S
20241017;103406;54.91;10;11308417767;S
20241017;103406;54.91;10;11308417768;S
20241017;103406;54.91;20;11308417769;S
20241017;103406;54.91;10;11308417770;S
20241017;103406;54.91;20;11308417771;S
20241017;103406;54.91;10;11308417772;S
20241017;103406;54.91;10;11308417773;S
20241017;103406;54.91;10;11308417774;S
20241017;103406;54.91;30;11308417775;S
20241017;103406;54.91;200;11308417776;S
20241017;103406;54.91;350;11308417777;S
20241017;103406;54.91;2000;11308417778;S
20241017;103406;54.91;30;11308417779;S
20241017;103406;54.91;40;11308417780;S
20241017;103406;54.91;10;11308417781;S
20241017;103406;54.91;20;11308417782;S
20241017;103406;54.91;10;11308417783;S
20241017;103406;54.91;10;11308417784;S
20241017;103406;54.91;10;11308417785;S
20241017;103406;54.91;10;11308417786;S
20241017;103406;54.91;30;11308417787;S
20241017;103406;54.91;10;11308417788;S
20241017;103406;54.91;40;11308417789;S
20241017;103406;54.91;10;11308417790;S
20241017;103406;54.91;10;11308417791;S
20241017;103406;54.91;10;11308417792;S
20241017;103406;54.91;10;11308417793;S
20241017;103406;54.91;5000;11308417794;S
20241017;103406;54.91;10;11308417795;S
20241017;103406;54.91;10;11308417796;S
20241017;103406;54.91;10;11308417797;S
20241017;103406;54.91;10;11308417798;S
20241017;103406;54.9;10;11308417799;S
20241017;103406;54.9;970;11308417800;S
20241017;103406;54.9;6000;11308417801;S
20241017;103406;54.9;100;11308417802;S
20241017;103406;54.9;10;11308417803;S
20241017;103406;54.9;30;11308417804;S
20241017;103406;54.9;930;11308417805;B
20241017;103406;54.94;10;11308417821;B
20241017;103406;54.92;10;11308417822;S
20241017;103412;54.94;1000;11308418401;B
20241017;103416;54.94;10;11308418795;B
20241017;103422;54.94;50;11308419532;B
20241017;103423;54.94;610;11308419853;B
20241017;103423;54.94;20;11308419854;B
20241017;103423;54.94;20;11308419855;B
20241017;103423;54.94;20;11308419856;B
20241017;103423;54.94;10;11308419857;B
20241017;103424;54.95;450;11308420003;B
20241017;103424;54.95;180;11308420004;B
20241017;103424;54.95;40;11308420005;B
20241017;103425;54.94;150;11308420122;S
20241017;103425;54.94;5090;11308420123;S
20241017;103425;54.94;880;11308420124;S
20241017;103425;54.94;1470;11308420125;S
20241017;103425;54.93;2100;11308420126;S
20241017;103425;54.92;1000;11308420127;S
20241017;103425;54.92;4000;11308420128;S
20241017;103425;54.91;3640;11308420129;S
20241017;103425;54.91;10;11308420130;S
20241017;103425;54.91;20;11308420131;S
20241017;103425;54.91;10;11308420132;S
20241017;103425;54.91;10;11308420133;S
20241017;103425;54.91;10;11308420134;S
20241017;103425;54.91;20;11308420135;S
20241017;103425;54.91;150;11308420136;S
20241017;103425;54.91;10;11308420137;S
20241017;103425;54.91;10;11308420138;S
20241017;103425;54.91;10;11308420139;S
20241017;103425;54.91;10;11308420140;S
20241017;103425;54.91;10;11308420141;S
20241017;103425;54.91;10;11308420142;S
20241017;103425;54.91;10;11308420143;S
20241017;103425;54.91;30;11308420144;S
20241017;103425;54.91;20;11308420145;S
20241017;103425;54.91;10;11308420146;S
20241017;103425;54.91;10;11308420147;S
20241017;103425;54.91;20;11308420148;S
20241017;103425;54.91;10;11308420149;S
20241017;103425;54.91;10;11308420150;S
20241017;103425;54.91;10;11308420151;S
20241017;103425;54.91;30;11308420152;S
20241017;103425;54.91;20;11308420153;S
20241017;103425;54.91;10;11308420154;S
20241017;103425;54.91;10;11308420155;S
20241017;103425;54.91;10;11308420156;S
20241017;103425;54.91;20;11308420157;S
20241017;103425;54.91;60;11308420158;S
20241017;103425;54.91;20;11308420159;S
20241017;103425;54.91;20;11308420160;S
20241017;103425;54.91;20;11308420161;S
20241017;103425;54.91;10;11308420162;S
20241017;103425;54.91;70;11308420163;S
20241017;103425;54.91;10;11308420164;S
20241017;103425;54.91;40;11308420165;S
20241017;103425;54.91;10;11308420166;S
20241017;103425;54.91;10;11308420167;S
20241017;103425;54.91;10;11308420168;S
20241017;103425;54.91;10;11308420169;S
20241017;103425;54.91;10;11308420170;S
20241017;103425;54.91;30;11308420171;S
20241017;103425;54.91;10;11308420172;S
20241017;103425;54.91;10;11308420173;S
20241017;103425;54.91;10;11308420174;S
20241017;103425;54.91;10;11308420175;S
20241017;103425;54.91;10;11308420176;S
20241017;103425;54.91;30;11308420177;S
20241017;103425;54.91;10;11308420178;S
20241017;103425;54.91;50;11308420179;S
20241017;103425;54.91;10;11308420180;S
20241017;103425;54.91;30;11308420181;S
20241017;103425;54.91;10;11308420182;S
20241017;103425;54.91;10;11308420183;S
20241017;103425;54.91;10;11308420184;S
20241017;103425;54.91;40;11308420185;S
20241017;103425;54.91;30;11308420186;S
20241017;103425;54.91;10;11308420187;S
20241017;103425;54.91;70;11308420188;S
20241017;103425;54.91;10;11308420189;S
20241017;103425;54.91;350;11308420190;S
20241017;103425;54.91;200;11308420191;S
20241017;103425;54.91;10;11308420192;S
20241017;103425;54.91;30;11308420193;S
20241017;103425;54.91;70;11308420194;S
20241017;103425;54.91;10;11308420195;S
20241017;103425;54.91;40;11308420196;S
20241017;103425;54.91;10;11308420197;S
20241017;103425;54.91;20;11308420198;S
20241017;103425;54.91;20;11308420199;S
20241017;103425;54.91;10;11308420200;S
20241017;103425;54.91;70;11308420201;S
20241017;103425;54.91;20;11308420202;S
20241017;103425;54.91;10;11308420203;S
20241017;103425;54.91;70;11308420204;S
20241017;103425;54.91;10;11308420205;S
20241017;103425;54.91;20;11308420206;S
20241017;103425;54.91;10;11308420207;S
20241017;103425;54.91;20;11308420208;S
20241017;103425;54.91;10;11308420209;S
20241017;103425;54.91;10;11308420210;S
20241017;103425;54.91;40;11308420211;S
20241017;103425;54.91;10;11308420212;S
20241017;103425;54.91;10;11308420213;S
20241017;103425;54.91;10;11308420214;S
20241017;103425;54.91;10;11308420215;S
20241017;103425;54.91;10;11308420216;S
20241017;103425;54.91;10;11308420217;S
20241017;103425;54.91;10;11308420218;S
20241017;103425;54.91;20;11308420219;S
20241017;103425;54.91;10;11308420220;S
20241017;103425;54.91;10;11308420221;S
20241017;103425;54.91;10;11308420222;S
20241017;103425;54.91;20;11308420223;S
20241017;103425;54.91;10;11308420224;S
20241017;103425;54.91;20;11308420225;S
20241017;103425;54.91;260;11308420226;S
20241017;103425;54.91;20;11308420227;S
20241017;103425;54.91;60;11308420228;S
20241017;103425;54.91;10;11308420229;S
20241017;103425;54.91;20;11308420230;S
20241017;103425;54.91;10;11308420231;S
20241017;103425;54.91;20;11308420232;S
20241017;103425;54.91;150;11308420233;S
20241017;103425;54.91;10;11308420234;S
20241017;103425;54.91;10;11308420235;S
20241017;103425;54.91;10;11308420236;S
20241017;103425;54.91;30;11308420237;S
20241017;103425;54.91;10;11308420238;S
20241017;103425;54.91;10;11308420239;S
20241017;103425;54.91;10;11308420240;S
20241017;103425;54.91;10;11308420241;S
20241017;103425;54.91;10;11308420242;S
20241017;103425;54.91;10;11308420243;S
20241017;103425;54.91;10;11308420244;S
20241017;103425;54.91;20;11308420245;S
20241017;103425;54.91;10;11308420246;S
20241017;103425;54.91;20;11308420247;S
20241017;103425;54.91;50;11308420248;S
20241017;103425;54.91;40;11308420249;S
20241017;103425;54.91;10;11308420250;S
20241017;103425;54.91;10;11308420251;S
20241017;103425;54.91;10;11308420252;S
20241017;103425;54.91;10;11308420253;S
20241017;103425;54.91;10;11308420254;S
20241017;103425;54.91;40;11308420255;S
20241017;103425;54.91;40;11308420256;S
20241017;103425;54.91;20;11308420257;S
20241017;103425;54.91;10;11308420258;S
20241017;103425;54.91;30;11308420259;S
20241017;103425;54.91;10;11308420260;S
20241017;103425;54.91;10;11308420261;S
20241017;103425;54.91;10;11308420262;S
20241017;103425;54.91;2190;11308420263;S
20241017;103425;54.91;20;11308420264;S
20241017;103425;54.91;20;11308420265;S
20241017;103425;54.91;10;11308420266;S
20241017;103425;54.91;10;11308420267;S
20241017;103425;54.91;20;11308420268;S
20241017;103425;54.91;30;11308420269;S
20241017;103425;54.91;20;11308420270;S
20241017;103425;54.91;30;11308420271;S
20241017;103425;54.9;260;11308420272;S
20241017;103428;54.95;10;11308420742;B
20241017;103433;54.95;140;11308421493;B
20241017;103433;54.95;30;11308421494;B
20241017;103433;54.95;60;11308421495;B
20241017;103433;54.95;50;11308421496;B
20241017;103433;54.95;500;11308421497;B
20241017;103433;54.95;220;11308421498;B
20241017;103434;54.95;250;11308421665;B
20241017;103435;54.95;530;11308421947;B
20241017;103435;54.95;50;11308421948;B
20241017;103436;54.96;570;11308422049;B
20241017;103436;54.97;30;11308422061;B
20241017;103436;54.97;10;11308422062;B
20241017;103436;54.97;40;11308422067;B
20241017;103436;54.98;10;11308422068;B
20241017;103438;54.98;10;11308422520;S
20241017;103440;54.98;490;11308422752;S
20241017;103440;54.97;2360;11308422753;S
20241017;103440;54.97;120;11308422754;S
20241017;103440;54.97;100;11308422755;S
20241017;103440;54.96;2190;11308422756;S
20241017;103440;54.96;3640;11308422757;S
20241017;103440;54.96;880;11308422758;S
20241017;103440;54.95;5700;11308422759;S
20241017;103440;54.95;5090;11308422760;S
20241017;103440;54.95;1000;11308422761;S
20241017;103440;54.93;400;11308422762;S
20241017;103440;54.93;500;11308422763;S
20241017;103440;54.92;3500;11308422764;S
20241017;103440;54.92;5800;11308422765;S
20241017;103440;54.92;1400;11308422766;S
20241017;103443;54.98;20;11308423311;B
20241017;103448;54.98;10;11308424073;B
20241017;103450;54.98;30;11308424376;B
20241017;103452;54.93;10;11308424965;B
20241017;103453;54.92;100;11308425110;S
20241017;103453;54.92;10;11308425162;S
20241017;103457;54.93;30;11308425801;B
20241017;103457;54.93;20;11308425817;B
20241017;103457;54.94;10;11308425818;B
20241017;103457;54.94;10;11308425819;B
20241017;103502;54.94;10;11308426740;B
20241017;103512;54.93;30;11308428400;B
20241017;103512;54.94;10;11308428417;B
20241017;103512;54.94;10;11308428418;B
20241017;103512;54.94;80;11308428419;B
20241017;103519;54.93;10;11308429485;B
20241017;103520;54.94;10;11308429512;B
20241017;103521;54.94;50;11308429793;B
20241017;103528;54.94;10;11308430709;B
20241017;103532;54.94;70;11308431369;B
20241017;103532;54.94;900;11308431370;B
20241017;103532;54.94;90;11308431371;B
20241017;103532;54.94;200;11308431372;B
20241017;103532;54.94;20;11308431373;B
20241017;103532;54.94;280;11308431374;B
20241017;103532;54.94;60;11308431375;B
20241017;103532;54.94;180;11308431376;B
20241017;103532;54.94;280;11308431377;B
20241017;103532;54.94;230;11308431378;B
20241017;103532;54.94;10;11308431379;B
20241017;103532;54.94;10;11308431380;B
20241017;103532;54.94;710;11308431381;B
20241017;103532;54.94;60;11308431382;B
20241017;103532;54.94;10;11308431386;S
20241017;103532;54.94;10;11308431390;S
20241017;103532;54.94;10;11308431392;S
20241017;103532;54.94;1000;11308431428;S
20241017;103533;54.94;10;11308431503;S
20241017;103541;54.96;20;11308432336;B
20241017;103545;54.94;100;11308432636;S
20241017;103545;54.96;30;11308432766;B
20241017;103557;54.95;410;11308435415;B
20241017;103557;54.95;880;11308435416;B
20241017;103559;54.96;10;11308435707;B
20241017;103600;54.95;10;11308435975;S
20241017;103602;54.95;590;11308436346;S
20241017;103602;54.94;410;11308436347;S
20241017;103604;54.95;100;11308437227;B
20241017;103604;54.95;10;11308437235;B
20241017;103608;54.95;10;11308437865;B
20241017;103609;54.95;10;11308438016;B
20241017;103611;54.95;10;11308438392;B
20241017;103611;54.94;350;11308438419;S
20241017;103611;54.94;20;11308438420;S
20241017;103611;54.94;1500;11308438421;S
20241017;103611;54.94;10;11308438422;S
20241017;103614;54.93;50;11308438720;B
20241017;103615;54.93;500;11308438862;B
20241017;103617;54.93;500;11308439439;B
20241017;103617;54.93;430;11308439440;B
20241017;103617;54.94;320;11308439441;B
20241017;103617;54.95;880;11308439442;B
20241017;103617;54.95;10;11308439443;B
20241017;103617;54.95;1000;11308439444;B
20241017;103617;54.95;120;11308439455;S
20241017;103617;54.95;250;11308439457;S
20241017;103620;54.96;10;11308439863;B
20241017;103627;54.95;10;11308440612;S
20241017;103627;54.96;50;11308440662;B
20241017;103629;54.96;20;11308440943;B
20241017;103629;54.96;80;11308440944;B
20241017;103630;54.96;70;11308441018;B
20241017;103631;54.96;10;11308441219;B
20241017;103633;54.96;390;11308441490;B
