<DATE>;<TIME>;<LAST>;<VOL>;<ID>;<OPER>
20241023;095945;50.68;10;11328175158;S
20241023;095945;50.68;10;11328175159;S
20241023;095945;50.68;10;11328175160;S
20241023;095945;50.68;10;11328175161;S
20241023;095945;50.68;10;11328175162;S
20241023;095945;50.68;10;11328175163;S
20241023;095945;50.68;10;11328175164;S
20241023;095945;50.68;350;11328175165;S
20241023;095945;50.68;10;11328175166;B
20241023;095945;50.68;10;11328175167;B
20241023;095945;50.68;10;11328175168;B
20241023;095945;50.68;10;11328175169;B
20241023;095945;50.68;10;11328175170;B
20241023;095945;50.68;490;11328175171;B
20241023;095945;50.68;50;11328175172;B
20241023;095945;50.68;10;11328175173;B
20241023;095945;50.68;940;11328175174;B
20241023;095945;50.68;3040;11328175175;B
20241023;095945;50.68;20;11328175176;S
20241023;095945;50.68;20;11328175177;B
20241023;095945;50.68;10;11328175178;B
20241023;095945;50.68;10;11328175179;B
20241023;095945;50.68;950;11328175180;B
20241023;095945;50.68;40;11328175181;S
20241023;095945;50.68;30;11328175182;S
20241023;095945;50.68;20;11328175183;S
20241023;095945;50.68;10;11328175184;S
20241023;095945;50.68;20;11328175185;S
20241023;095945;50.68;10;11328175186;S
20241023;095945;50.68;20;11328175187;S
20241023;095945;50.68;10;11328175188;S
20241023;095945;50.68;10;11328175189;S
20241023;095945;50.68;20;11328175190;S
20241023;095945;50.68;10;11328175191;S
20241023;095945;50.68;10;11328175192;S
20241023;095945;50.68;10;11328175193;S
20241023;095945;50.68;30;11328175194;S
20241023;095945;50.68;10;11328175195;B
20241023;095945;50.68;10;11328175196;B
20241023;095945;50.68;20;11328175197;B
20241023;095945;50.68;10;11328175198;B
20241023;095945;50.68;9000;11328175199;B
20241023;095945;50.68;70;11328175200;S
20241023;095945;50.68;10;11328175201;S
20241023;095945;50.68;10;11328175202;S
20241023;095945;50.68;20;11328175203;S
20241023;095945;50.68;50;11328175204;S
20241023;095945;50.68;10;11328175205;S
20241023;095945;50.68;50;11328175206;B
20241023;095945;50.68;50;11328175207;B
20241023;095945;50.68;50;11328175208;B
20241023;095945;50.68;60;11328175209;B
20241023;095945;50.68;6270;11328175210;S
20241023;095945;50.68;1000;11328175211;S
20241023;095945;50.68;20;11328175212;S
20241023;095945;50.68;100;11328175213;S
20241023;100000;50.68;1880;11328177234;S
20241023;100001;50.68;500;11328177907;S
20241023;100002;50.68;1200;11328178285;S
20241023;100002;50.68;1200;11328178289;S
20241023;100003;50.68;2230;11328178730;S
20241023;100003;50.68;100;11328178731;S
20241023;100003;50.68;60;11328178732;S
20241023;100003;50.68;10;11328179560;S
20241023;100003;50.68;150;11328179578;S
20241023;100004;50.68;10;11328180090;S
20241023;100004;50.69;10;11328180091;B
20241023;100004;50.69;50;11328180224;B
20241023;100004;50.69;10;11328180239;B
20241023;100004;50.68;10;11328180241;S
20241023;100004;50.69;10;11328180243;B
20241023;100004;50.68;10;11328180244;S
20241023;100004;50.69;10;11328180858;B
20241023;100004;50.69;10;11328180861;B
20241023;100004;50.69;40;11328181086;B
20241023;100004;50.69;70;11328181089;B
20241023;100004;50.69;10;11328181137;B
20241023;100004;50.68;200;11328181142;S
20241023;100004;50.69;10;11328181153;B
20241023;100004;50.68;20;11328181156;S
20241023;100004;50.69;20;11328181166;B
20241023;100004;50.68;10;11328181173;S
20241023;100004;50.69;400;11328181547;B
20241023;100004;50.69;70;11328181606;B
20241023;100004;50.68;50;11328181610;S
20241023;100004;50.68;10;11328181615;S
20241023;100004;50.69;10;11328181625;B
20241023;100004;50.69;10;11328181635;B
20241023;100004;50.68;20;11328181640;S
20241023;100004;50.68;10;11328181642;S
20241023;100004;50.68;460;11328182045;S
20241023;100004;50.69;10;11328182053;B
20241023;100004;50.68;20;11328182054;S
20241023;100004;50.68;10;11328182063;S
20241023;100004;50.68;20;11328182065;S
20241023;100005;50.68;10;11328182294;S
20241023;100005;50.68;10;11328182302;S
20241023;100005;50.68;10;11328182592;S
20241023;100005;50.69;20;11328182593;B
20241023;100005;50.69;10;11328182595;B
20241023;100005;50.69;30;11328182596;B
20241023;100005;50.68;10;11328182597;S
20241023;100005;50.68;40;11328182598;S
20241023;100005;50.68;10;11328182757;S
20241023;100005;50.69;140;11328182759;B
20241023;100005;50.69;160;11328182760;B
20241023;100005;50.69;10;11328182762;B
20241023;100005;50.68;10;11328182765;S
20241023;100005;50.68;2180;11328182770;S
20241023;100005;50.68;10;11328182771;S
20241023;100005;50.68;1000;11328182772;S
20241023;100005;50.68;4810;11328182773;S
20241023;100005;50.68;10;11328182874;S
20241023;100005;50.68;30;11328182876;S
20241023;100005;50.68;10;11328182877;S
20241023;100005;50.69;10;11328183300;B
20241023;100005;50.69;10;11328183301;B
20241023;100005;50.68;20;11328183302;S
20241023;100005;50.69;10;11328183452;B
20241023;100005;50.69;30;11328183453;B
20241023;100005;50.7;30;11328183454;B
20241023;100005;50.68;10;11328183455;S
20241023;100005;50.69;1000;11328183459;B
20241023;100006;50.7;10;11328183736;B
20241023;100006;50.68;30;11328183737;S
20241023;100006;50.68;10;11328183743;S
20241023;100006;50.68;150;11328183949;S
20241023;100006;50.68;20;11328184045;S
20241023;100006;50.7;30;11328184115;B
20241023;100006;50.7;10;11328184350;B
20241023;100006;50.7;40;11328184351;B
20241023;100006;50.7;20;11328184455;B
20241023;100006;50.7;10;11328184456;B
20241023;100007;50.7;850;11328185460;B
20241023;100007;50.7;1150;11328185461;B
20241023;100009;50.7;10;11328185846;B
20241023;100010;50.7;20;11328185883;B
20241023;100010;50.7;30;11328186007;B
20241023;100010;50.7;390;11328186013;B
20241023;100010;50.68;300;11328186037;S
20241023;100010;50.68;150;11328186056;S
20241023;100010;50.68;10;11328186058;S
20241023;100010;50.68;670;11328186059;S
20241023;100010;50.7;10;11328186060;B
20241023;100010;50.7;380;11328186081;B
20241023;100011;50.69;20;11328186330;B
20241023;100018;50.69;200;11328187498;B
20241023;100021;50.67;400;11328188245;S
20241023;100021;50.69;50;11328188246;B
20241023;100021;50.7;150;11328188247;B
20241023;100022;50.67;2000;11328188464;S
20241023;100024;50.7;410;11328188820;B
20241023;100024;50.7;140;11328189025;B
20241023;100025;50.67;10;11328189043;S
20241023;100027;50.67;1120;11328189700;S
20241023;100029;50.67;3570;11328190171;S
20241023;100029;50.66;10;11328190172;S
20241023;100029;50.66;10;11328190173;S
20241023;100029;50.66;2800;11328190174;S
20241023;100029;50.65;20;11328190175;S
20241023;100029;50.65;60;11328190176;S
20241023;100029;50.65;10;11328190177;S
20241023;100029;50.65;80;11328190178;S
20241023;100029;50.65;10;11328190179;S
20241023;100029;50.65;100;11328190180;S
20241023;100029;50.65;10;11328190181;S
20241023;100029;50.65;880;11328190182;S
20241023;100029;50.63;20;11328190183;S
20241023;100029;50.63;100;11328190184;S
20241023;100029;50.63;500;11328190185;S
20241023;100029;50.62;500;11328190186;S
20241023;100029;50.62;5000;11328190187;S
20241023;100029;50.62;100;11328190188;S
20241023;100029;50.62;600;11328190189;S
20241023;100029;50.61;500;11328190190;S
20241023;100029;50.61;100;11328190191;S
20241023;100029;50.61;160;11328190192;S
20241023;100029;50.6;10;11328190193;S
20241023;100029;50.6;10;11328190194;S
20241023;100029;50.6;10;11328190195;S
20241023;100029;50.6;10;11328190196;S
20241023;100029;50.6;20;11328190197;S
20241023;100029;50.6;1000;11328190198;S
20241023;100029;50.6;50;11328190199;S
20241023;100029;50.6;100;11328190200;S
20241023;100029;50.6;10;11328190201;S
20241023;100029;50.6;50;11328190202;S
20241023;100029;50.6;100;11328190203;S
20241023;100029;50.6;810;11328190204;S
20241023;100029;50.6;3550;11328190205;S
20241023;100029;50.59;100;11328190206;S
20241023;100029;50.59;4000;11328190207;S
20241023;100029;50.58;10;11328190208;S
20241023;100029;50.58;2020;11328190209;S
20241023;100029;50.66;10;11328190264;B
20241023;100030;50.66;20;11328190586;B
20241023;100030;50.66;10;11328190587;B
20241023;100030;50.64;30;11328190843;S
20241023;100030;50.64;7070;11328190930;S
20241023;100030;50.63;820;11328190931;S
20241023;100031;50.66;10;11328191239;B
20241023;100035;50.66;60;11328192442;B
20241023;100035;50.66;880;11328192443;B
20241023;100035;50.66;3940;11328192444;B
20241023;100036;50.67;500;11328192552;B
20241023;100036;50.66;60;11328192701;S
20241023;100038;50.66;1680;11328193219;S
20241023;100039;50.63;250;11328193555;S
20241023;100040;50.66;10;11328193760;S
20241023;100040;50.63;100;11328193761;S
20241023;100042;50.63;5000;11328193993;S
20241023;100042;50.67;880;11328194026;B
20241023;100042;50.67;1090;11328194027;B
20241023;100042;50.61;200;11328194084;S
20241023;100043;50.66;880;11328194264;B
20241023;100043;50.67;620;11328194265;B
20241023;100043;50.61;1000;11328194282;S
20241023;100047;50.68;10;11328195562;B
20241023;100047;50.68;20;11328195563;B
20241023;100051;50.63;300;11328196413;S
20241023;100052;50.68;390;11328196576;B
20241023;100052;50.64;790;11328196578;S
20241023;100052;50.63;1310;11328196579;S
20241023;100052;50.63;310;11328196580;S
20241023;100054;50.64;1610;11328196956;S
20241023;100054;50.64;790;11328196957;S
20241023;100054;50.64;880;11328196958;S
20241023;100054;50.63;2720;11328196959;S
20241023;100057;50.68;10;11328197598;S
20241023;100057;50.65;660;11328197599;S
20241023;100057;50.64;5210;11328197600;S
20241023;100057;50.67;100;11328197641;B
20241023;100059;50.67;10;11328198046;B
20241023;100100;50.63;500;11328198233;S
20241023;100102;50.63;2680;11328198703;S
20241023;100103;50.63;100;11328198788;S
20241023;100103;50.63;3820;11328199159;S
20241023;100103;50.63;630;11328199160;S
20241023;100103;50.62;2800;11328199161;S
20241023;100103;50.62;630;11328199162;S
20241023;100103;50.62;160;11328199163;S
20241023;100103;50.61;880;11328199164;S
20241023;100103;50.6;200;11328199165;S
20241023;100103;50.6;2000;11328199166;S
20241023;100103;50.59;10;11328199167;S
20241023;100103;50.59;5830;11328199168;S
20241023;100103;50.58;330;11328199169;S
20241023;100103;50.57;10;11328199170;S
20241023;100103;50.57;1800;11328199171;S
20241023;100103;50.56;100;11328199172;S
20241023;100104;50.6;560;11328199544;S
20241023;100104;50.6;160;11328199545;S
20241023;100104;50.6;720;11328199551;S
20241023;100104;50.58;720;11328199556;S
20241023;100104;50.58;720;11328199561;S
20241023;100104;50.58;720;11328199564;S
20241023;100104;50.58;720;11328199571;S
20241023;100104;50.58;720;11328199582;S
20241023;100104;50.58;720;11328199583;S
20241023;100104;50.58;720;11328199591;S
20241023;100104;50.58;720;11328199607;S
20241023;100104;50.58;720;11328199613;S
20241023;100104;50.58;630;11328199618;S
20241023;100104;50.58;90;11328199619;S
20241023;100104;50.58;1030;11328199659;S
20241023;100104;50.58;200;11328199660;S
20241023;100104;50.58;200;11328199661;S
20241023;100104;50.58;1070;11328199662;S
20241023;100108;50.59;10;11328200425;S
20241023;100108;50.59;1030;11328200426;S
20241023;100108;50.59;100;11328200514;S
20241023;100110;50.6;600;11328200775;S
20241023;100111;50.61;10;11328200930;S
20241023;100111;50.6;1010;11328200931;S
20241023;100111;50.59;60;11328200932;S
20241023;100111;50.58;920;11328200933;S
20241023;100114;50.59;1000;11328201381;S
20241023;100116;50.59;100;11328201658;S
20241023;100119;50.63;200;11328202032;B
20241023;100119;50.63;10;11328202033;B
20241023;100119;50.63;190;11328202120;B
20241023;100119;50.63;880;11328202121;B
20241023;100119;50.64;270;11328202122;B
20241023;100119;50.64;660;11328202123;B
20241023;100120;50.6;250;11328202298;S
20241023;100121;50.65;10;11328202535;B
20241023;100122;50.65;740;11328202634;B
20241023;100125;50.62;10;11328203118;S
20241023;100126;50.66;20;11328203383;B
20241023;100127;50.66;100;11328203443;B
20241023;100140;50.66;10;11328205556;B
20241023;100140;50.68;40;11328205557;B
20241023;100140;50.68;720;11328205702;B
20241023;100140;50.68;720;11328205703;B
20241023;100140;50.69;720;11328205704;B
20241023;100142;50.69;2000;11328206041;B
20241023;100143;50.66;720;11328206284;S
20241023;100143;50.66;330;11328206285;S
20241023;100143;50.65;80;11328206286;S
20241023;100143;50.65;880;11328206287;S
20241023;100143;50.63;20;11328206288;S
20241023;100143;50.62;460;11328206289;S
20241023;100143;50.62;80;11328206290;S
20241023;100143;50.61;3090;11328206291;S
20241023;100143;50.66;10;11328206400;B
20241023;100146;50.68;20;11328206841;B
20241023;100146;50.67;500;11328206901;B
20241023;100146;50.67;220;11328206902;B
20241023;100146;50.68;90;11328206924;B
20241023;100146;50.68;100;11328206998;B
20241023;100147;50.68;90;11328207148;B
20241023;100151;50.65;50;11328207964;S
20241023;100153;50.7;10;11328208327;B
20241023;100153;50.7;720;11328208393;B
20241023;100154;50.65;300;11328208559;S
20241023;100157;50.69;100;11328209383;B
20241023;100157;50.7;640;11328209384;B
20241023;100159;50.7;720;11328209565;B
20241023;100203;50.7;40;11328210335;B
20241023;100204;50.7;720;11328210449;B
20241023;100206;50.69;10;11328210863;B
20241023;100207;50.69;10;11328211090;B
20241023;100207;50.69;10;11328211102;B
20241023;100207;50.69;60;11328211160;B
20241023;100207;50.65;980;11328211176;S
20241023;100207;50.65;10;11328211177;S
20241023;100207;50.64;710;11328211178;S
20241023;100207;50.63;110;11328211179;S
20241023;100207;50.63;20;11328211180;S
20241023;100207;50.63;710;11328211181;S
20241023;100207;50.62;40;11328211182;S
20241023;100207;50.61;620;11328211183;S
20241023;100207;50.61;10;11328211184;S
20241023;100207;50.61;620;11328211185;S
20241023;100208;50.67;7100;11328211283;B
20241023;100208;50.67;900;11328211284;B
20241023;100209;50.66;200;11328211683;B
20241023;100209;50.66;720;11328211684;B
20241023;100209;50.66;10;11328211685;B
20241023;100210;50.66;70;11328211777;S
20241023;100213;50.63;100;11328212319;S
20241023;100213;50.63;200;11328212320;S
20241023;100213;50.62;20;11328212321;S
20241023;100213;50.62;750;11328212322;S
20241023;100213;50.61;430;11328212323;S
20241023;100213;50.66;730;11328212396;B
20241023;100223;50.66;10;11328214446;S
20241023;100225;50.66;10;11328214720;S
20241023;100230;50.68;60;11328215673;B
20241023;100230;50.69;720;11328215695;B
20241023;100233;50.67;20;11328216090;S
20241023;100233;50.69;10;11328216131;B
20241023;100233;50.69;720;11328216161;B
20241023;100235;50.67;10;11328216597;S
20241023;100238;50.68;220;11328217057;B
20241023;100238;50.69;180;11328217058;B
20241023;100239;50.67;10;11328217230;S
20241023;100239;50.67;460;11328217231;S
20241023;100239;50.66;130;11328217232;S
20241023;100242;50.69;220;11328217681;B
20241023;100242;50.69;720;11328217717;B
20241023;100243;50.69;500;11328217822;B
20241023;100243;50.69;410;11328217899;B
20241023;100247;50.69;20;11328218337;B
20241023;100247;50.69;720;11328218427;B
20241023;100247;50.69;60;11328218446;B
20241023;100249;50.69;1700;11328218630;B
20241023;100249;50.69;880;11328218631;B
20241023;100249;50.69;2000;11328218632;B
20241023;100249;50.7;4460;11328218633;B
20241023;100249;50.7;10;11328218634;B
20241023;100249;50.7;100;11328218635;B
20241023;100249;50.7;10850;11328218636;B
20241023;100249;50.69;320;11328218688;B
20241023;100249;50.69;1060;11328218752;B
20241023;100249;50.67;400;11328218843;S
20241023;100251;50.67;880;11328219305;S
20241023;100251;50.66;170;11328219306;S
20241023;100251;50.66;950;11328219307;S
20241023;100253;50.69;10;11328219606;B
20241023;100253;50.69;720;11328219701;B
20241023;100254;50.69;30;11328219829;B
20241023;100256;50.69;20;11328220122;B
20241023;100256;50.69;160;11328220197;B
20241023;100257;50.69;270;11328220304;B
20241023;100259;50.67;10;11328220580;S
20241023;100300;50.69;170;11328220812;B
20241023;100301;50.67;10;11328220900;S
20241023;100301;50.69;230;11328221001;B
20241023;100301;50.69;20;11328221002;B
20241023;100301;50.69;880;11328221003;B
20241023;100301;50.7;320;11328221004;B
20241023;100306;50.69;100;11328221753;B
20241023;100306;50.67;20;11328221778;S
20241023;100306;50.67;10;11328221779;S
20241023;100309;50.66;60;11328222362;S
20241023;100309;50.66;330;11328222363;S
20241023;100309;50.66;100;11328222364;S
20241023;100309;50.65;4000;11328222365;S
20241023;100309;50.65;2000;11328222366;S
20241023;100309;50.65;2370;11328222367;S
20241023;100309;50.64;880;11328222368;S
20241023;100309;50.64;1240;11328222369;S
20241023;100310;50.63;200;11328222521;S
20241023;100311;50.63;100;11328222705;S
20241023;100311;50.63;100;11328222756;S
20241023;100312;50.66;10;11328222851;B
20241023;100312;50.63;10;11328222934;S
20241023;100312;50.62;90;11328222935;S
20241023;100313;50.65;140;11328223076;B
20241023;100313;50.62;100;11328223141;S
20241023;100316;50.66;300;11328223614;B
20241023;100316;50.67;90;11328223629;B
20241023;100323;50.67;10;11328225027;B
20241023;100325;50.66;10;11328225332;S
20241023;100327;50.67;20;11328226018;B
20241023;100330;50.67;30;11328226523;B
20241023;100330;50.68;880;11328226524;B
20241023;100330;50.68;1130;11328226525;B
20241023;100330;50.68;1450;11328226526;B
20241023;100330;50.69;6000;11328226527;B
20241023;100330;50.69;1130;11328226528;B
20241023;100330;50.69;420;11328226529;B
20241023;100330;50.7;38960;11328226530;B
20241023;100334;50.66;70;11328227119;S
20241023;100334;50.66;200;11328227120;S
20241023;100334;50.66;110;11328227121;S
20241023;100335;50.63;500;11328227314;S
20241023;100335;50.64;20;11328227365;S
20241023;100339;50.67;30;11328227991;B
20241023;100347;50.67;20;11328229095;B
20241023;100348;50.67;150;11328229271;B
20241023;100348;50.68;450;11328229272;B
20241023;100349;50.66;10;11328229512;S
20241023;100349;50.66;370;11328229513;S
20241023;100353;50.69;10;11328230177;B
20241023;100356;50.69;100;11328230709;B
20241023;100356;50.67;40;11328230712;S
20241023;100356;50.69;100;11328230759;B
20241023;100357;50.67;60;11328230794;S
20241023;100357;50.66;550;11328230795;S
20241023;100357;50.66;390;11328230796;S
20241023;100400;50.68;20;11328231235;B
20241023;100402;50.69;620;11328231427;B
20241023;100402;50.69;380;11328231428;B
20241023;100404;50.66;10;11328231704;S
20241023;100404;50.66;280;11328231705;S
20241023;100404;50.68;60;11328231828;B
20241023;100405;50.65;20;11328231915;S
20241023;100406;50.68;10;11328232039;B
20241023;100412;50.65;200;11328233111;S
20241023;100412;50.65;200;11328233112;S
20241023;100412;50.65;1500;11328233113;S
20241023;100412;50.65;740;11328233114;S
20241023;100412;50.64;740;11328233115;S
20241023;100412;50.64;880;11328233116;S
20241023;100412;50.63;10;11328233117;S
20241023;100412;50.63;2040;11328233118;S
20241023;100412;50.63;3690;11328233119;S
20241023;100414;50.67;10;11328233270;B
20241023;100421;50.65;10;11328234183;S
20241023;100425;50.65;10;11328234721;S
20241023;100428;50.67;10;11328235009;B
20241023;100428;50.67;40;11328235094;B
20241023;100429;50.67;10;11328235221;B
20241023;100432;50.67;810;11328235647;B
20241023;100432;50.67;490;11328235648;B
20241023;100432;50.68;310;11328235649;B
20241023;100432;50.68;490;11328235650;B
20241023;100432;50.69;20;11328235651;B
20241023;100432;50.69;550;11328235652;B
20241023;100434;50.64;200;11328235924;S
20241023;100435;50.68;880;11328236258;B
20241023;100435;50.68;160;11328236259;B
20241023;100435;50.68;160;11328236260;B
20241023;100442;50.68;880;11328237403;B
20241023;100442;50.68;470;11328237404;B
20241023;100442;50.69;770;11328237405;B
20241023;100444;50.65;40;11328237736;S
20241023;100447;50.65;3940;11328238080;S
20241023;100447;50.65;560;11328238081;S
20241023;100447;50.65;10;11328238107;S
20241023;100447;50.65;10;11328238118;S
20241023;100451;50.67;10;11328239026;B
20241023;100452;50.64;930;11328239078;S
20241023;100452;50.64;1500;11328239079;S
20241023;100452;50.64;410;11328239080;S
20241023;100452;50.64;70;11328239081;S
20241023;100452;50.63;460;11328239082;S
20241023;100452;50.63;3500;11328239083;S
20241023;100452;50.63;880;11328239084;S
20241023;100452;50.63;410;11328239085;S
20241023;100452;50.62;1660;11328239086;S
20241023;100452;50.62;500;11328239087;S
20241023;100452;50.62;40;11328239088;S
20241023;100452;50.62;1320;11328239089;S
20241023;100452;50.61;100;11328239090;S
20241023;100452;50.61;2000;11328239091;S
20241023;100452;50.61;1560;11328239092;S
20241023;100452;50.6;2800;11328239093;S
20241023;100452;50.6;200;11328239094;S
20241023;100452;50.6;860;11328239095;S
20241023;100452;50.6;500;11328239096;S
20241023;100452;50.59;10;11328239097;S
20241023;100452;50.59;10;11328239098;S
20241023;100452;50.59;280;11328239099;S
20241023;100452;50.67;20;11328239112;B
20241023;100453;50.67;230;11328239259;B
20241023;100458;50.66;220;11328239941;B
20241023;100458;50.66;260;11328239942;B
20241023;100458;50.64;10;11328240002;S
20241023;100458;50.63;460;11328240003;S
20241023;100458;50.62;1300;11328240004;S
20241023;100500;50.68;110;11328240256;B
20241023;100500;50.68;400;11328240257;B
20241023;100500;50.68;200;11328240258;B
20241023;100500;50.69;500;11328240259;B
20241023;100500;50.69;760;11328240260;B
20241023;100501;50.68;30;11328240548;S
20241023;100501;50.67;10;11328240549;S
20241023;100501;50.66;10;11328240550;S
20241023;100508;50.66;10;11328241823;S
20241023;100508;50.66;10;11328241843;S
20241023;100511;50.68;10;11328242397;B
20241023;100517;50.68;10;11328243443;B
20241023;100522;50.67;10;11328244345;S
20241023;100522;50.67;190;11328244346;S
20241023;100525;50.66;10;11328244820;S
20241023;100525;50.67;500;11328244957;B
20241023;100526;50.66;240;11328245056;S
20241023;100526;50.66;1760;11328245057;S
20241023;100528;50.67;10;11328245616;B
20241023;100530;50.66;10;11328245980;S
20241023;100533;50.66;400;11328246483;S
20241023;100535;50.66;10;11328246982;S
20241023;100537;50.66;2820;11328247519;S
20241023;100537;50.66;10;11328247520;S
20241023;100537;50.65;200;11328247521;S
20241023;100545;50.64;10;11328249131;B
20241023;100546;50.63;10;11328249300;S
20241023;100547;50.63;90;11328249675;S
20241023;100549;50.65;100;11328250110;B
20241023;100549;50.63;180;11328250315;B
20241023;100549;50.64;180;11328250316;B
20241023;100549;50.64;880;11328250317;B
20241023;100549;50.65;2000;11328250318;B
20241023;100549;50.66;10;11328250319;B
20241023;100549;50.66;100;11328250320;B
20241023;100549;50.66;3940;11328250321;B
20241023;100549;50.66;50;11328250322;B
20241023;100549;50.67;290;11328250323;B
20241023;100549;50.67;2000;11328250324;B
20241023;100549;50.67;110;11328250325;B
20241023;100549;50.67;80;11328250326;B
20241023;100549;50.67;3500;11328250327;B
20241023;100549;50.67;3680;11328250328;B
20241023;100553;50.65;330;11328251366;B
20241023;100554;50.67;70;11328251437;B
20241023;100554;50.63;10;11328251623;S
20241023;100558;50.65;10;11328252229;B
20241023;100600;50.63;100;11328252637;S
20241023;100600;50.63;20;11328252638;S
20241023;100600;50.61;880;11328252639;S
20241023;100600;50.61;390;11328252640;S
20241023;100600;50.61;60;11328252641;S
20241023;100600;50.6;10;11328252642;S
20241023;100600;50.6;30;11328252643;S
20241023;100600;50.6;100;11328252644;S
20241023;100600;50.6;10;11328252645;S
20241023;100600;50.6;10;11328252646;S
20241023;100600;50.6;360;11328252647;S
20241023;100602;50.6;3320;11328253112;S
20241023;100602;50.6;880;11328253113;S
20241023;100602;50.6;800;11328253114;S
20241023;100606;50.62;60;11328253864;B
20241023;100606;50.64;10;11328253865;B
20241023;100609;50.6;470;11328254662;B
20241023;100609;50.61;5000;11328254663;B
20241023;100609;50.61;470;11328254664;B
20241023;100609;50.62;880;11328254665;B
20241023;100609;50.64;3940;11328254666;B
20241023;100609;50.64;1300;11328254667;B
20241023;100609;50.64;500;11328254668;B
20241023;100609;50.65;4990;11328254669;B
20241023;100609;50.65;500;11328254670;B
20241023;100609;50.65;30;11328254671;B
20241023;100609;50.66;2370;11328254672;B
20241023;100609;50.66;5000;11328254673;B
20241023;100609;50.67;4930;11328254674;B
20241023;100609;50.68;160;11328254675;B
20241023;100609;50.68;4460;11328254676;B
20241023;100610;50.62;880;11328255064;S
20241023;100610;50.62;40;11328255065;S
20241023;100610;50.62;10;11328255066;S
20241023;100610;50.61;570;11328255067;S
20241023;100612;50.61;10;11328255695;S
20241023;100614;50.61;20;11328256133;B
20241023;100618;50.64;100;11328257115;B
20241023;100623;50.63;10;11328258392;B
20241023;100625;50.6;10;11328259057;S
20241023;100631;50.59;1970;11328260638;S
20241023;100632;50.61;60;11328260913;B
20241023;100633;50.61;70;11328261131;B
20241023;100634;50.61;70;11328261326;B
20241023;100634;50.61;30;11328261416;B
20241023;100634;50.61;20;11328261419;B
20241023;100634;50.61;50;11328261454;B
20241023;100636;50.6;190;11328262049;S
20241023;100636;50.6;30;11328262050;S
20241023;100636;50.6;280;11328262051;S
20241023;100637;50.59;10;11328262159;S
20241023;100639;50.59;500;11328262706;S
20241023;100642;50.6;20;11328263158;S
20241023;100642;50.6;210;11328263291;B
20241023;100646;50.6;50;11328263901;B
20241023;100650;50.58;10;11328264467;S
20241023;100650;50.58;10;11328264468;S
20241023;100650;50.58;480;11328264469;S
20241023;100651;50.58;500;11328264619;S
20241023;100652;50.58;100;11328264759;S
20241023;100653;50.6;10;11328264890;B
20241023;100655;50.6;50;11328265125;B
20241023;100655;50.59;10;11328265150;S
20241023;100655;50.58;920;11328265151;S
20241023;100655;50.58;70;11328265152;S
20241023;100656;50.6;50;11328265303;B
20241023;100656;50.6;480;11328265346;B
20241023;100657;50.58;580;11328265450;S
20241023;100659;50.6;160;11328265843;B
20241023;100659;50.61;480;11328265844;B
20241023;100659;50.63;770;11328265845;B
20241023;100659;50.63;3940;11328265846;B
20241023;100659;50.64;590;11328265847;B
20241023;100700;50.6;100;11328266053;S
20241023;100700;50.6;230;11328266155;S
20241023;100700;50.64;90;11328266164;B
20241023;100700;50.64;110;11328266165;B
20241023;100703;50.63;10;11328266525;B
20241023;100705;50.6;550;11328266773;S
20241023;100705;50.6;40;11328266774;S
20241023;100705;50.6;30;11328266775;S
20241023;100705;50.6;200;11328266776;S
20241023;100705;50.6;630;11328266777;S
20241023;100705;50.59;4460;11328266778;S
20241023;100705;50.59;500;11328266779;S
20241023;100705;50.59;630;11328266780;S
20241023;100705;50.58;350;11328266781;S
20241023;100705;50.58;20;11328266782;S
20241023;100705;50.58;1590;11328266783;S
20241023;100706;50.59;20;11328267113;S
20241023;100710;50.59;20;11328267875;S
20241023;100711;50.59;250;11328267973;S
20241023;100712;50.59;590;11328268169;S
20241023;100712;50.59;1500;11328268170;S
20241023;100712;50.59;100;11328268171;S
20241023;100712;50.58;320;11328268172;S
20241023;100713;50.58;3950;11328268373;S
20241023;100713;50.58;880;11328268374;S
20241023;100713;50.58;1500;11328268375;S
20241023;100713;50.57;10;11328268376;S
20241023;100713;50.57;18660;11328268377;S
20241023;100713;50.57;20;11328268413;S
20241023;100713;50.57;720;11328268459;S
20241023;100713;50.57;600;11328268463;S
20241023;100713;50.57;120;11328268464;S
20241023;100713;50.57;720;11328268467;S
20241023;100713;50.57;720;11328268471;S
20241023;100713;50.57;720;11328268474;S
20241023;100713;50.57;720;11328268475;S
20241023;100713;50.57;720;11328268478;S
20241023;100713;50.57;720;11328268481;S
20241023;100713;50.57;720;11328268483;S
20241023;100713;50.57;720;11328268486;S
20241023;100713;50.57;720;11328268488;S
20241023;100713;50.57;370;11328268491;S
20241023;100713;50.57;350;11328268492;S
20241023;100713;50.57;30;11328268495;S
20241023;100713;50.57;690;11328268496;S
20241023;100713;50.57;720;11328268499;S
20241023;100713;50.56;200;11328268501;S
20241023;100713;50.56;100;11328268502;S
20241023;100713;50.56;60;11328268503;S
20241023;100713;50.56;10;11328268504;S
20241023;100713;50.56;10;11328268505;S
20241023;100713;50.56;50;11328268506;S
20241023;100713;50.56;10;11328268507;S
20241023;100713;50.56;210;11328268508;S
20241023;100713;50.56;70;11328268509;S
20241023;100713;50.56;720;11328268510;S
20241023;100713;50.56;720;11328268511;S
20241023;100713;50.56;720;11328268512;S
20241023;100713;50.56;720;11328268513;S
20241023;100713;50.56;720;11328268514;S
20241023;100713;50.56;330;11328268516;S
20241023;100713;50.56;390;11328268517;S
20241023;100713;50.55;200;11328268518;S
20241023;100713;50.55;10;11328268519;S
20241023;100713;50.55;500;11328268520;S
20241023;100713;50.55;10;11328268521;S
20241023;100713;50.55;190;11328268522;S
20241023;100713;50.55;10;11328268523;S
20241023;100713;50.55;520;11328268524;S
20241023;100713;50.55;720;11328268526;S
20241023;100713;50.55;720;11328268527;S
20241023;100713;50.55;720;11328268529;S
20241023;100714;50.57;600;11328268619;B
20241023;100714;50.57;3400;11328268620;B
20241023;100714;50.55;1000;11328268630;S
20241023;100714;50.57;40;11328268688;B
20241023;100714;50.57;10;11328268689;B
20241023;100714;50.57;10;11328268690;B
20241023;100722;50.56;10;11328269841;B
20241023;100724;50.56;50;11328270540;S
20241023;100725;50.56;10;11328270606;S
20241023;100725;50.58;10;11328270704;B
20241023;100726;50.58;990;11328270811;B
20241023;100726;50.58;10;11328271134;S
20241023;100729;50.55;10000;11328272044;S
20241023;100730;50.55;16320;11328272212;S
20241023;100730;50.55;10;11328272213;S
20241023;100730;50.55;90;11328272214;S
20241023;100730;50.55;20;11328272215;S
20241023;100730;50.55;10;11328272216;S
20241023;100730;50.54;20;11328272217;S
20241023;100730;50.54;10;11328272218;S
20241023;100730;50.54;50;11328272219;S
20241023;100730;50.54;500;11328272220;S
20241023;100730;50.54;10;11328272221;S
20241023;100730;50.54;30;11328272222;S
20241023;100730;50.54;880;11328272223;S
20241023;100730;50.53;40;11328272224;S
20241023;100730;50.53;500;11328272225;S
20241023;100730;50.53;100;11328272226;S
20241023;100730;50.53;100;11328272227;S
20241023;100730;50.53;20000;11328272228;S
20241023;100730;50.52;10;11328272229;S
20241023;100730;50.52;10;11328272230;S
20241023;100730;50.52;10;11328272231;S
20241023;100730;50.52;10;11328272232;S
20241023;100730;50.52;500;11328272233;S
20241023;100730;50.51;10;11328272234;S
20241023;100730;50.51;100;11328272235;S
20241023;100730;50.51;10;11328272236;S
20241023;100730;50.51;50;11328272237;S
20241023;100730;50.51;10;11328272238;S
20241023;100730;50.51;10;11328272239;S
20241023;100730;50.51;800;11328272240;S
20241023;100730;50.51;30;11328272241;S
20241023;100730;50.51;9750;11328272242;S
20241023;100730;50.51;350;11328272290;S
20241023;100732;50.55;200;11328272848;B
20241023;100735;50.55;160;11328273313;S
20241023;100735;50.55;40;11328273314;S
20241023;100737;50.55;50;11328273868;B
20241023;100739;50.55;60;11328274165;B
20241023;100739;50.53;100;11328274251;S
20241023;100739;50.53;10;11328274252;S
20241023;100739;50.52;10;11328274253;S
20241023;100739;50.52;660;11328274254;S
20241023;100739;50.52;20;11328274255;S
20241023;100739;50.51;1940;11328274256;S
20241023;100739;50.51;100;11328274257;S
20241023;100739;50.51;50;11328274258;S
20241023;100739;50.51;100;11328274259;S
20241023;100739;50.51;20;11328274260;S
20241023;100739;50.51;880;11328274261;S
20241023;100739;50.51;1110;11328274262;S
20241023;100741;50.51;40;11328274710;S
20241023;100742;50.51;40;11328274855;S
20241023;100742;50.51;150;11328274858;S
20241023;100744;50.51;660;11328275329;S
20241023;100744;50.51;1500;11328275330;S
20241023;100744;50.51;10;11328275331;S
20241023;100744;50.51;590;11328275332;S
20241023;100744;50.51;880;11328275333;S
20241023;100744;50.5;10;11328275334;S
20241023;100744;50.5;10;11328275335;S
20241023;100744;50.5;10;11328275336;S
20241023;100744;50.5;50;11328275337;S
20241023;100744;50.5;10;11328275338;S
20241023;100744;50.5;10;11328275339;S
20241023;100744;50.5;10;11328275340;S
20241023;100744;50.5;50;11328275341;S
20241023;100744;50.5;10;11328275342;S
20241023;100744;50.5;100;11328275343;S
20241023;100744;50.5;10;11328275344;S
20241023;100744;50.5;100;11328275345;S
20241023;100744;50.5;20;11328275346;S
20241023;100744;50.5;500;11328275347;S
20241023;100744;50.5;10;11328275348;S
20241023;100744;50.5;20;11328275349;S
20241023;100744;50.5;100;11328275350;S
20241023;100744;50.5;50;11328275351;S
20241023;100744;50.5;20;11328275352;S
20241023;100744;50.5;10;11328275353;S
20241023;100744;50.5;10;11328275354;S
20241023;100744;50.5;50;11328275355;S
20241023;100744;50.5;10;11328275356;S
20241023;100744;50.5;20;11328275357;S
20241023;100744;50.5;120;11328275358;S
20241023;100744;50.5;10;11328275359;S
20241023;100744;50.5;30;11328275360;S
20241023;100744;50.5;200;11328275361;S
20241023;100744;50.5;30;11328275362;S
20241023;100744;50.5;10;11328275363;S
20241023;100744;50.5;100;11328275364;S
20241023;100744;50.5;10;11328275365;S
20241023;100744;50.5;10;11328275366;S
20241023;100744;50.5;100;11328275367;S
20241023;100744;50.5;30;11328275368;S
20241023;100744;50.5;10;11328275369;S
20241023;100744;50.5;30;11328275370;S
20241023;100744;50.5;100;11328275371;S
20241023;100744;50.5;10;11328275372;S
20241023;100744;50.5;5000;11328275373;S
20241023;100744;50.5;100;11328275374;S
20241023;100744;50.5;600;11328275375;S
20241023;100744;50.5;20;11328275376;S
20241023;100744;50.5;100;11328275377;S
20241023;100744;50.5;40;11328275378;S
20241023;100744;50.5;10;11328275379;S
20241023;100744;50.5;30;11328275380;S
20241023;100744;50.5;10;11328275381;S
20241023;100744;50.5;100;11328275382;S
20241023;100744;50.5;10;11328275383;S
20241023;100744;50.5;100;11328275384;S
20241023;100744;50.5;50;11328275385;S
20241023;100744;50.5;5000;11328275386;S
20241023;100744;50.5;100;11328275387;S
20241023;100744;50.5;500;11328275388;S
20241023;100744;50.5;30;11328275389;S
20241023;100744;50.5;50;11328275390;S
20241023;100744;50.5;20;11328275391;S
20241023;100744;50.5;10;11328275392;S
20241023;100744;50.5;10;11328275393;S
20241023;100744;50.5;10;11328275394;S
20241023;100744;50.5;200;11328275395;S
20241023;100744;50.5;50;11328275396;S
20241023;100744;50.5;100;11328275397;S
20241023;100744;50.5;4700;11328275398;S
20241023;100744;50.5;10;11328275399;S
20241023;100744;50.5;250;11328275400;S
20241023;100744;50.5;10;11328275401;S
20241023;100744;50.5;10;11328275402;S
20241023;100744;50.5;20;11328275403;S
20241023;100744;50.5;590;11328275404;S
20241023;100744;50.5;700;11328275406;B
20241023;100744;50.5;2000;11328275407;B
20241023;100744;50.49;50;11328275409;S
20241023;100744;50.49;10;11328275410;S
20241023;100744;50.49;10;11328275411;S
20241023;100744;50.48;10;11328275412;S
20241023;100744;50.47;10;11328275413;S
20241023;100744;50.47;80;11328275414;S
20241023;100744;50.47;90;11328275415;S
20241023;100744;50.47;2000;11328275416;S
20241023;100744;50.47;30;11328275417;S
20241023;100744;50.46;20;11328275418;S
20241023;100744;50.46;190;11328275419;S
20241023;100744;50.47;60;11328275423;S
20241023;100744;50.47;440;11328275424;S
20241023;100744;50.46;200;11328275425;S
20241023;100744;50.46;250;11328275441;S
20241023;100744;50.46;40;11328275442;S
20241023;100745;50.46;40;11328275447;S
20241023;100745;50.46;280;11328275448;S
20241023;100745;50.46;60;11328275449;S
20241023;100745;50.46;410;11328275450;S
20241023;100745;50.47;30;11328275475;B
20241023;100745;50.46;290;11328275494;S
20241023;100745;50.46;60;11328275495;S
20241023;100745;50.46;10;11328275496;S
20241023;100745;50.46;100;11328275497;S
20241023;100745;50.45;10;11328275498;S
20241023;100745;50.45;30;11328275499;S
20241023;100745;50.49;10;11328275500;B
20241023;100745;50.49;10;11328275541;B
20241023;100745;50.49;2550;11328275545;B
20241023;100745;50.49;30;11328275547;B
20241023;100745;50.49;470;11328275548;B
20241023;100745;50.45;70;11328275549;S
20241023;100745;50.45;1840;11328275550;S
20241023;100745;50.45;10;11328275551;S
20241023;100745;50.45;1440;11328275552;S
20241023;100745;50.45;60;11328275553;S
20241023;100745;50.45;40;11328275554;S
20241023;100745;50.45;50;11328275555;S
20241023;100745;50.49;20;11328275559;B
20241023;100745;50.45;150;11328275568;S
20241023;100745;50.45;20;11328275569;S
20241023;100745;50.44;30;11328275570;S
20241023;100745;50.44;1800;11328275571;S
20241023;100745;50.49;1890;11328275572;B
20241023;100745;50.49;1000;11328275576;B
20241023;100745;50.49;100;11328275577;B
20241023;100745;50.45;600;11328275586;S
20241023;100745;50.44;980;11328275588;S
20241023;100745;50.49;20;11328275589;B
20241023;100745;50.49;200;11328275590;B
20241023;100745;50.44;1000;11328275591;S
20241023;100745;50.49;10;11328275592;B
20241023;100745;50.49;50;11328275593;B
20241023;100745;50.49;30;11328275595;B
20241023;100745;50.48;20;11328275598;S
20241023;100745;50.47;10;11328275599;S
20241023;100745;50.45;20;11328275600;S
20241023;100745;50.49;10;11328275601;B
20241023;100745;50.49;200;11328275602;B
20241023;100745;50.45;380;11328275603;S
20241023;100745;50.45;50;11328275604;S
20241023;100745;50.49;10;11328275605;B
20241023;100745;50.45;520;11328275606;S
20241023;100745;50.45;90;11328275607;S
20241023;100745;50.44;80;11328275608;S
20241023;100745;50.44;1780;11328275609;S
20241023;100745;50.44;2530;11328275610;S
20241023;100745;50.44;50;11328275611;S
20241023;100745;50.48;10;11328275613;B
20241023;100745;50.48;10;11328275614;B
20241023;100745;50.48;50;11328275615;B
20241023;100745;50.48;20;11328275616;B
20241023;100745;50.44;250;11328275622;S
20241023;100745;50.48;10;11328275632;B
20241023;100745;50.46;50;11328275638;S
20241023;100745;50.44;850;11328275639;S
20241023;100745;50.44;80;11328275640;S
20241023;100745;50.44;10;11328275641;S
20241023;100745;50.43;10;11328275642;S
20241023;100745;50.48;10;11328275645;B
20241023;100745;50.48;100;11328275651;B
20241023;100745;50.43;500;11328275653;S
20241023;100745;50.48;30;11328275654;B
20241023;100745;50.48;200;11328275666;B
20241023;100745;50.48;20;11328275675;B
20241023;100745;50.43;2470;11328275676;S
20241023;100745;50.48;10;11328275683;B
20241023;100745;50.48;60;11328275685;B
20241023;100745;50.45;20;11328275688;B
20241023;100745;50.45;100;11328275697;B
20241023;100745;50.45;10;11328275698;B
20241023;100745;50.44;150;11328275699;S
20241023;100745;50.45;1190;11328275700;B
20241023;100745;50.45;1000;11328275701;B
20241023;100745;50.45;10;11328275703;B
20241023;100745;50.45;10;11328275704;B
20241023;100745;50.44;90;11328275708;S
20241023;100745;50.43;210;11328275709;S
20241023;100746;50.43;670;11328275723;S
20241023;100746;50.43;10;11328275724;S
20241023;100746;50.43;10;11328275725;S
20241023;100746;50.43;1000;11328275726;S
20241023;100746;50.43;280;11328275727;S
20241023;100746;50.45;500;11328275728;B
20241023;100746;50.45;10;11328275730;B
20241023;100746;50.45;10;11328275734;B
20241023;100746;50.45;10;11328275737;B
20241023;100746;50.45;100;11328275783;B
20241023;100746;50.45;20;11328275784;B
20241023;100746;50.45;10;11328275853;B
20241023;100746;50.45;10;11328275855;B
20241023;100746;50.45;10;11328275859;B
20241023;100746;50.45;200;11328275860;B
20241023;100746;50.44;200;11328275868;B
20241023;100746;50.44;50;11328275895;B
20241023;100746;50.45;10;11328275936;B
20241023;100746;50.44;20;11328275979;B
20241023;100746;50.45;80;11328275980;B
20241023;100747;50.43;10;11328276012;S
20241023;100747;50.42;20;11328276013;S
20241023;100747;50.42;200;11328276014;S
20241023;100748;50.43;10;11328276314;S
20241023;100748;50.42;980;11328276315;S
20241023;100748;50.42;170;11328276331;S
20241023;100751;50.42;1930;11328276779;S
20241023;100751;50.43;90;11328276782;B
20241023;100751;50.44;20;11328276849;B
20241023;100751;50.44;60;11328276850;B
20241023;100751;50.45;670;11328276851;B
20241023;100751;50.47;880;11328276852;B
20241023;100751;50.47;370;11328276853;B
20241023;100752;50.47;270;11328276960;S
20241023;100752;50.44;790;11328276961;S
20241023;100752;50.43;1910;11328276962;S
20241023;100752;50.43;1000;11328276963;S
20241023;100752;50.43;880;11328276964;S
20241023;100752;50.42;580;11328276965;S
20241023;100752;50.42;10;11328276966;S
20241023;100752;50.42;3940;11328276967;S
20241023;100752;50.42;490;11328276968;S
20241023;100752;50.41;30;11328276969;S
20241023;100752;50.41;3860;11328276970;S
20241023;100752;50.41;10;11328276971;S
20241023;100752;50.41;10;11328276972;S
20241023;100752;50.41;500;11328276973;S
20241023;100752;50.41;1900;11328276974;S
20241023;100752;50.41;240;11328276975;S
20241023;100752;50.4;10;11328276976;S
20241023;100752;50.4;10;11328276977;S
20241023;100752;50.4;2000;11328276978;S
20241023;100752;50.4;500;11328276979;S
20241023;100752;50.4;30;11328276980;S
20241023;100752;50.4;15030;11328276981;S
20241023;100752;50.41;180;11328277016;S
20241023;100752;50.41;90;11328277026;S
20241023;100752;50.41;2500;11328277093;S
20241023;100753;50.45;10;11328277121;B
20241023;100753;50.45;10;11328277122;B
20241023;100753;50.45;10;11328277142;B
20241023;100754;50.41;880;11328277268;S
20241023;100755;50.41;900;11328277397;S
20241023;100755;50.45;50;11328277470;B
20241023;100755;50.45;800;11328277532;B
20241023;100755;50.45;1180;11328277533;B
20241023;100756;50.41;500;11328277897;S
20241023;100758;50.41;2000;11328278203;S
20241023;100759;50.41;720;11328278249;S
20241023;100759;50.41;200;11328278250;S
20241023;100759;50.41;240;11328278251;S
20241023;100759;50.41;10;11328278252;S
20241023;100759;50.4;1830;11328278253;S
20241023;100759;50.4;160;11328278290;S
20241023;100759;50.42;200;11328278296;B
20241023;100759;50.43;600;11328278297;B
20241023;100800;50.4;20;11328278446;S
20241023;100801;50.42;100;11328278635;B
20241023;100802;50.42;100;11328278831;B
20241023;100802;50.41;60;11328279085;S
20241023;100802;50.41;140;11328279086;S
20241023;100803;50.43;100;11328279238;B
20241023;100804;50.43;10;11328279377;B
20241023;100807;50.43;100;11328280079;B
20241023;100807;50.43;170;11328280126;B
20241023;100807;50.43;20;11328280172;B
20241023;100809;50.43;10;11328280439;B
20241023;100810;50.43;10;11328280574;B
20241023;100810;50.42;10;11328280587;S
20241023;100810;50.42;160;11328280588;S
20241023;100812;50.43;70;11328281011;B
20241023;100814;50.43;690;11328281389;B
20241023;100814;50.44;780;11328281392;B
20241023;100814;50.45;2010;11328281393;B
20241023;100814;50.45;210;11328281394;B
20241023;100814;50.46;5000;11328281395;B
20241023;100814;50.46;2010;11328281396;B
20241023;100814;50.47;1780;11328281397;B
20241023;100814;50.47;3210;11328281398;B
20241023;100817;50.45;90;11328281793;S
20241023;100820;50.48;10;11328282662;B
20241023;100820;50.46;50;11328282804;S
20241023;100824;50.46;10;11328283539;B
20241023;100825;50.45;10;11328283690;S
20241023;100825;50.45;50;11328283704;S
20241023;100826;50.45;30;11328283956;S
20241023;100827;50.46;20;11328284055;B
20241023;100827;50.45;20;11328284089;S
20241023;100827;50.45;20;11328284090;S
20241023;100827;50.45;20;11328284091;S
20241023;100829;50.46;10;11328284378;B
20241023;100830;50.44;20;11328284511;S
20241023;100830;50.44;30;11328284512;S
20241023;100831;50.43;10;11328284663;S
20241023;100831;50.43;80;11328284664;S
20241023;100831;50.45;20;11328284669;B
20241023;100832;50.43;10;11328284850;S
20241023;100833;50.44;10;11328284922;B
20241023;100834;50.43;10;11328285079;S
20241023;100834;50.44;200;11328285125;B
20241023;100841;50.44;10;11328286097;B
20241023;100841;50.43;10;11328286127;S
20241023;100842;50.43;10;11328286548;S
20241023;100843;50.43;10;11328286591;S
20241023;100844;50.44;120;11328286837;B
20241023;100845;50.43;80;11328286986;S
20241023;100845;50.43;10;11328286987;S
20241023;100845;50.43;410;11328286988;S
20241023;100845;50.43;20;11328287003;S
20241023;100845;50.43;10;11328287004;S
20241023;100845;50.43;10;11328287005;S
20241023;100845;50.43;1500;11328287006;S
20241023;100845;50.42;10;11328287007;S
20241023;100845;50.42;2000;11328287008;S
20241023;100845;50.42;790;11328287009;S
20241023;100845;50.42;200;11328287010;S
20241023;100845;50.42;120;11328287011;S
20241023;100845;50.42;50;11328287012;S
20241023;100845;50.42;20;11328287013;S
20241023;100845;50.41;4570;11328287014;S
20241023;100845;50.41;700;11328287015;S
20241023;100846;50.41;1000;11328287112;S
20241023;100846;50.41;100;11328287121;S
20241023;100846;50.42;1000;11328287272;B
20241023;100846;50.42;800;11328287273;B
20241023;100853;50.41;4180;11328288408;S
20241023;100853;50.41;20;11328288409;S
20241023;100855;50.41;10;11328288753;S
20241023;100855;50.41;90;11328288804;S
20241023;100855;50.41;20;11328288805;S
20241023;100855;50.41;80;11328288806;S
20241023;100855;50.4;920;11328288807;S
20241023;100855;50.41;10;11328288841;S
20241023;100855;50.4;490;11328288842;S
20241023;100856;50.4;40;11328288934;S
20241023;100856;50.4;800;11328288950;S
20241023;100859;50.4;3000;11328289433;S
20241023;100901;50.41;500;11328290084;B
20241023;100902;50.4;10;11328290315;S
20241023;100902;50.41;20;11328290442;B
20241023;100903;50.41;20;11328290584;B
20241023;100904;50.4;6000;11328290668;S
20241023;100906;50.41;20;11328291336;B
20241023;100909;50.41;30;11328292084;B
20241023;100912;50.41;20;11328292665;B
20241023;100912;50.41;20;11328292980;B
20241023;100915;50.41;10;11328294489;B
20241023;100916;50.41;120;11328294871;B
20241023;100917;50.4;1000;11328295048;S
20241023;100920;50.4;2410;11328295691;S
20241023;100921;50.41;10;11328295733;B
20241023;100921;50.4;10;11328295815;S
20241023;100922;50.41;80;11328295949;B
20241023;100922;50.4;20;11328295992;S
20241023;100923;50.41;1000;11328296135;B
20241023;100924;50.41;10;11328296729;B
20241023;100925;50.41;20;11328297018;B
20241023;100926;50.4;20;11328297025;S
20241023;100926;50.41;400;11328297173;B
20241023;100929;50.4;5000;11328297641;S
20241023;100929;50.41;100;11328297735;B
20241023;100930;50.4;10;11328297950;S
20241023;100931;50.4;23230;11328298149;S
20241023;100931;50.4;1770;11328298150;S
20241023;100931;50.4;2090;11328298151;S
20241023;100931;50.4;10;11328298152;S
20241023;100931;50.4;20;11328298153;S
20241023;100931;50.4;1000;11328298154;S
20241023;100931;50.4;100;11328298155;S
20241023;100931;50.4;30;11328298156;S
20241023;100931;50.4;20;11328298157;S
20241023;100931;50.4;500;11328298158;S
20241023;100931;50.4;10;11328298159;S
20241023;100931;50.4;30;11328298160;S
20241023;100931;50.4;60;11328298161;S
20241023;100931;50.4;100;11328298162;S
20241023;100931;50.4;10;11328298163;S
20241023;100931;50.4;10;11328298164;S
20241023;100931;50.4;10;11328298165;S
20241023;100931;50.4;500;11328298166;S
20241023;100931;50.4;20;11328298167;S
20241023;100931;50.4;10;11328298168;S
20241023;100931;50.4;30;11328298169;S
20241023;100931;50.4;10;11328298170;S
20241023;100931;50.4;30;11328298171;S
20241023;100931;50.4;10;11328298172;S
20241023;100931;50.4;10;11328298173;S
20241023;100931;50.4;10;11328298174;S
20241023;100931;50.4;10;11328298175;S
20241023;100931;50.4;20;11328298176;S
20241023;100931;50.4;10;11328298177;S
20241023;100931;50.4;1000;11328298178;S
20241023;100931;50.4;10;11328298179;S
20241023;100931;50.39;2510;11328298180;S
20241023;100931;50.39;4950;11328298181;S
20241023;100931;50.39;2730;11328298182;S
20241023;100931;50.39;10;11328298183;S
20241023;100931;50.39;100;11328298184;S
20241023;100931;50.4;250;11328298291;B
20241023;100931;50.39;10;11328298311;S
20241023;100932;50.4;90;11328298348;S
20241023;100932;50.41;40;11328298450;B
20241023;100934;50.4;160;11328298769;S
20241023;100934;50.4;270;11328298770;S
20241023;100934;50.39;60;11328298771;S
20241023;100934;50.39;40;11328298772;S
20241023;100934;50.39;50;11328298899;B
20241023;100935;50.39;100;11328299073;B
20241023;100935;50.39;250;11328299131;B
20241023;100935;50.38;1000;11328299199;S
20241023;100935;50.38;1000;11328299284;S
20241023;100935;50.39;50;11328299324;B
20241023;100936;50.38;1000;11328299368;S
20241023;100936;50.38;830;11328299410;S
20241023;100936;50.38;100;11328299411;S
20241023;100936;50.38;70;11328299412;S
20241023;100936;50.39;30;11328299422;B
20241023;100936;50.38;1000;11328299424;S
20241023;100936;50.38;20;11328299426;S
20241023;100936;50.38;1180;11328299427;S
20241023;100936;50.38;50;11328299445;S
20241023;100936;50.38;10;11328299447;B
20241023;100936;50.37;10;11328299451;S
20241023;100936;50.37;990;11328299452;S
20241023;100937;50.37;20;11328299583;S
20241023;100937;50.37;100;11328299607;S
20241023;100937;50.38;270;11328299729;B
20241023;100938;50.37;50;11328299914;S
20241023;100939;50.38;20;11328300027;B
20241023;100939;50.37;1400;11328300056;S
20241023;100940;50.37;10;11328300265;S
20241023;100940;50.37;1140;11328300307;S
20241023;100945;50.37;50;11328301450;S
20241023;100946;50.37;70;11328301712;S
20241023;100946;50.37;10;11328301713;S
20241023;100946;50.37;1500;11328301714;S
20241023;100946;50.37;10;11328301715;S
20241023;100946;50.37;10;11328301716;S
20241023;100946;50.36;300;11328301717;S
20241023;100946;50.36;100;11328301718;S
20241023;100946;50.36;60;11328301719;S
20241023;100946;50.36;30;11328301720;S
20241023;100946;50.36;2280;11328301721;S
20241023;100946;50.36;500;11328301722;S
20241023;100946;50.36;5130;11328301723;S
20241023;100947;50.37;50;11328301994;B
20241023;100947;50.36;1350;11328301997;S
20241023;100947;50.36;2000;11328301998;S
20241023;100947;50.35;70;11328302062;S
20241023;100947;50.35;50;11328302063;S
20241023;100947;50.35;80;11328302064;S
20241023;100947;50.36;90;11328302096;B
20241023;100947;50.36;10;11328302123;B
20241023;100947;50.36;400;11328302141;B
20241023;100950;50.35;100;11328302778;S
20241023;100950;50.35;3630;11328302793;S
20241023;100950;50.35;10;11328302794;S
20241023;100950;50.35;50;11328302795;S
20241023;100950;50.35;10;11328302796;S
20241023;100950;50.35;1500;11328302797;S
20241023;100950;50.35;20;11328302798;S
20241023;100950;50.35;2000;11328302799;S
20241023;100950;50.35;10;11328302858;B
20241023;100950;50.35;10;11328302906;B
20241023;100951;50.34;60;11328302949;S
20241023;100951;50.34;20;11328302950;S
20241023;100951;50.34;200;11328303057;B
20241023;100951;50.33;30;11328303083;S
20241023;100951;50.33;10;11328303084;S
20241023;100951;50.33;10;11328303085;S
20241023;100952;50.34;10;11328303148;B
20241023;100952;50.33;200;11328303196;S
20241023;100952;50.33;100;11328303199;S
20241023;100952;50.33;190;11328303246;S
20241023;100952;50.33;20;11328303255;S
20241023;100953;50.33;4490;11328303452;S
20241023;100954;50.33;260;11328303591;B
20241023;100954;50.32;10;11328303649;S
20241023;100954;50.32;250;11328303650;S
20241023;100954;50.32;1500;11328303651;S
20241023;100955;50.32;100;11328303790;B
20241023;100955;50.32;100;11328303791;B
20241023;100955;50.32;50;11328303793;B
20241023;100955;50.34;100;11328303964;B
20241023;100955;50.31;10;11328303997;S
20241023;100955;50.31;200;11328303998;S
20241023;100955;50.31;10;11328303999;S
20241023;100955;50.31;200;11328304000;S
20241023;100955;50.31;10;11328304001;S
20241023;100955;50.31;2800;11328304002;S
20241023;100955;50.31;1500;11328304003;S
20241023;100955;50.3;10;11328304004;S
20241023;100955;50.3;10;11328304005;S
20241023;100955;50.3;10;11328304006;S
20241023;100955;50.3;100;11328304007;S
20241023;100955;50.3;400;11328304008;S
20241023;100955;50.3;1000;11328304009;S
20241023;100955;50.3;10;11328304010;S
20241023;100955;50.3;50;11328304011;S
20241023;100955;50.3;300;11328304012;S
20241023;100955;50.3;50;11328304013;S
20241023;100955;50.3;100;11328304014;S
20241023;100955;50.3;10;11328304015;S
20241023;100955;50.3;10;11328304016;S
20241023;100955;50.3;10;11328304017;S
20241023;100955;50.3;50;11328304018;S
20241023;100955;50.3;10;11328304019;S
20241023;100955;50.3;40;11328304020;S
20241023;100955;50.3;1800;11328304021;S
20241023;100955;50.3;10;11328304022;S
20241023;100955;50.29;10;11328304023;S
20241023;100955;50.29;880;11328304024;S
20241023;100955;50.29;80;11328304025;S
20241023;100955;50.29;320;11328304026;S
20241023;100955;50.34;10;11328304033;B
20241023;100956;50.3;100;11328304130;S
20241023;100956;50.3;450;11328304131;S
20241023;100956;50.3;10;11328304132;S
20241023;100956;50.3;50;11328304133;S
20241023;100956;50.3;170;11328304134;S
20241023;100956;50.29;10;11328304135;S
20241023;100956;50.29;10;11328304136;S
20241023;100956;50.29;100;11328304137;S
20241023;100956;50.28;10;11328304138;S
20241023;100956;50.28;3000;11328304139;S
20241023;100956;50.28;1180;11328304140;S
20241023;100956;50.27;1850;11328304141;S
20241023;100956;50.27;80;11328304142;S
20241023;100956;50.27;60;11328304143;S
20241023;100956;50.27;80;11328304144;S
20241023;100956;50.27;880;11328304145;S
20241023;100956;50.27;2310;11328304146;S
20241023;100956;50.26;370;11328304147;S
20241023;100956;50.3;1000;11328304149;B
20241023;100956;50.3;10;11328304195;S
20241023;100956;50.29;10;11328304196;S
20241023;100956;50.28;140;11328304197;S
20241023;100956;50.3;20;11328304241;S
20241023;100956;50.28;20;11328304242;S
20241023;100956;50.27;880;11328304243;S
20241023;100956;50.26;170;11328304244;S
20241023;100956;50.26;10;11328304245;S
20241023;100956;50.26;50;11328304246;S
20241023;100956;50.26;10;11328304247;S
20241023;100956;50.26;250;11328304248;S
20241023;100956;50.26;200;11328304249;S
20241023;100956;50.26;890;11328304250;S
20241023;100956;50.31;50;11328304253;B
20241023;100956;50.31;30;11328304279;B
20241023;100956;50.31;10;11328304296;B
20241023;100957;50.31;20;11328304332;B
20241023;100957;50.31;90;11328304350;B
20241023;100957;50.32;10;11328304351;B
20241023;100957;50.3;10;11328304542;S
20241023;100957;50.3;150;11328304543;S
20241023;100957;50.28;60;11328304544;S
20241023;100957;50.28;10;11328304545;S
20241023;100957;50.27;40;11328304546;S
20241023;100957;50.27;10;11328304547;S
20241023;100957;50.27;220;11328304548;S
20241023;100958;50.31;100;11328304623;B
20241023;100958;50.31;20;11328304702;B
20241023;101002;50.28;50;11328305613;S
20241023;101002;50.28;1500;11328305614;S
20241023;101002;50.27;380;11328305615;S
20241023;101002;50.27;20;11328305616;S
20241023;101002;50.27;10;11328305617;S
20241023;101002;50.27;380;11328305618;S
20241023;101002;50.27;880;11328305619;S
20241023;101002;50.26;3050;11328305620;S
20241023;101002;50.26;20;11328305621;S
20241023;101002;50.26;100;11328305622;S
20241023;101002;50.26;2370;11328305623;S
20241023;101002;50.25;500;11328305624;S
20241023;101002;50.25;500;11328305625;S
20241023;101002;50.25;10;11328305626;S
20241023;101002;50.25;10;11328305627;S
20241023;101002;50.25;50;11328305628;S
20241023;101002;50.25;100;11328305629;S
20241023;101002;50.25;250;11328305630;S
20241023;101002;50.25;25000;11328305631;S
20241023;101002;50.25;50;11328305632;S
20241023;101002;50.25;2800;11328305633;S
20241023;101002;50.24;100;11328305634;S
20241023;101002;50.24;50;11328305635;S
20241023;101002;50.24;10;11328305636;S
20241023;101002;50.23;10;11328305637;S
20241023;101002;50.23;10;11328305638;S
20241023;101002;50.23;240;11328305639;S
20241023;101002;50.22;10;11328305640;S
20241023;101002;50.22;60;11328305641;S
20241023;101002;50.22;7000;11328305642;S
20241023;101002;50.22;500;11328305643;S
20241023;101002;50.22;100;11328305644;S
20241023;101002;50.22;10000;11328305645;S
20241023;101002;50.22;9370;11328305646;B
20241023;101002;50.22;4510;11328305647;B
20241023;101002;50.3;2000;11328305657;B
20241023;101002;50.25;880;11328305664;S
20241023;101002;50.23;120;11328305665;S
20241023;101002;50.25;310;11328305732;S
20241023;101002;50.26;1040;11328305754;S
20241023;101003;50.26;950;11328305805;S
20241023;101003;50.26;310;11328305806;S
20241023;101003;50.25;10;11328305807;S
20241023;101003;50.25;10;11328305808;S
20241023;101003;50.24;80;11328305842;S
20241023;101003;50.23;880;11328305843;S
20241023;101003;50.23;40;11328305844;S
20241023;101003;50.25;10;11328305913;B
20241023;101003;50.25;100;11328305915;B
20241023;101004;50.25;1000;11328306043;B
20241023;101004;50.25;20;11328306147;B
20241023;101004;50.24;300;11328306151;S
20241023;101004;50.24;100;11328306152;S
20241023;101004;50.24;20;11328306153;S
20241023;101004;50.24;200;11328306154;S
20241023;101004;50.23;3390;11328306155;S
20241023;101004;50.23;930;11328306156;S
20241023;101005;50.25;20;11328306247;B
20241023;101005;50.23;1440;11328306258;S
20241023;101005;50.23;10;11328306259;S
20241023;101005;50.23;50;11328306260;S
20241023;101005;50.23;3940;11328306261;S
20241023;101005;50.23;880;11328306262;S
20241023;101005;50.23;200;11328306263;S
20241023;101005;50.22;2480;11328306264;S
20241023;101005;50.25;470;11328306342;B
20241023;101006;50.25;20;11328306929;B
20241023;101006;50.24;70;11328306988;S
20241023;101006;50.23;1930;11328306989;S
20241023;101006;50.25;20;11328307145;B
20241023;101007;50.24;1000;11328307306;B
20241023;101010;50.24;100;11328308150;B
20241023;101010;50.23;2370;11328308191;S
20241023;101010;50.23;10;11328308192;S
20241023;101010;50.22;2520;11328308193;S
20241023;101010;50.22;1000;11328308194;S
20241023;101010;50.22;10;11328308195;S
20241023;101010;50.22;670;11328308196;S
20241023;101010;50.22;3940;11328308197;S
20241023;101010;50.21;3100;11328308198;S
20241023;101010;50.21;1990;11328308199;S
20241023;101010;50.21;10;11328308200;S
20241023;101010;50.21;10;11328308201;S
20241023;101010;50.21;30;11328308202;S
20241023;101010;50.21;100;11328308203;S
20241023;101010;50.21;210;11328308204;S
20241023;101010;50.21;20;11328308205;S
20241023;101010;50.21;880;11328308206;S
20241023;101010;50.21;670;11328308207;S
20241023;101010;50.2;10;11328308208;S
20241023;101010;50.2;50;11328308209;S
20241023;101010;50.2;2000;11328308210;S
20241023;101010;50.2;10;11328308211;S
20241023;101010;50.2;1000;11328308212;S
20241023;101010;50.2;10000;11328308213;S
20241023;101010;50.2;10;11328308214;S
20241023;101010;50.2;250;11328308215;S
20241023;101010;50.2;100;11328308216;S
20241023;101010;50.2;200;11328308217;S
20241023;101010;50.2;1600;11328308218;S
20241023;101010;50.2;100;11328308219;S
20241023;101010;50.2;2800;11328308220;S
20241023;101010;50.2;10;11328308221;S
20241023;101010;50.19;8140;11328308222;S
20241023;101010;50.2;400;11328308258;S
20241023;101010;50.23;110;11328308282;S
20241023;101010;50.23;360;11328308283;S
20241023;101010;50.23;60;11328308341;S
20241023;101010;50.21;20;11328308342;S
20241023;101010;50.21;200;11328308343;S
20241023;101010;50.2;1970;11328308344;S
20241023;101010;50.2;3940;11328308345;S
20241023;101010;50.19;1860;11328308346;S
20241023;101010;50.19;360;11328308347;S
20241023;101010;50.19;2800;11328308348;S
20241023;101010;50.18;10;11328308349;S
20241023;101010;50.18;2000;11328308350;S
20241023;101010;50.18;880;11328308351;S
20241023;101010;50.18;500;11328308352;S
20241023;101010;50.17;10;11328308353;S
20241023;101010;50.17;10;11328308354;S
20241023;101010;50.17;10;11328308355;S
20241023;101010;50.17;4580;11328308356;S
20241023;101010;50.24;10;11328308358;B
20241023;101010;50.2;10;11328308368;S
20241023;101010;50.2;10;11328308369;S
20241023;101010;50.2;90;11328308370;S
20241023;101010;50.2;20;11328308371;S
20241023;101010;50.2;40;11328308372;S
20241023;101010;50.24;390;11328308486;B
20241023;101010;50.24;20;11328308487;B
20241023;101010;50.24;10;11328308488;B
20241023;101010;50.24;190;11328308489;B
20241023;101010;50.25;110;11328308490;B
20241023;101010;50.25;400;11328308496;B
20241023;101011;50.22;10;11328308507;S
20241023;101011;50.21;30;11328308508;S
20241023;101011;50.21;10;11328308509;S
20241023;101011;50.21;20;11328308510;S
20241023;101011;50.2;90;11328308511;S
20241023;101011;50.2;10;11328308512;S
20241023;101011;50.2;130;11328308513;S
20241023;101011;50.2;110;11328308514;S
20241023;101011;50.2;80;11328308515;S
20241023;101011;50.2;10;11328308516;S
20241023;101011;50.25;10;11328308544;B
20241023;101011;50.25;20;11328308566;B
20241023;101011;50.25;2000;11328308585;B
20241023;101011;50.2;10;11328308606;S
20241023;101011;50.2;2370;11328308607;S
20241023;101011;50.2;10;11328308608;S
20241023;101011;50.2;10;11328308609;S
20241023;101011;50.2;200;11328308610;S
20241023;101011;50.2;100;11328308611;S
20241023;101011;50.2;10;11328308612;S
20241023;101011;50.2;3940;11328308613;S
20241023;101011;50.2;880;11328308614;S
20241023;101011;50.19;2470;11328308615;S
20241023;101011;50.22;50;11328308624;B
20241023;101012;50.22;1450;11328308776;B
20241023;101012;50.23;880;11328308777;B
20241023;101012;50.24;310;11328308778;B
20241023;101012;50.25;520;11328308779;B
20241023;101012;50.25;20;11328308780;B
20241023;101012;50.25;3940;11328308781;B
20241023;101012;50.26;4000;11328308782;B
20241023;101012;50.27;500;11328308783;B
20241023;101012;50.27;6740;11328308784;B
20241023;101016;50.28;10;11328309620;B
20241023;101016;50.28;50;11328309638;S
20241023;101017;50.28;940;11328309780;S
20241023;101017;50.28;10;11328309781;S
20241023;101017;50.26;880;11328309782;S
20241023;101017;50.25;100;11328309783;S
20241023;101017;50.25;40;11328309784;S
20241023;101025;50.26;40;11328311332;S
20241023;101025;50.25;10;11328311333;S
20241023;101025;50.24;10;11328311334;S
20241023;101025;50.24;500;11328311335;S
20241023;101025;50.24;2370;11328311336;S
20241023;101025;50.24;880;11328311337;S
20241023;101025;50.23;100;11328311338;S
20241023;101025;50.23;10;11328311339;S
20241023;101025;50.23;100;11328311340;S
20241023;101025;50.23;2800;11328311341;S
20241023;101025;50.23;4000;11328311342;S
20241023;101025;50.22;100;11328311343;S
20241023;101025;50.22;6740;11328311344;S
20241023;101025;50.21;10000;11328311345;S
20241023;101025;50.21;100;11328311346;S
20241023;101025;50.2;3940;11328311347;S
20241023;101025;50.19;10;11328311348;S
20241023;101025;50.19;10;11328311349;S
20241023;101025;50.19;10000;11328311350;S
20241023;101025;50.19;100;11328311351;S
20241023;101025;50.19;5000;11328311352;S
20241023;101025;50.18;10;11328311353;S
20241023;101025;50.18;10;11328311354;S
20241023;101025;50.18;20000;11328311355;S
20241023;101025;50.18;3160;11328311356;S
20241023;101026;50.22;1500;11328311384;S
20241023;101026;50.2;500;11328311385;S
20241023;101026;50.25;10;11328311388;S
20241023;101026;50.25;10;11328311488;S
20241023;101027;50.24;100;11328311640;B
20241023;101027;50.25;250;11328311641;B
20241023;101028;50.25;100;11328311823;B
20241023;101031;50.25;10;11328312076;B
20241023;101032;50.24;700;11328312374;B
20241023;101033;50.22;1500;11328312420;S
20241023;101033;50.2;100;11328312435;S
20241023;101033;50.2;10;11328312446;B
20241023;101033;50.22;300;11328312494;B
20241023;101033;50.2;30;11328312558;S
20241023;101033;50.19;100;11328312559;S
20241023;101033;50.19;100;11328312560;S
20241023;101033;50.18;300;11328312561;B
20241023;101033;50.18;2180;11328312562;B
20241023;101033;50.18;290;11328312585;B
20241023;101035;50.19;10;11328312751;S
20241023;101035;50.2;880;11328312841;S
20241023;101036;50.22;10;11328313046;B
20241023;101036;50.2;340;11328313072;S
20241023;101036;50.22;50;11328313127;B
20241023;101037;50.22;10;11328313326;B
20241023;101037;50.22;10;11328313346;B
20241023;101037;50.22;10;11328313464;B
20241023;101038;50.22;10;11328313573;B
20241023;101042;50.23;30;11328314203;B
20241023;101043;50.23;70;11328314445;B
20241023;101043;50.24;3780;11328314446;B
20241023;101045;50.22;10;11328314801;S
20241023;101045;50.22;190;11328314802;S
20241023;101046;50.25;890;11328314882;B
20241023;101046;50.25;110;11328314883;B
20241023;101049;50.25;90;11328315574;B
20241023;101049;50.26;2770;11328315575;B
20241023;101049;50.27;4000;11328315576;B
20241023;101049;50.27;2770;11328315577;B
20241023;101049;50.27;880;11328315578;B
20241023;101049;50.27;100;11328315579;S
20241023;101049;50.27;100;11328315580;S
20241023;101051;50.28;250;11328315865;B
20241023;101051;50.27;100;11328315872;S
20241023;101051;50.28;50;11328315914;B
20241023;101051;50.3;10;11328315915;B
20241023;101051;50.3;5000;11328315916;B
20241023;101051;50.3;400;11328315917;B
20241023;101051;50.31;10;11328315918;B
20241023;101051;50.31;2590;11328315919;B
20241023;101051;50.32;1940;11328315920;B
20241023;101052;50.33;10;11328315968;B
20241023;101052;50.34;90;11328315969;B
20241023;101053;50.32;250;11328316219;S
20241023;101053;50.3;750;11328316220;S
20241023;101054;50.34;200;11328316416;B
20241023;101054;50.34;170;11328316417;B
20241023;101054;50.35;320;11328316586;B
20241023;101056;50.35;10;11328317321;B
20241023;101058;50.35;620;11328317526;B
20241023;101058;50.33;370;11328317584;S
20241023;101058;50.35;10;11328317670;B
20241023;101101;50.35;1000;11328318094;B
20241023;101104;50.32;50;11328318795;S
20241023;101105;50.32;20;11328318984;S
20241023;101107;50.34;550;11328319282;B
20241023;101108;50.33;70;11328319529;B
20241023;101109;50.32;10;11328319636;S
20241023;101109;50.33;30;11328319770;B
20241023;101109;50.33;170;11328319771;B
20241023;101110;50.34;140;11328319808;B
20241023;101111;50.34;190;11328319902;B
20241023;101111;50.34;120;11328319923;B
20241023;101111;50.35;1440;11328319924;B
20241023;101111;50.35;580;11328319925;B
20241023;101111;50.36;10;11328319926;B
20241023;101111;50.36;580;11328319927;B
20241023;101111;50.37;30;11328319928;B
20241023;101111;50.38;200;11328319929;B
20241023;101111;50.38;4110;11328319930;B
20241023;101111;50.38;880;11328319931;B
20241023;101111;50.39;50;11328319932;B
20241023;101111;50.36;50;11328319976;S
20241023;101114;50.38;100;11328320352;B
20241023;101114;50.38;180;11328320353;B
20241023;101114;50.39;560;11328320354;B
20241023;101114;50.39;2050;11328320355;B
20241023;101114;50.4;110;11328320356;B
20241023;101115;50.4;100;11328320540;B
20241023;101116;50.4;100;11328320569;B
20241023;101117;50.37;1580;11328320769;S
20241023;101120;50.39;100;11328321184;B
20241023;101120;50.39;3000;11328321185;B
20241023;101120;50.4;1900;11328321186;B
20241023;101120;50.4;2790;11328321267;B
20241023;101120;50.4;1000;11328321268;B
20241023;101127;50.43;80;11328322433;B
20241023;101127;50.44;10;11328322444;B
20241023;101127;50.44;20;11328322494;B
20241023;101127;50.44;20;11328322495;B
20241023;101127;50.44;140;11328322496;B
20241023;101128;50.44;2500;11328322508;B
20241023;101128;50.44;3050;11328322622;B
20241023;101128;50.44;500;11328322623;B
20241023;101128;50.45;1450;11328322624;B
20241023;101129;50.43;20;11328322707;S
20241023;101129;50.45;40;11328322730;B
20241023;101133;50.45;90;11328323317;B
20241023;101134;50.44;10;11328323525;B
20241023;101137;50.44;30;11328323921;B
20241023;101137;50.44;180;11328324014;B
20241023;101140;50.43;10;11328324439;S
20241023;101140;50.43;190;11328324440;S
20241023;101141;50.44;170;11328324519;B
20241023;101141;50.44;100;11328324539;B
20241023;101142;50.44;800;11328324750;B
20241023;101142;50.44;100;11328324797;B
20241023;101146;50.44;10;11328325289;B
20241023;101148;50.44;3600;11328325632;B
20241023;101148;50.44;1000;11328325633;B
20241023;101148;50.45;800;11328325634;B
20241023;101153;50.44;40;11328326531;S
20241023;101153;50.44;260;11328326532;S
20241023;101154;50.45;10;11328326641;B
20241023;101154;50.45;10;11328326704;B
20241023;101155;50.44;150;11328326751;S
20241023;101155;50.44;500;11328326878;S
20241023;101156;50.45;200;11328327011;B
20241023;101159;50.45;20;11328327387;B
20241023;101205;50.45;100;11328328263;B
20241023;101205;50.45;50;11328328283;B
20241023;101207;50.45;100;11328328518;B
20241023;101207;50.44;10;11328328549;S
20241023;101207;50.45;50;11328328590;B
20241023;101207;50.44;30;11328328595;S
20241023;101207;50.45;10;11328328617;B
20241023;101207;50.44;50;11328328618;S
20241023;101209;50.44;10;11328328862;S
20241023;101211;50.45;20;11328329086;B
20241023;101212;50.45;40;11328329209;B
20241023;101212;50.45;5990;11328329266;B
20241023;101212;50.45;3400;11328329267;B
20241023;101212;50.45;140;11328329268;B
20241023;101212;50.45;10000;11328329269;B
20241023;101212;50.45;470;11328329270;B
20241023;101216;50.45;30;11328329672;B
20241023;101216;50.46;470;11328329673;B
20241023;101216;50.46;30;11328329784;B
20241023;101218;50.44;10;11328329924;S
20241023;101218;50.44;10;11328329925;S
20241023;101218;50.43;1060;11328329926;S
20241023;101218;50.42;10;11328329927;S
20241023;101218;50.42;590;11328329928;S
20241023;101218;50.42;320;11328329929;S
20241023;101218;50.41;500;11328330089;S
20241023;101229;50.46;500;11328331491;B
20241023;101238;50.46;300;11328332514;B
20241023;101238;50.46;100;11328332515;B
20241023;101242;50.45;570;11328332967;B
20241023;101244;50.46;900;11328333096;B
20241023;101244;50.47;2370;11328333097;B
20241023;101244;50.47;820;11328333098;B
20241023;101244;50.47;880;11328333099;B
20241023;101244;50.48;10;11328333100;B
20241023;101244;50.48;2990;11328333101;B
20241023;101244;50.48;90;11328333102;B
20241023;101244;50.48;820;11328333103;B
20241023;101244;50.48;590;11328333104;B
20241023;101244;50.48;600;11328333105;B
20241023;101245;50.48;1470;11328333366;S
20241023;101247;50.48;7360;11328333719;S
20241023;101252;50.44;650;11328334390;S
20241023;101252;50.44;4350;11328334391;S
20241023;101252;50.44;300;11328334392;S
20241023;101252;50.44;100;11328334393;S
20241023;101252;50.44;1500;11328334394;S
20241023;101252;50.42;10;11328334395;S
20241023;101252;50.42;1500;11328334396;S
20241023;101253;50.43;10;11328334568;B
20241023;101254;50.45;20;11328334591;B
20241023;101257;50.44;100;11328334935;B
20241023;101258;50.44;50;11328335044;S
20241023;101306;50.44;100;11328336247;B
20241023;101309;50.43;100;11328336650;B
20241023;101309;50.45;10;11328336667;B
20241023;101312;50.41;160;11328337074;S
20241023;101313;50.41;1000;11328337199;S
20241023;101314;50.44;10;11328337405;B
20241023;101314;50.44;20;11328337406;B
20241023;101316;50.44;10;11328337634;B
20241023;101320;50.44;60;11328338305;B
20241023;101323;50.44;130;11328338802;B
20241023;101323;50.44;880;11328338803;B
20241023;101323;50.45;400;11328338804;B
20241023;101330;50.47;10;11328339592;B
20241023;101330;50.46;200;11328339663;B
20241023;101330;50.47;780;11328339664;B
20241023;101330;50.45;10;11328339731;S
20241023;101335;50.45;100;11328340365;S
20241023;101342;50.45;600;11328341249;S
20241023;101342;50.45;1000;11328341261;S
20241023;101346;50.45;60;11328342031;S
20241023;101348;50.45;10;11328342225;S
20241023;101348;50.45;1230;11328342307;S
20241023;101350;50.46;10;11328342543;B
20241023;101350;50.45;20;11328342551;S
20241023;101352;50.46;20;11328342743;B
20241023;101352;50.45;2750;11328342744;S
20241023;101352;50.46;20;11328342755;B
20241023;101356;50.46;20;11328343057;S
20241023;101357;50.46;30;11328343157;S
20241023;101357;50.45;2940;11328343158;S
20241023;101359;50.46;100;11328343445;B
20241023;101359;50.45;1000;11328343490;S
20241023;101401;50.45;30;11328343752;S
20241023;101401;50.46;500;11328343760;B
20241023;101404;50.45;10;11328344075;S
20241023;101404;50.45;100;11328344076;S
20241023;101404;50.45;300;11328344077;S
20241023;101404;50.44;10;11328344078;S
20241023;101404;50.42;1000;11328344079;S
20241023;101404;50.42;1500;11328344080;S
20241023;101404;50.41;10;11328344081;S
20241023;101404;50.41;10;11328344082;S
20241023;101404;50.41;500;11328344083;S
20241023;101408;50.42;610;11328344630;B
20241023;101408;50.43;880;11328344631;B
20241023;101408;50.43;610;11328344632;B
20241023;101408;50.43;1000;11328344633;B
20241023;101408;50.45;500;11328344634;B
20241023;101408;50.46;1030;11328344635;B
20241023;101408;50.47;3940;11328344636;B
20241023;101408;50.47;9720;11328344637;B
20241023;101409;50.4;40;11328344741;S
20241023;101409;50.4;10;11328344742;S
20241023;101409;50.4;100;11328344743;S
20241023;101409;50.4;10;11328344744;S
20241023;101409;50.4;10;11328344745;S
20241023;101409;50.4;10;11328344746;S
20241023;101409;50.4;10;11328344747;S
20241023;101409;50.4;1000;11328344748;S
20241023;101409;50.4;10;11328344749;S
20241023;101409;50.4;30;11328344750;S
20241023;101409;50.4;1000;11328344751;S
20241023;101409;50.4;480;11328344752;S
20241023;101409;50.4;200;11328344753;S
20241023;101409;50.39;450;11328344754;S
20241023;101409;50.39;640;11328344755;S
20241023;101410;50.43;80;11328344861;B
20241023;101410;50.38;500;11328344865;S
20241023;101414;50.38;10;11328345235;S
20241023;101414;50.37;10;11328345236;S
20241023;101414;50.37;40;11328345237;S
20241023;101414;50.36;70;11328345238;S
20241023;101427;50.39;100;11328346904;B
20241023;101433;50.41;10;11328347971;B
20241023;101434;50.41;260;11328348076;B
20241023;101434;50.42;510;11328348077;B
20241023;101434;50.42;2370;11328348078;B
20241023;101434;50.42;3940;11328348079;B
20241023;101434;50.43;1000;11328348080;B
20241023;101434;50.43;880;11328348081;B
20241023;101434;50.43;510;11328348082;B
20241023;101434;50.43;510;11328348083;B
20241023;101434;50.44;300;11328348090;B
20241023;101435;50.43;500;11328348184;S
20241023;101435;50.43;180;11328348295;S
20241023;101435;50.43;240;11328348297;S
20241023;101436;50.43;20;11328348386;S
20241023;101451;50.45;3280;11328350924;S
20241023;101451;50.45;10;11328350925;S
20241023;101451;50.45;200;11328350926;S
20241023;101451;50.44;840;11328350927;S
20241023;101451;50.44;880;11328350928;S
20241023;101451;50.43;18530;11328350929;S
20241023;101451;50.43;840;11328350930;S
20241023;101451;50.43;1000;11328350931;S
20241023;101500;50.42;10;11328352475;B
20241023;101502;50.43;20;11328352872;B
20241023;101506;50.42;10;11328353505;B
20241023;101507;50.42;250;11328353660;B
20241023;101509;50.42;10;11328354041;B
20241023;101509;50.42;10;11328354175;B
20241023;101510;50.42;10;11328354190;B
20241023;101510;50.42;2340;11328354264;B
20241023;101510;50.43;1460;11328354265;B
20241023;101514;50.41;10;11328355608;S
20241023;101515;50.41;50;11328356013;S
20241023;101515;50.41;30;11328356014;S
20241023;101516;50.42;10;11328356535;B
20241023;101518;50.41;210;11328356922;S
20241023;101518;50.41;50;11328356923;S
20241023;101518;50.41;20;11328356924;S
20241023;101518;50.41;70;11328356925;S
20241023;101518;50.41;70;11328356926;S
20241023;101518;50.41;60;11328356927;S
20241023;101518;50.4;10;11328356928;S
20241023;101518;50.4;20;11328356929;S
20241023;101518;50.39;90;11328356930;S
20241023;101518;50.39;100;11328356986;S
20241023;101518;50.38;3000;11328356987;S
20241023;101518;50.38;1900;11328356988;S
20241023;101518;50.37;140;11328357060;S
20241023;101521;50.41;550;11328357972;B
20241023;101522;50.37;1000;11328358239;S
20241023;101522;50.37;870;11328358240;S
20241023;101522;50.36;3130;11328358241;S
20241023;101527;50.35;10;11328359623;S
20241023;101527;50.35;100;11328359624;S
20241023;101527;50.35;1000;11328359625;S
20241023;101527;50.35;250;11328359626;S
20241023;101527;50.35;3000;11328359627;S
20241023;101527;50.35;250;11328359628;S
20241023;101527;50.35;600;11328359629;S
20241023;101527;50.35;500;11328359630;S
20241023;101527;50.35;80;11328359631;S
20241023;101527;50.34;10;11328359632;S
20241023;101527;50.34;500;11328359633;S
20241023;101527;50.34;880;11328359634;S
20241023;101527;50.34;6640;11328359635;S
20241023;101527;50.34;870;11328359636;S
20241023;101527;50.33;3400;11328359637;S
20241023;101527;50.33;1910;11328359638;S
20241023;101527;50.33;2090;11328359781;S
20241023;101527;50.33;2000;11328359782;S
20241023;101527;50.32;1920;11328359783;S
20241023;101527;50.32;10;11328359784;S
20241023;101527;50.32;10;11328359785;S
20241023;101527;50.32;880;11328359786;S
20241023;101527;50.32;1000;11328359787;S
20241023;101527;50.32;580;11328359788;S
20241023;101527;50.31;1000;11328359789;S
20241023;101527;50.3;40;11328359790;S
20241023;101527;50.3;20;11328359791;S
20241023;101527;50.3;450;11328359792;S
20241023;101528;50.34;10;11328359914;B
20241023;101531;50.3;50;11328360681;S
20241023;101531;50.34;990;11328360719;B
20241023;101531;50.34;880;11328360720;B
20241023;101531;50.36;3940;11328360721;B
20241023;101531;50.36;500;11328360722;B
20241023;101531;50.37;4000;11328360723;B
20241023;101531;50.37;690;11328360724;B
20241023;101531;50.38;10000;11328360725;B
20241023;101531;50.39;750;11328360726;B
20241023;101531;50.4;5000;11328360727;B
20241023;101531;50.41;260;11328360728;B
20241023;101531;50.42;10;11328360729;B
20241023;101531;50.42;100;11328360730;B
20241023;101531;50.42;10260;11328360731;B
20241023;101531;50.42;2370;11328360732;B
20241023;101531;50.43;35250;11328360733;B
20241023;101531;50.42;1200;11328360734;B
20241023;101531;50.42;160;11328360887;B
20241023;101533;50.41;260;11328361283;B
20241023;101542;50.43;10;11328363459;B
20241023;101543;50.41;100;11328363527;S
20241023;101543;50.41;220;11328363562;S
20241023;101548;50.43;150;11328364685;B
20241023;101553;50.41;420;11328365751;S
20241023;101553;50.41;10;11328365752;S
20241023;101553;50.4;570;11328365753;S
20241023;101554;50.38;40;11328365941;S
20241023;101558;50.43;20;11328366710;B
20241023;101558;50.39;500;11328366779;S
20241023;101600;50.39;500;11328367067;S
20241023;101603;50.38;500;11328367558;S
20241023;101605;50.38;10;11328367829;S
20241023;101605;50.38;40;11328367830;S
20241023;101605;50.37;20;11328367831;S
20241023;101605;50.37;360;11328367832;S
20241023;101607;50.42;10;11328368352;B
20241023;101610;50.42;600;11328369143;B
20241023;101612;50.38;10;11328369444;S
20241023;101612;50.38;10;11328369445;S
20241023;101612;50.38;480;11328369446;S
20241023;101616;50.42;60;11328369964;B
20241023;101617;50.37;880;11328370125;S
20241023;101617;50.37;1120;11328370126;S
20241023;101622;50.37;160;11328370851;S
20241023;101628;50.38;50;11328371812;B
20241023;101633;50.37;10;11328372649;S
20241023;101635;50.38;20;11328372945;B
20241023;101635;50.4;20;11328372946;B
20241023;101639;50.41;2370;11328373617;B
20241023;101639;50.42;790;11328373618;B
20241023;101639;50.42;3940;11328373619;B
20241023;101639;50.42;650;11328373620;B
20241023;101639;50.42;880;11328373621;B
20241023;101639;50.43;810;11328373622;B
20241023;101639;50.43;560;11328373623;B
20241023;101642;50.4;2500;11328373995;S
20241023;101642;50.39;30;11328374029;S
20241023;101642;50.39;730;11328374030;S
20241023;101642;50.38;10;11328374031;S
20241023;101642;50.38;610;11328374032;S
20241023;101642;50.38;10;11328374033;S
20241023;101642;50.38;8610;11328374034;S
20241023;101644;50.37;20;11328374262;S
20241023;101644;50.37;20;11328374263;S
20241023;101644;50.37;500;11328374264;S
20241023;101647;50.37;1000;11328374551;S
20241023;101653;50.37;150;11328375312;S
20241023;101654;50.4;130;11328375511;B
20241023;101658;50.39;10;11328376088;B
20241023;101701;50.37;1350;11328376407;S
20241023;101701;50.37;1000;11328376408;S
20241023;101701;50.36;20;11328376409;S
20241023;101701;50.36;90;11328376410;S
20241023;101701;50.35;10;11328376411;S
20241023;101701;50.35;500;11328376412;S
20241023;101701;50.35;10;11328376413;S
20241023;101701;50.35;10000;11328376414;S
20241023;101701;50.35;670;11328376415;S
20241023;101701;50.35;1000;11328376416;S
20241023;101701;50.35;100;11328376417;S
20241023;101702;50.35;110;11328376486;B
20241023;101702;50.34;10;11328376535;S
20241023;101702;50.34;40;11328376536;S
20241023;101702;50.33;10;11328376537;S
20241023;101702;50.32;10;11328376538;S
20241023;101702;50.32;10;11328376539;S
20241023;101702;50.32;920;11328376540;S
20241023;101702;50.35;10;11328376550;B
20241023;101702;50.35;50;11328376551;B
20241023;101703;50.35;30;11328376616;B
20241023;101705;50.35;20;11328376849;B
20241023;101709;50.35;10;11328377308;B
20241023;101709;50.35;20;11328377310;B
20241023;101709;50.35;40;11328377311;B
20241023;101709;50.35;510;11328377312;B
20241023;101709;50.36;1000;11328377313;B
20241023;101709;50.36;510;11328377314;B
20241023;101709;50.37;10;11328377315;B
20241023;101709;50.37;880;11328377316;B
20241023;101709;50.37;60;11328377317;B
20241023;101712;50.39;40;11328377531;B
20241023;101712;50.39;90;11328377550;B
20241023;101713;50.37;10;11328377713;S
20241023;101714;50.37;200;11328377962;S
20241023;101718;50.37;90;11328378733;S
20241023;101720;50.37;60;11328378914;S
20241023;101720;50.37;1070;11328378957;S
20241023;101721;50.37;500;11328379042;S
20241023;101721;50.37;5040;11328379043;S
20241023;101721;50.37;30;11328379044;S
20241023;101723;50.33;10;11328379570;S
20241023;101727;50.35;20;11328380066;B
20241023;101730;50.33;200;11328380805;S
20241023;101731;50.36;80;11328380968;B
20241023;101733;50.33;2000;11328381165;S
20241023;101733;50.34;70;11328381303;S
20241023;101736;50.34;10;11328381616;S
20241023;101736;50.34;20;11328381624;S
20241023;101736;50.33;60;11328381625;S
20241023;101736;50.33;920;11328381743;S
20241023;101736;50.33;1500;11328381744;S
20241023;101736;50.31;1070;11328381746;S
20241023;101736;50.31;10;11328381747;S
20241023;101736;50.31;1070;11328381748;S
20241023;101737;50.32;290;11328381889;B
20241023;101737;50.32;200;11328381890;B
20241023;101737;50.33;1000;11328381891;B
20241023;101737;50.33;290;11328381892;B
20241023;101737;50.34;1330;11328381893;B
20241023;101737;50.34;1890;11328381894;B
20241023;101741;50.34;10;11328382568;B
20241023;101744;50.31;200;11328383056;S
20241023;101752;50.31;60;11328384107;S
20241023;101752;50.31;10;11328384220;S
20241023;101752;50.34;50;11328384282;B
20241023;101754;50.32;100;11328384593;S
20241023;101754;50.31;400;11328384594;S
20241023;101756;50.32;10;11328385054;B
20241023;101758;50.32;10;11328385234;B
20241023;101759;50.31;240;11328385460;S
20241023;101801;50.31;150;11328385697;S
20241023;101802;50.31;10;11328385978;S
20241023;101802;50.31;290;11328385979;S
20241023;101802;50.31;480;11328385993;S
20241023;101805;50.32;500;11328386410;B
20241023;101806;50.31;10;11328386515;S
20241023;101809;50.31;200;11328386791;S
20241023;101812;50.32;10;11328387120;B
20241023;101816;50.31;20;11328387364;S
20241023;101816;50.31;30;11328387365;S
20241023;101816;50.31;10;11328387430;S
20241023;101821;50.32;10;11328388073;B
20241023;101823;50.32;10;11328388236;B
20241023;101824;50.31;210;11328388382;S
20241023;101824;50.31;290;11328388383;S
20241023;101828;50.32;20;11328388675;B
20241023;101829;50.31;6500;11328388871;S
20241023;101829;50.31;10;11328388872;S
20241023;101829;50.31;20;11328388873;S
20241023;101829;50.3;10;11328388874;S
20241023;101829;50.3;10;11328388875;S
20241023;101829;50.3;50;11328388876;S
20241023;101829;50.3;20;11328388877;S
20241023;101829;50.3;1370;11328388878;S
20241023;101830;50.3;610;11328388951;S
20241023;101830;50.3;50;11328388952;S
20241023;101830;50.3;10;11328388953;S
20241023;101830;50.3;10;11328388954;S
20241023;101830;50.3;10;11328388955;S
20241023;101830;50.3;540;11328388956;S
20241023;101830;50.3;10;11328388957;S
20241023;101830;50.3;20;11328388958;S
20241023;101830;50.3;6870;11328388959;S
20241023;101830;50.3;800;11328388960;S
20241023;101830;50.29;10;11328389008;S
20241023;101830;50.29;10;11328389009;S
20241023;101830;50.29;500;11328389010;S
20241023;101830;50.29;100;11328389011;B
20241023;101831;50.28;10;11328389116;S
20241023;101831;50.27;40;11328389117;S
20241023;101831;50.27;10;11328389118;S
20241023;101831;50.27;10;11328389119;S
20241023;101831;50.27;60;11328389120;S
20241023;101836;50.28;100;11328389626;B
20241023;101837;50.28;10;11328389808;B
20241023;101841;50.27;100;11328390418;S
20241023;101841;50.28;10;11328390431;B
20241023;101843;50.27;200;11328390643;S
20241023;101843;50.28;10;11328390675;B
20241023;101843;50.27;10;11328390687;S
20241023;101845;50.27;130;11328390954;S
20241023;101845;50.27;320;11328390955;S
20241023;101845;50.28;10;11328390957;B
20241023;101846;50.27;80;11328391054;S
20241023;101846;50.27;100;11328391055;S
20241023;101846;50.26;10;11328391056;S
20241023;101846;50.26;10;11328391057;S
20241023;101846;50.25;500;11328391058;S
20241023;101846;50.25;10;11328391059;S
20241023;101846;50.25;20;11328391060;S
20241023;101846;50.25;410;11328391061;S
20241023;101846;50.25;1850;11328391062;S
20241023;101847;50.24;10;11328391177;S
20241023;101847;50.24;2490;11328391178;S
20241023;101847;50.24;100;11328391197;S
20241023;101847;50.26;520;11328391222;B
20241023;101847;50.26;200;11328391223;B
20241023;101847;50.26;740;11328391224;B
20241023;101847;50.27;880;11328391225;B
20241023;101847;50.27;520;11328391226;B
20241023;101847;50.28;600;11328391227;B
20241023;101847;50.29;3940;11328391228;B
20241023;101847;50.29;2370;11328391229;B
20241023;101847;50.3;1070;11328391230;B
20241023;101847;50.3;1590;11328391231;B
20241023;101847;50.3;2580;11328391232;B
20241023;101848;50.31;10;11328391279;B
20241023;101849;50.29;10;11328391589;B
20241023;101851;50.25;80;11328391819;S
20241023;101852;50.25;180;11328391890;S
20241023;101853;50.25;50;11328392128;S
20241023;101855;50.24;510;11328392385;S
20241023;101855;50.27;10;11328392417;B
20241023;101857;50.24;20;11328392571;S
20241023;101857;50.24;1000;11328392572;S
20241023;101857;50.24;5200;11328392573;S
20241023;101857;50.24;880;11328392574;S
20241023;101857;50.24;200;11328392575;S
20241023;101857;50.23;10;11328392576;S
20241023;101857;50.23;100;11328392577;S
20241023;101857;50.23;500;11328392578;S
20241023;101857;50.23;4500;11328392579;S
20241023;101857;50.23;330;11328392580;S
20241023;101857;50.22;20;11328392581;S
20241023;101857;50.22;100;11328392582;S
20241023;101857;50.22;1000;11328392583;S
20241023;101857;50.22;200;11328392584;S
20241023;101857;50.22;1000;11328392585;S
20241023;101857;50.22;10;11328392586;S
20241023;101857;50.22;100;11328392587;S
20241023;101857;50.22;10;11328392588;S
20241023;101857;50.22;100;11328392589;S
20241023;101857;50.22;4800;11328392590;S
20241023;101857;50.22;390;11328392591;S
20241023;101857;50.21;40;11328392592;S
20241023;101857;50.21;10000;11328392593;S
20241023;101857;50.21;250;11328392594;S
20241023;101857;50.21;10;11328392595;S
20241023;101857;50.21;80;11328392596;S
20241023;101857;50.2;10;11328392597;S
20241023;101857;50.2;10;11328392598;S
20241023;101857;50.2;2500;11328392599;S
20241023;101857;50.2;40;11328392600;S
20241023;101857;50.2;10;11328392601;S
20241023;101857;50.2;10;11328392602;S
20241023;101857;50.2;300;11328392603;S
20241023;101857;50.2;2000;11328392604;S
20241023;101857;50.2;3000;11328392605;S
20241023;101857;50.2;80;11328392606;S
20241023;101857;50.2;10;11328392607;S
20241023;101857;50.2;10;11328392608;S
20241023;101857;50.2;500;11328392609;S
20241023;101857;50.2;200;11328392610;S
20241023;101857;50.2;100;11328392611;S
20241023;101857;50.2;10;11328392612;S
20241023;101857;50.2;100;11328392613;S
20241023;101857;50.2;1390;11328392614;S
20241023;101857;50.19;10;11328392615;S
20241023;101857;50.19;10;11328392616;S
20241023;101857;50.19;100;11328392617;S
20241023;101857;50.19;990;11328392618;S
20241023;101857;50.18;10;11328392619;S
20241023;101857;50.18;30;11328392620;S
20241023;101857;50.18;30;11328392621;S
20241023;101857;50.18;10;11328392622;S
20241023;101857;50.18;250;11328392623;S
20241023;101857;50.18;50;11328392624;S
20241023;101857;50.18;1000;11328392625;S
20241023;101857;50.18;10;11328392626;S
20241023;101857;50.18;600;11328392627;S
20241023;101857;50.18;10000;11328392628;S
20241023;101857;50.17;9820;11328392629;S
20241023;101857;50.17;200;11328392630;S
20241023;101857;50.17;10;11328392631;S
20241023;101857;50.17;10;11328392632;S
20241023;101857;50.17;10;11328392633;S
20241023;101857;50.17;10000;11328392634;S
20241023;101857;50.17;720;11328392635;S
20241023;101857;50.22;530;11328392700;B
20241023;101857;50.18;2500;11328392714;S
20241023;101859;50.18;100;11328393079;S
20241023;101859;50.18;100;11328393080;S
20241023;101904;50.18;640;11328393792;B
20241023;101905;50.17;20;11328394159;S
20241023;101905;50.16;20;11328394160;S
20241023;101905;50.17;10;11328394164;S
20241023;101905;50.16;30;11328394165;S
20241023;101905;50.16;10;11328394166;S
20241023;101905;50.16;100;11328394167;S
20241023;101907;50.18;50;11328394540;B
20241023;101909;50.16;400;11328394756;S
20241023;101909;50.16;10;11328394757;S
20241023;101909;50.16;10;11328394758;S
20241023;101909;50.16;10;11328394759;S
20241023;101909;50.16;10;11328394760;S
20241023;101909;50.16;200;11328394761;S
20241023;101909;50.16;400;11328394762;S
20241023;101909;50.16;200;11328394763;S
20241023;101909;50.16;150;11328394911;B
20241023;101910;50.17;250;11328395051;S
20241023;101911;50.18;210;11328395160;B
20241023;101911;50.18;140;11328395161;B
20241023;101911;50.16;100;11328395192;S
20241023;101912;50.16;2270;11328395241;S
20241023;101912;50.16;880;11328395242;S
20241023;101912;50.15;200;11328395243;S
20241023;101912;50.15;20;11328395244;S
20241023;101912;50.15;10;11328395245;S
20241023;101912;50.15;50;11328395246;S
20241023;101912;50.15;10;11328395247;S
20241023;101912;50.15;100;11328395248;S
20241023;101912;50.15;20;11328395249;S
20241023;101912;50.15;5000;11328395250;S
20241023;101912;50.15;10;11328395251;S
20241023;101912;50.15;10;11328395252;S
20241023;101912;50.15;1000;11328395253;S
20241023;101912;50.14;10;11328395254;S
20241023;101912;50.14;10;11328395255;S
20241023;101912;50.14;10;11328395256;S
20241023;101912;50.14;10;11328395257;S
20241023;101912;50.14;140;11328395258;S
20241023;101912;50.13;10;11328395259;S
20241023;101912;50.13;10;11328395260;S
20241023;101912;50.13;10;11328395261;S
20241023;101912;50.13;500;11328395262;S
20241023;101912;50.13;10;11328395263;S
20241023;101912;50.13;10;11328395264;S
20241023;101912;50.13;10;11328395265;S
20241023;101912;50.13;10;11328395266;S
20241023;101912;50.13;1300;11328395267;S
20241023;101912;50.12;20;11328395268;S
20241023;101912;50.12;10;11328395269;S
20241023;101912;50.12;500;11328395270;S
20241023;101912;50.12;500;11328395271;S
20241023;101912;50.12;50;11328395272;S
20241023;101912;50.12;50;11328395273;S
20241023;101912;50.12;10;11328395274;S
20241023;101912;50.12;100;11328395275;S
20241023;101912;50.12;100;11328395276;S
20241023;101912;50.12;7100;11328395277;S
20241023;101912;50.12;3940;11328395278;S
20241023;101912;50.11;30;11328395279;S
20241023;101912;50.11;10;11328395280;S
20241023;101912;50.11;30;11328395281;S
20241023;101912;50.11;50;11328395282;S
20241023;101912;50.11;10;11328395283;S
20241023;101912;50.11;20;11328395284;S
20241023;101912;50.11;10000;11328395285;S
20241023;101912;50.11;6000;11328395286;S
20241023;101912;50.1;10;11328395287;S
20241023;101912;50.1;10;11328395288;S
20241023;101912;50.1;50;11328395289;S
20241023;101912;50.1;500;11328395290;S
20241023;101912;50.1;10;11328395291;S
20241023;101912;50.1;100;11328395292;S
20241023;101912;50.1;100;11328395293;S
20241023;101912;50.1;500;11328395294;S
20241023;101912;50.1;50;11328395295;S
20241023;101912;50.1;6000;11328395296;S
20241023;101912;50.1;10;11328395297;S
20241023;101912;50.1;50;11328395298;S
20241023;101912;50.1;50;11328395299;S
20241023;101912;50.1;1000;11328395300;S
20241023;101912;50.1;20;11328395301;S
20241023;101912;50.1;100;11328395302;S
20241023;101912;50.1;500;11328395303;S
20241023;101912;50.1;50;11328395304;S
20241023;101912;50.1;10;11328395305;S
20241023;101912;50.1;1000;11328395306;S
20241023;101912;50.1;10;11328395307;S
20241023;101912;50.1;20;11328395308;S
20241023;101912;50.1;10;11328395309;S
20241023;101912;50.1;10;11328395310;S
20241023;101912;50.1;10;11328395311;S
20241023;101912;50.1;5000;11328395312;S
20241023;101912;50.09;10;11328395313;S
20241023;101912;50.09;50000;11328395314;S
20241023;101912;50.09;10;11328395315;S
20241023;101912;50.09;50;11328395316;S
20241023;101912;50.09;10000;11328395317;S
20241023;101912;50.09;12940;11328395318;B
20241023;101912;50.09;11780;11328395319;B
20241023;101912;50.08;500;11328395321;S
20241023;101912;50.08;10;11328395322;S
20241023;101912;50.08;20;11328395323;S
20241023;101912;50.08;270;11328395324;S
20241023;101912;50.09;30;11328395351;B
20241023;101912;50.09;30;11328395385;B
20241023;101912;50.08;230;11328395387;S
20241023;101912;50.08;10;11328395388;S
20241023;101912;50.08;100;11328395389;S
20241023;101912;50.08;20;11328395390;S
20241023;101912;50.08;170;11328395391;S
20241023;101912;50.07;200;11328395392;S
20241023;101912;50.07;80;11328395393;S
20241023;101912;50.07;10;11328395394;S
20241023;101912;50.07;80;11328395395;S
20241023;101912;50.08;10;11328395398;S
20241023;101912;50.09;320;11328395400;B
20241023;101912;50.09;10;11328395401;B
20241023;101912;50.09;140;11328395404;B
20241023;101912;50.09;2940;11328395405;B
20241023;101912;50.09;100;11328395409;B
20241023;101912;50.09;200;11328395410;B
20241023;101912;50.09;360;11328395411;B
20241023;101912;50.07;270;11328395412;S
20241023;101912;50.09;10;11328395418;B
20241023;101912;50.09;250;11328395419;B
20241023;101912;50.09;50;11328395421;B
20241023;101912;50.09;7780;11328395422;B
20241023;101912;50.09;1000;11328395423;B
20241023;101912;50.07;10;11328395424;S
20241023;101912;50.09;200;11328395425;B
20241023;101912;50.07;110;11328395427;S
20241023;101912;50.09;10;11328395429;B
20241023;101912;50.09;10;11328395430;B
20241023;101912;50.09;250;11328395431;B
20241023;101912;50.09;200;11328395433;B
20241023;101912;50.07;1980;11328395441;S
20241023;101912;50.07;1000;11328395442;S
20241023;101912;50.06;300;11328395443;S
20241023;101912;50.09;10;11328395453;B
20241023;101912;50.08;10;11328395458;S
20241023;101912;50.08;190;11328395459;S
20241023;101913;50.08;10;11328395464;S
20241023;101913;50.09;1200;11328395466;B
20241023;101913;50.09;10;11328395467;B
20241023;101913;50.09;10;11328395481;B
20241023;101913;50.09;200;11328395491;B
20241023;101913;50.09;10;11328395495;B
20241023;101913;50.09;1500;11328395506;B
20241023;101913;50.09;1110;11328395519;B
20241023;101913;50.09;10;11328395521;B
20241023;101913;50.09;10;11328395527;B
20241023;101913;50.08;170;11328395533;S
20241023;101913;50.08;10;11328395534;S
20241023;101913;50.08;1190;11328395535;S
20241023;101913;50.08;30;11328395536;S
20241023;101913;50.08;1380;11328395549;B
20241023;101913;50.08;200;11328395557;B
20241023;101913;50.08;700;11328395562;B
20241023;101913;50.08;150;11328395568;B
20241023;101913;50.08;100;11328395570;B
20241023;101913;50.08;10;11328395571;B
20241023;101913;50.08;10;11328395572;B
20241023;101913;50.08;10;11328395577;B
20241023;101913;50.08;90;11328395579;B
20241023;101913;50.08;100;11328395580;B
20241023;101913;50.08;10;11328395582;B
20241023;101913;50.08;50;11328395585;B
20241023;101913;50.08;20;11328395588;B
20241023;101913;50.08;10;11328395616;B
20241023;101913;50.08;1000;11328395641;B
20241023;101913;50.08;1000;11328395643;B
20241023;101913;50.08;70;11328395646;B
20241023;101913;50.07;10;11328395647;S
20241023;101913;50.07;250;11328395648;S
20241023;101913;50.06;20;11328395649;S
20241023;101913;50.06;1000;11328395650;S
20241023;101913;50.06;200;11328395651;S
20241023;101913;50.06;10;11328395652;S
20241023;101913;50.06;210;11328395653;S
20241023;101913;50.08;10;11328395656;B
20241023;101913;50.08;10;11328395657;B
20241023;101913;50.08;170;11328395661;B
20241023;101913;50.09;5230;11328395667;B
20241023;101915;50.09;1000;11328395880;B
20241023;101915;50.09;200;11328395908;B
20241023;101916;50.09;1000;11328396242;B
20241023;101917;50.09;10;11328396349;B
20241023;101917;50.09;20;11328396385;B
20241023;101918;50.09;24020;11328396400;B
20241023;101918;50.11;10000;11328396401;B
20241023;101920;50.14;20;11328396799;B
20241023;101920;50.14;250;11328396810;B
20241023;101920;50.13;10;11328396913;S
20241023;101920;50.13;50;11328396914;S
20241023;101921;50.14;10;11328397130;B
20241023;101923;50.13;10;11328397252;S
20241023;101923;50.13;490;11328397253;S
20241023;101925;50.14;500;11328397801;B
20241023;101925;50.14;10;11328397805;B
20241023;101926;50.12;500;11328397954;S
20241023;101926;50.14;410;11328397965;B
20241023;101926;50.14;590;11328397966;B
20241023;101927;50.12;40;11328398033;S
20241023;101927;50.14;100;11328398169;B
20241023;101930;50.14;170;11328398658;B
20241023;101931;50.14;20;11328398702;B
20241023;101931;50.15;80;11328398703;B
20241023;101933;50.15;50;11328398966;B
20241023;101934;50.15;100;11328399340;B
20241023;101936;50.14;10;11328400904;S
20241023;101936;50.14;40;11328400988;S
20241023;101937;50.12;1000;11328401282;S
20241023;101938;50.14;40;11328401532;B
20241023;101942;50.13;10;11328402547;B
20241023;101942;50.12;20;11328402573;S
20241023;101942;50.12;440;11328402574;S
20241023;101942;50.12;20;11328402575;S
20241023;101943;50.12;10;11328402855;B
20241023;101944;50.11;10;11328403136;B
20241023;101948;50.11;10;11328403557;B
20241023;101949;50.11;30;11328403612;B
20241023;101949;50.11;10;11328403632;B
20241023;101949;50.11;580;11328403705;B
20241023;101950;50.11;10;11328403858;B
20241023;101951;50.11;90;11328403931;B
20241023;101951;50.12;730;11328403932;B
20241023;101952;50.12;10;11328404013;S
20241023;101952;50.11;650;11328404108;S
20241023;101952;50.11;350;11328404109;S
20241023;101952;50.1;50;11328404110;S
20241023;101952;50.1;250;11328404111;S
20241023;101952;50.1;50;11328404112;S
20241023;101952;50.1;100;11328404113;S
20241023;101952;50.1;10;11328404114;S
20241023;101952;50.1;340;11328404115;S
20241023;101953;50.1;660;11328404293;S
20241023;101953;50.12;230;11328404322;B
20241023;101953;50.1;220;11328404445;S
20241023;101955;50.13;500;11328404615;B
20241023;101955;50.13;230;11328404668;B
20241023;101955;50.13;1000;11328404669;B
20241023;101955;50.13;170;11328404670;B
20241023;101955;50.14;740;11328404672;B
20241023;101955;50.15;600;11328404673;B
20241023;101955;50.15;210;11328404674;B
20241023;101955;50.15;500;11328404675;B
20241023;101955;50.15;4420;11328404676;B
20241023;101955;50.15;1580;11328404677;B
20241023;101959;50.17;100;11328405198;B
20241023;102000;50.16;10;11328405443;S
20241023;102005;50.17;600;11328406262;B
20241023;102005;50.18;180;11328406263;B
20241023;102007;50.16;10;11328406607;S
20241023;102007;50.16;10;11328406722;S
20241023;102007;50.16;10;11328406768;S
20241023;102007;50.16;10;11328406769;S
20241023;102007;50.15;10;11328406770;S
20241023;102007;50.14;100;11328406771;S
20241023;102007;50.16;10;11328406821;B
20241023;102009;50.16;10;11328407017;B
20241023;102009;50.16;10;11328407119;B
20241023;102010;50.16;10;11328407173;B
20241023;102010;50.16;10;11328407180;B
20241023;102010;50.12;10;11328407192;S
20241023;102010;50.12;30;11328407193;S
20241023;102011;50.16;50;11328407661;B
20241023;102013;50.16;10;11328408097;B
20241023;102014;50.16;30;11328408132;B
20241023;102016;50.16;10;11328408558;B
20241023;102016;50.16;20;11328408709;B
20241023;102018;50.16;20;11328409127;B
20241023;102018;50.15;10;11328409383;S
20241023;102019;50.15;10;11328409596;B
20241023;102020;50.15;20;11328409725;B
20241023;102021;50.14;10;11328410224;S
20241023;102023;50.13;110;11328410848;S
20241023;102023;50.12;20;11328410849;S
20241023;102023;50.12;40;11328410850;S
20241023;102023;50.12;120;11328410851;S
20241023;102023;50.12;510;11328410852;S
20241023;102023;50.12;100;11328410853;S
20241023;102023;50.12;30;11328410854;S
20241023;102023;50.12;70;11328410855;S
20241023;102023;50.12;80;11328410856;S
20241023;102023;50.12;10;11328410857;S
20241023;102023;50.12;150;11328410858;S
20241023;102023;50.12;130;11328410859;S
20241023;102023;50.12;10;11328410860;S
20241023;102023;50.12;320;11328410861;S
20241023;102023;50.12;680;11328410862;S
20241023;102023;50.11;10;11328410864;S
20241023;102023;50.11;10;11328410865;S
20241023;102023;50.11;110;11328410866;S
20241023;102023;50.11;40;11328410867;S
20241023;102024;50.11;10;11328411714;B
20241023;102024;50.11;500;11328411750;B
20241023;102027;50.11;100;11328413369;B
20241023;102027;50.11;110;11328413533;B
20241023;102028;50.1;10;11328413713;S
20241023;102028;50.1;10;11328413714;S
20241023;102028;50.1;80;11328413715;S
20241023;102031;50.11;10;11328415266;B
20241023;102031;50.11;10;11328415281;B
20241023;102031;50.11;10;11328415328;B
20241023;102031;50.11;10;11328415365;B
20241023;102031;50.11;10;11328415402;B
20241023;102031;50.11;10;11328415440;B
