<DATE>;<TIME>;<LAST>;<VOL>;<ID>;<OPER>
20241015;095950;54.85;560;11297662309;B
20241015;095950;54.85;600;11297662310;B
20241015;095950;54.85;20;11297662311;B
20241015;095950;54.85;10;11297662312;B
20241015;095950;54.85;10;11297662313;B
20241015;095950;54.85;10;11297662314;B
20241015;095950;54.85;40;11297662315;B
20241015;095950;54.85;40;11297662316;B
20241015;095950;54.85;10;11297662317;S
20241015;095950;54.85;2720;11297662318;B
20241015;095950;54.85;10;11297662319;S
20241015;095950;54.85;10;11297662320;S
20241015;095950;54.85;30;11297662321;S
20241015;095950;54.85;10;11297662322;S
20241015;095950;54.85;20;11297662323;S
20241015;095950;54.85;200;11297662324;S
20241015;095950;54.85;10;11297662325;S
20241015;095950;54.85;10;11297662326;S
20241015;095950;54.85;20;11297662327;S
20241015;095950;54.85;20;11297662328;S
20241015;095950;54.85;180;11297662329;S
20241015;095950;54.85;20;11297662330;S
20241015;095950;54.85;20;11297662331;S
20241015;095950;54.85;10;11297662332;S
20241015;095950;54.85;50;11297662333;S
20241015;095950;54.85;20;11297662334;S
20241015;095950;54.85;10;11297662335;S
20241015;095950;54.85;10;11297662336;S
20241015;095950;54.85;10;11297662337;S
20241015;095950;54.85;10;11297662338;S
20241015;095950;54.85;10;11297662339;S
20241015;095950;54.85;10;11297662340;S
20241015;095950;54.85;120;11297662341;S
20241015;095950;54.85;10;11297662342;S
20241015;095950;54.85;20;11297662343;B
20241015;095950;54.85;10;11297662344;B
20241015;095950;54.85;50;11297662345;B
20241015;095950;54.85;90;11297662346;B
20241015;095950;54.85;10;11297662347;B
20241015;095950;54.85;20;11297662348;B
20241015;095950;54.85;10;11297662349;B
20241015;095950;54.85;10;11297662350;S
20241015;095950;54.85;100;11297662351;S
20241015;095950;54.85;3600;11297662352;B
20241015;095950;54.85;10;11297662353;S
20241015;095950;54.85;10;11297662354;B
20241015;095950;54.85;3000;11297662355;B
20241015;095950;54.85;3000;11297662356;B
20241015;095950;54.85;210;11297662357;B
20241015;095950;54.85;10;11297662358;B
20241015;095950;54.85;50;11297662359;B
20241015;095950;54.85;100;11297662360;B
20241015;095950;54.85;130;11297662361;S
20241015;095950;54.85;30;11297662362;S
20241015;095950;54.85;13200;11297662363;S
20241015;095950;54.85;10;11297662364;S
20241015;095950;54.85;50;11297662365;S
20241015;095950;54.85;500;11297662366;S
20241015;095950;54.85;10;11297662367;S
20241015;095950;54.85;500;11297662368;S
20241015;095950;54.85;50;11297662369;S
20241015;095950;54.85;10;11297662370;S
20241015;095950;54.85;10;11297662371;S
20241015;095950;54.85;2450;11297662372;S
20241015;095950;54.85;100;11297662373;B
20241015;095950;54.85;80;11297662374;B
20241015;095950;54.85;250;11297662375;S
20241015;095950;54.85;10000;11297662376;S
20241015;095950;54.85;10000;11297662377;S
20241015;095950;54.85;3000;11297662378;S
20241015;095950;54.85;15000;11297662379;S
20241015;095950;54.85;10;11297662380;S
20241015;095950;54.85;10;11297662381;S
20241015;095950;54.85;200;11297662382;S
20241015;095950;54.85;100;11297662383;B
20241015;095950;54.85;10;11297662384;S
20241015;095950;54.85;10;11297662385;S
20241015;095950;54.85;10;11297662386;S
20241015;095950;54.85;10;11297662387;S
20241015;095950;54.85;10;11297662388;S
20241015;095950;54.85;360;11297662389;S
20241015;095950;54.85;400;11297662390;S
20241015;095950;54.85;10;11297662391;S
20241015;095950;54.85;80;11297662392;S
20241015;095950;54.85;20;11297662393;S
20241015;095950;54.85;180;11297662394;S
20241015;095950;54.85;1000;11297662395;S
20241015;095950;54.85;50;11297662396;B
20241015;095950;54.85;10;11297662397;S
20241015;095950;54.85;40;11297662398;B
20241015;095950;54.85;10;11297662399;S
20241015;095950;54.85;30;11297662400;B
20241015;095950;54.85;500;11297662401;B
20241015;095950;54.85;1260;11297662402;B
20241015;095950;54.85;1400;11297662403;B
20241015;095950;54.85;1000;11297662404;B
20241015;095950;54.85;2910;11297662405;S
20241015;095950;54.85;8560;11297662406;B
20241015;095950;54.85;1000;11297662407;B
20241015;095950;54.85;10930;11297662408;B
20241015;095950;54.85;4650;11297662409;B
20241015;095950;54.85;910;11297662410;S
20241015;095950;54.85;40;11297662411;S
20241015;095950;54.85;20;11297662412;S
20241015;095950;54.85;100;11297662413;S
20241015;095950;54.85;30;11297662414;S
20241015;095950;54.85;110;11297662415;S
20241015;095950;54.85;100;11297662416;S
20241015;095950;54.85;100;11297662417;S
20241015;095950;54.85;500;11297662418;S
20241015;095950;54.85;1800;11297662419;S
20241015;095950;54.85;500;11297662420;S
20241015;095950;54.85;2500;11297662421;S
20241015;095950;54.85;5000;11297662422;S
20241015;095950;54.85;5000;11297662423;S
20241015;095950;54.85;5000;11297662424;S
20241015;095950;54.85;5000;11297662425;S
20241015;095950;54.85;7990;11297662426;S
20241015;095950;54.85;50;11297662427;S
20241015;095950;54.85;10;11297662428;S
20241015;095950;54.85;10;11297662429;S
20241015;095950;54.85;50;11297662430;S
20241015;095950;54.85;250;11297662431;S
20241015;095950;54.85;770;11297662432;S
20241015;095950;54.85;7210;11297662433;S
20241015;095950;54.85;50;11297662434;S
20241015;095950;54.85;20;11297662435;S
20241015;095950;54.85;50;11297662436;S
20241015;095950;54.85;250;11297662437;S
20241015;095950;54.85;930;11297662438;B
20241015;095950;54.85;910;11297662439;S
20241015;095950;54.85;10;11297662440;S
20241015;095950;54.85;10;11297662441;S
20241015;095950;54.85;3720;11297662442;S
20241015;095950;54.85;100;11297662443;S
20241015;095950;54.85;3720;11297662444;S
20241015;095950;54.85;130;11297662445;B
20241015;095950;54.85;250;11297662446;S
20241015;095950;54.85;250;11297662447;S
20241015;095950;54.85;1200;11297662448;S
20241015;095950;54.85;4200;11297662449;S
20241015;095950;54.85;3720;11297662450;S
20241015;095950;54.85;500;11297662451;S
20241015;095950;54.85;10000;11297662452;S
20241015;095950;54.85;3000;11297662453;B
20241015;095950;54.85;250;11297662454;B
20241015;100000;54.85;5100;11297663983;B
20241015;100000;54.85;13930;11297663995;B
20241015;100000;54.85;10;11297663996;B
20241015;100000;54.89;10;11297664037;B
20241015;100000;54.9;110;11297664078;S
20241015;100000;54.92;160;11297664148;S
20241015;100000;54.91;3670;11297664155;S
20241015;100000;54.85;4690;11297664234;S
20241015;100000;54.85;410;11297664238;S
20241015;100000;54.84;20;11297664239;S
20241015;100000;54.84;1570;11297664240;S
20241015;100001;54.95;500;11297664418;B
20241015;100001;54.95;410;11297664466;B
20241015;100001;54.99;10;11297664467;B
20241015;100001;55;10;11297664470;B
20241015;100001;55;300;11297664508;B
20241015;100001;55;700;11297664512;B
20241015;100001;55.09;50;11297664637;S
20241015;100001;55.09;100;11297664656;S
20241015;100001;55.09;1000;11297664661;S
20241015;100001;55.07;1000;11297664732;S
20241015;100001;55.07;120;11297664735;S
20241015;100001;55.07;1000;11297664770;S
20241015;100001;55.07;10;11297664771;S
20241015;100001;55.07;670;11297664772;S
20241015;100002;55.1;450;11297664783;B
20241015;100002;55.1;60;11297664785;B
20241015;100002;55.07;10;11297664835;S
20241015;100002;55.07;2270;11297664838;S
20241015;100002;55.06;110;11297664839;S
20241015;100002;55.07;10;11297664888;S
20241015;100002;55.09;50;11297665310;S
20241015;100003;55.06;140;11297665631;S
20241015;100003;55.03;10;11297665632;S
20241015;100003;55.01;250;11297665633;S
20241015;100003;55;100;11297665634;S
20241015;100003;55;2210;11297665635;S
20241015;100003;55.1;30;11297665651;B
20241015;100003;55.1;20;11297665652;B
20241015;100003;55.1;380;11297665696;B
20241015;100003;55.1;500;11297665697;B
20241015;100003;55.11;20;11297665698;B
20241015;100003;55;30;11297666092;S
20241015;100003;55.11;40;11297666094;B
20241015;100003;55.11;70;11297666096;B
20241015;100003;55;220;11297666098;S
20241015;100003;55;100;11297666099;S
20241015;100003;55;100;11297666101;S
20241015;100004;55.07;20;11297666635;B
20241015;100004;55.07;480;11297666637;B
20241015;100004;55.1;400;11297666638;B
20241015;100004;55.1;3230;11297666640;B
20241015;100004;55.1;5080;11297666641;B
20241015;100004;55.11;250;11297666642;B
20241015;100004;55.12;30;11297666643;B
20241015;100004;55.12;930;11297666644;B
20241015;100004;55.14;200;11297666645;B
20241015;100004;55.15;2000;11297666646;B
20241015;100004;55.15;1280;11297666647;B
20241015;100004;55.19;920;11297666648;B
20241015;100004;55.06;2360;11297666649;B
20241015;100004;55.06;10;11297666777;B
20241015;100004;55.06;90;11297666782;B
20241015;100004;55;10;11297666787;S
20241015;100004;55.06;10;11297667175;B
20241015;100004;55.06;10;11297667177;B
20241015;100004;55;40;11297667179;S
20241015;100004;55.06;20;11297667184;B
20241015;100004;55;20;11297667187;S
20241015;100004;55.06;10;11297667353;B
20241015;100004;55.06;10;11297667448;B
20241015;100004;55;220;11297667452;S
20241015;100004;55.06;20;11297667454;B
20241015;100004;55;20;11297667463;S
20241015;100004;55.06;2960;11297667466;B
20241015;100004;55.12;4040;11297667467;B
20241015;100004;55;20;11297667579;S
20241015;100004;55.13;10;11297667584;B
20241015;100004;55.15;10;11297667608;B
20241015;100005;55.04;10;11297668103;B
20241015;100005;55;60;11297668104;S
20241015;100005;55;30;11297668107;S
20241015;100005;55;10;11297668455;S
20241015;100005;55;80;11297668456;S
20241015;100005;55;50;11297668754;S
20241015;100005;55;20;11297668980;S
20241015;100005;55;10;11297668988;S
20241015;100005;55.04;10;11297668993;B
20241015;100005;55.04;10;11297669002;B
20241015;100005;55;10;11297669010;S
20241015;100005;55;10;11297669183;S
20241015;100005;55.04;470;11297669200;B
20241015;100005;55.12;1500;11297669201;B
20241015;100005;55.13;1030;11297669202;B
20241015;100005;55.13;10;11297669203;B
20241015;100005;55.13;10;11297669206;B
20241015;100005;55.13;200;11297669207;B
20241015;100005;55.13;1090;11297669270;B
20241015;100005;55.14;110;11297669271;B
20241015;100005;55;20;11297669330;S
20241015;100005;55.13;20;11297669331;B
20241015;100005;55.13;10;11297669333;B
20241015;100005;55.03;40;11297669594;S
20241015;100005;55.03;60;11297669595;S
20241015;100006;55.14;50;11297669856;B
20241015;100006;55.14;10;11297669862;B
20241015;100006;55.02;3630;11297669888;S
20241015;100006;55.02;1870;11297669889;S
20241015;100006;55.13;10;11297670039;B
20241015;100006;55.13;10;11297670043;B
20241015;100006;55.13;10;11297670045;B
20241015;100006;55.01;110;11297670205;S
20241015;100006;55.13;200;11297670552;B
20241015;100006;55.01;860;11297670802;S
20241015;100007;54.99;10;11297670841;S
20241015;100007;55.13;30;11297670844;B
20241015;100007;54.99;10;11297670850;S
20241015;100007;55.13;20;11297670852;B
20241015;100007;55.13;10;11297671008;B
20241015;100007;54.99;10;11297671009;S
20241015;100007;54.99;20;11297671011;S
20241015;100007;54.99;900;11297671224;S
20241015;100007;54.99;10;11297671310;S
20241015;100007;55;180;11297671599;S
20241015;100007;55.13;10;11297671923;B
20241015;100007;55.13;20;11297671924;B
20241015;100007;55.11;10;11297672023;B
20241015;100007;55.11;10;11297672025;B
20241015;100008;55.01;10;11297672212;S
20241015;100008;55;140;11297672213;S
20241015;100008;55;4760;11297672236;S
20241015;100008;54.99;620;11297672237;S
20241015;100008;54.98;120;11297672238;B
20241015;100008;55.11;270;11297672401;B
20241015;100008;55.02;10;11297672415;S
20241015;100009;54.98;120;11297672684;S
20241015;100010;54.99;10;11297672726;S
20241015;100010;55.11;50;11297672743;B
20241015;100010;55.11;20;11297672754;B
20241015;100010;54.98;60;11297672775;S
20241015;100010;55.11;10;11297672788;B
20241015;100010;55.11;20;11297672810;B
20241015;100010;55.11;10;11297672811;B
20241015;100010;54.98;10;11297672831;S
20241015;100010;54.98;10;11297672889;S
20241015;100010;54.98;60;11297672891;S
20241015;100010;54.98;10;11297672951;S
20241015;100010;54.98;10;11297673036;S
20241015;100010;55.06;10;11297673134;B
20241015;100011;54.98;330;11297673185;S
20241015;100011;55.06;490;11297673281;B
20241015;100011;55.09;1510;11297673282;B
20241015;100011;54.99;10;11297673373;S
20241015;100011;54.98;10;11297673403;S
20241015;100011;54.98;10;11297673419;S
20241015;100011;54.98;20;11297673428;S
20241015;100011;54.98;10;11297673433;S
20241015;100011;54.98;10;11297673469;S
20241015;100011;55.06;10;11297673476;B
20241015;100012;54.98;40;11297673527;S
20241015;100012;54.98;30;11297673531;S
20241015;100012;54.98;10;11297673536;S
20241015;100012;54.98;40;11297673537;S
20241015;100012;54.98;10;11297673559;S
20241015;100012;54.98;50;11297673563;S
20241015;100012;54.98;10;11297673598;S
20241015;100012;54.98;10;11297673612;S
20241015;100012;54.98;10;11297673619;S
20241015;100012;55.06;20;11297673629;B
20241015;100012;54.98;10;11297673637;S
20241015;100012;55.06;10;11297673641;B
20241015;100012;54.98;10;11297673644;S
20241015;100012;54.98;10;11297673660;S
20241015;100012;54.98;10;11297673668;S
20241015;100012;55.06;720;11297673750;B
20241015;100012;55.06;10;11297673752;B
20241015;100012;54.98;10;11297673971;S
20241015;100013;54.98;180;11297674068;S
20241015;100013;54.99;260;11297674149;B
20241015;100013;54.99;70;11297674266;B
20241015;100014;54.98;650;11297674593;S
20241015;100015;54.98;30;11297674761;S
20241015;100016;54.97;20;11297675214;S
20241015;100016;54.96;250;11297675215;S
20241015;100016;54.96;400;11297675216;S
20241015;100016;54.95;740;11297675217;S
20241015;100018;54.96;10;11297675961;B
20241015;100019;54.95;270;11297676151;S
20241015;100020;54.95;1790;11297676460;S
20241015;100020;54.93;5090;11297676461;S
20241015;100020;54.91;250;11297676462;S
20241015;100020;54.9;800;11297676463;S
20241015;100020;54.89;10;11297676464;S
20241015;100020;54.89;210;11297676465;S
20241015;100020;54.89;1050;11297676466;S
20241015;100020;54.88;300;11297676467;S
20241015;100020;54.87;8000;11297676468;S
20241015;100020;54.86;2500;11297676469;S
20241015;100020;54.93;10;11297676522;B
20241015;100021;54.93;50;11297676766;B
20241015;100021;54.93;90;11297676782;B
20241015;100022;54.87;3000;11297676977;S
20241015;100022;54.87;10;11297677029;S
20241015;100025;54.87;1000;11297677815;S
20241015;100025;54.87;60;11297677922;S
20241015;100026;54.87;1020;11297678074;S
20241015;100026;54.87;100;11297678075;S
20241015;100026;54.86;250;11297678078;S
20241015;100026;54.86;1510;11297678079;S
20241015;100026;54.85;10;11297678433;S
20241015;100028;54.85;30;11297678878;S
20241015;100029;54.86;1470;11297679369;S
20241015;100030;54.86;3630;11297679849;S
20241015;100030;54.85;4960;11297679850;S
20241015;100030;54.85;10;11297679851;S
20241015;100030;54.85;10;11297679852;S
20241015;100030;54.85;100;11297679853;S
20241015;100030;54.84;3690;11297679854;S
20241015;100031;54.88;4000;11297679914;B
20241015;100031;54.88;800;11297680076;B
20241015;100032;54.88;30;11297680676;B
20241015;100033;54.88;3200;11297680931;B
20241015;100033;54.88;90;11297680995;B
20241015;100034;54.88;400;11297681243;B
20241015;100034;54.88;220;11297681257;B
20241015;100034;54.88;10;11297681321;B
20241015;100034;54.87;300;11297681334;S
20241015;100034;54.87;4700;11297681335;S
20241015;100035;54.88;4000;11297681625;B
20241015;100035;54.87;400;11297681795;S
20241015;100036;54.87;400;11297681972;B
20241015;100036;54.87;300;11297682128;B
20241015;100037;54.87;10;11297682379;B
20241015;100038;54.87;250;11297682589;B
20241015;100039;54.87;1200;11297683130;B
20241015;100040;54.86;60;11297683213;S
20241015;100040;54.86;240;11297683282;S
20241015;100040;54.86;760;11297683283;S
20241015;100040;54.87;2440;11297683657;B
20241015;100040;54.87;500;11297683658;B
20241015;100040;54.87;500;11297683659;B
20241015;100040;54.88;5450;11297683660;B
20241015;100040;54.88;300;11297683661;B
20241015;100040;54.88;880;11297683662;B
20241015;100040;54.93;5000;11297683663;B
20241015;100040;54.95;500;11297683664;B
20241015;100040;54.95;600;11297683665;B
20241015;100040;54.96;6430;11297683666;B
20241015;100042;54.98;20;11297684018;B
20241015;100044;54.97;180;11297684657;B
20241015;100044;54.98;1020;11297684658;B
20241015;100045;54.96;1570;11297684856;B
20241015;100045;54.93;2940;11297684884;S
20241015;100045;54.93;880;11297684885;S
20241015;100045;54.92;5100;11297684886;S
20241015;100045;54.91;80;11297684887;S
20241015;100047;54.92;880;11297685451;S
20241015;100047;54.92;120;11297685452;S
20241015;100048;54.96;50;11297685522;B
20241015;100050;54.94;100;11297686292;S
20241015;100050;54.93;50;11297686293;S
20241015;100052;54.96;340;11297686760;B
20241015;100054;54.96;30;11297687402;B
20241015;100055;54.94;3640;11297687542;S
20241015;100056;54.95;10;11297687649;B
20241015;100056;54.96;10;11297687650;B
20241015;100056;54.98;980;11297687651;B
20241015;100056;54.98;280;11297687652;B
20241015;100059;54.98;980;11297688443;B
20241015;100059;54.98;40;11297688444;B
20241015;100100;54.98;40;11297688503;B
20241015;100100;54.98;460;11297688504;B
20241015;100100;54.99;10;11297688534;B
20241015;100100;54.94;460;11297688778;S
20241015;100101;54.98;10;11297688901;B
20241015;100104;54.94;400;11297689481;S
20241015;100104;54.95;250;11297689493;B
20241015;100104;54.94;10;11297689711;S
20241015;100106;54.94;580;11297689991;S
20241015;100106;54.93;30;11297689992;S
20241015;100106;54.93;250;11297689993;S
20241015;100107;54.95;10;11297690227;B
20241015;100107;54.98;450;11297690228;B
20241015;100107;54.99;1620;11297690229;B
20241015;100107;54.96;10;11297690288;S
20241015;100107;54.99;60;11297690404;B
20241015;100107;54.96;870;11297690458;S
20241015;100107;54.96;70;11297690459;S
20241015;100108;54.99;20;11297690557;B
20241015;100108;54.99;470;11297690578;B
20241015;100110;54.98;40;11297690853;B
20241015;100111;54.97;2210;11297691016;B
20241015;100111;54.98;180;11297691017;B
20241015;100111;54.99;2990;11297691018;B
20241015;100111;54.99;50;11297691019;B
20241015;100111;54.99;400;11297691020;B
20241015;100111;54.99;430;11297691021;B
20241015;100111;55;30;11297691022;B
20241015;100111;55;370;11297691023;B
20241015;100111;54.97;10;11297691078;S
20241015;100111;54.96;880;11297691115;S
20241015;100111;54.96;500;11297691116;S
20241015;100111;54.95;1800;11297691117;S
20241015;100111;54.95;340;11297691118;S
20241015;100111;54.94;5090;11297691119;S
20241015;100111;54.94;340;11297691120;S
20241015;100111;54.93;100;11297691121;S
20241015;100111;54.93;6520;11297691122;S
20241015;100111;54.92;5000;11297691123;S
20241015;100111;54.91;20;11297691124;S
20241015;100111;54.9;50;11297691125;S
20241015;100111;54.9;3700;11297691126;S
20241015;100111;54.9;660;11297691127;S
20241015;100112;54.99;100;11297691334;B
20241015;100113;54.95;440;11297691426;B
20241015;100113;54.99;90;11297691427;B
20241015;100113;54.94;360;11297691506;S
20241015;100113;54.99;120;11297691560;B
20241015;100113;54.96;10;11297691579;B
20241015;100113;54.99;490;11297691580;B
20241015;100117;54.96;10;11297692165;B
20241015;100117;54.96;170;11297692166;B
20241015;100119;54.97;820;11297692575;S
20241015;100119;54.96;880;11297692576;S
20241015;100119;54.95;120;11297692577;S
20241015;100120;54.95;10;11297692859;S
20241015;100120;54.95;50;11297692867;S
20241015;100120;54.96;90;11297693000;B
20241015;100121;54.96;10;11297693054;B
20241015;100121;54.95;20;11297693071;S
20241015;100121;54.95;50;11297693072;S
20241015;100121;54.96;10;11297693114;B
20241015;100124;54.96;100;11297693681;B
20241015;100124;54.96;10;11297693685;B
20241015;100126;54.95;70;11297693952;S
20241015;100126;54.95;100;11297693953;S
20241015;100126;54.94;640;11297693954;S
20241015;100126;54.94;880;11297693955;S
20241015;100126;54.94;1310;11297693956;S
20241015;100130;54.95;10;11297694875;B
20241015;100130;54.94;50;11297694980;S
20241015;100132;54.95;250;11297695332;B
20241015;100133;54.95;4560;11297695639;B
20241015;100133;54.94;10;11297695743;S
20241015;100134;54.94;320;11297695947;S
20241015;100137;54.94;30;11297696662;S
20241015;100137;54.95;10;11297696761;B
20241015;100143;54.95;780;11297698555;B
20241015;100144;54.95;10;11297698660;S
20241015;100146;54.95;120;11297699525;S
20241015;100146;54.95;880;11297699526;S
20241015;100146;54.95;200;11297699527;S
20241015;100146;54.96;3770;11297699528;B
20241015;100146;54.96;1170;11297699529;B
20241015;100148;54.95;2000;11297699866;S
20241015;100148;54.95;1000;11297700014;S
20241015;100149;54.96;10;11297700202;B
20241015;100149;54.98;200;11297700203;B
20241015;100149;54.98;140;11297700204;B
20241015;100149;54.95;10;11297700512;S
20241015;100150;54.98;250;11297700514;B
20241015;100151;54.97;180;11297701088;B
20241015;100151;54.98;920;11297701089;B
20241015;100152;54.95;40;11297701283;S
20241015;100153;54.95;1840;11297701591;S
20241015;100153;54.95;10;11297701592;S
20241015;100153;54.95;880;11297701593;S
20241015;100153;54.94;270;11297701594;S
20241015;100155;54.98;20;11297701875;B
20241015;100200;54.96;50;11297702923;S
20241015;100200;54.96;880;11297702924;S
20241015;100200;54.95;3070;11297702925;S
20241015;100200;54.98;4170;11297703111;B
20241015;100200;54.98;830;11297703112;B
20241015;100201;54.96;640;11297703184;S
20241015;100201;54.95;360;11297703185;S
20241015;100202;54.98;10;11297703562;B
20241015;100204;54.98;1500;11297704190;B
20241015;100204;54.98;10;11297704247;B
20241015;100205;54.98;350;11297704298;B
20241015;100205;54.99;250;11297704299;B
20241015;100205;55;570;11297704300;B
20241015;100206;54.96;50;11297704727;S
20241015;100206;54.96;580;11297704728;S
20241015;100206;54.95;110;11297704729;S
20241015;100209;55;10;11297705288;B
20241015;100209;55;20;11297705477;B
20241015;100210;55;330;11297705704;B
20241015;100212;55;10;11297706242;B
20241015;100212;55;60;11297706271;B
20241015;100213;54.99;50;11297706454;S
20241015;100213;54.99;50;11297706455;S
20241015;100213;54.99;50;11297706456;S
20241015;100213;54.98;350;11297706457;S
20241015;100214;54.96;10;11297706517;S
20241015;100215;54.99;10;11297706840;B
20241015;100215;54.99;40;11297706841;B
20241015;100216;55;150;11297706906;B
20241015;100217;54.96;10;11297707268;S
20241015;100218;55;20;11297707354;B
20241015;100219;55;460;11297707512;B
20241015;100219;55;1400;11297707513;B
20241015;100219;54.98;10;11297707582;B
20241015;100219;54.96;2000;11297707596;S
20241015;100219;54.98;260;11297707629;B
20241015;100219;54.98;1490;11297707815;B
20241015;100225;54.98;10;11297708906;B
20241015;100226;54.98;2000;11297709239;B
20241015;100226;54.98;500;11297709336;B
20241015;100227;54.98;10;11297709418;B
20241015;100229;54.98;1000;11297709750;B
20241015;100230;54.98;30;11297710120;B
20241015;100231;54.98;10;11297710147;B
20241015;100231;54.97;200;11297710173;S
20241015;100232;54.98;180;11297710399;B
20241015;100232;54.99;340;11297710400;B
20241015;100232;55;1480;11297710401;B
20241015;100239;54.98;350;11297711849;S
20241015;100240;54.98;3000;11297712244;S
20241015;100240;55;10;11297712294;B
20241015;100241;54.98;880;11297712329;S
20241015;100241;54.98;1000;11297712330;S
20241015;100241;54.98;250;11297712331;S
20241015;100241;54.98;770;11297712332;S
20241015;100241;54.98;3630;11297712333;S
20241015;100241;54.97;3960;11297712334;S
20241015;100246;55;2110;11297713433;B
20241015;100246;55;10;11297713434;B
20241015;100246;55;10;11297713435;B
20241015;100246;55;50;11297713436;B
20241015;100246;55;720;11297713437;B
20241015;100246;55.01;2100;11297713454;B
20241015;100247;55.01;180;11297713483;B
20241015;100248;55.01;300;11297713824;B
20241015;100249;55.01;260;11297713902;B
20241015;100250;55.01;900;11297714136;B
20241015;100257;55.01;30;11297715743;B
20241015;100259;55.01;1000;11297715860;B
20241015;100259;55.01;10;11297715906;B
20241015;100300;55.01;160;11297716185;B
20241015;100305;55;670;11297717134;S
20241015;100305;55.01;20;11297717227;B
20241015;100306;55;860;11297717332;S
20241015;100307;55.01;5040;11297717535;B
20241015;100307;55.01;10;11297717536;B
20241015;100307;55.01;10;11297717537;B
20241015;100307;55.01;20;11297717538;B
20241015;100307;55.01;5090;11297717539;B
20241015;100307;55.01;700;11297717540;B
20241015;100307;55.01;380;11297717541;B
20241015;100307;55.02;4750;11297717542;B
20241015;100307;55.02;1000;11297717557;B
20241015;100307;55.01;10;11297717560;S
20241015;100307;55.01;20;11297717571;S
20241015;100307;55.01;3600;11297717573;S
20241015;100307;55.01;1400;11297717574;S
20241015;100307;55.02;1000;11297717617;B
20241015;100307;55.01;940;11297717639;S
20241015;100307;55.02;50;11297717668;B
20241015;100311;55.02;110;11297718564;B
20241015;100316;55.02;400;11297719418;B
20241015;100317;55.02;10;11297719592;B
20241015;100317;55.02;1200;11297719741;B
20241015;100317;55.01;830;11297719746;S
20241015;100318;55.01;2890;11297719985;S
20241015;100318;55.01;10;11297719986;S
20241015;100318;55.01;10;11297719987;S
20241015;100318;55;8470;11297719988;S
20241015;100318;55;11620;11297719989;S
20241015;100318;55.02;1480;11297719990;B
20241015;100318;55.02;10;11297719991;B
20241015;100318;55.02;510;11297719992;B
20241015;100320;55.02;3140;11297720252;B
20241015;100320;55.02;10;11297720253;B
20241015;100320;55.02;20;11297720254;B
20241015;100320;55.02;1600;11297720255;B
20241015;100320;55.03;3000;11297720256;B
20241015;100320;55.03;1390;11297720257;B
20241015;100320;55.03;880;11297720258;B
20241015;100320;55.06;5000;11297720259;B
20241015;100320;55.06;4000;11297720260;B
20241015;100320;55.06;500;11297720261;B
20241015;100320;55.07;460;11297720262;B
20241015;100320;55.07;40;11297720314;B
20241015;100320;55.07;5080;11297720315;B
20241015;100320;55.07;500;11297720316;B
20241015;100320;55.08;880;11297720317;B
20241015;100320;55.08;2500;11297720318;B
20241015;100321;55.07;5080;11297720431;B
20241015;100321;55.08;1000;11297720432;B
20241015;100321;55.08;880;11297720433;B
20241015;100321;55.08;990;11297720434;B
20241015;100321;55.09;2800;11297720435;B
20241015;100321;55.09;5720;11297720436;B
20241015;100321;55.09;990;11297720437;B
20241015;100321;55.09;1300;11297720438;B
20241015;100321;55.1;500;11297720439;B
20241015;100321;55.1;80;11297720440;B
20241015;100321;55.1;10;11297720441;B
20241015;100321;55.1;650;11297720442;B
20241015;100321;55.06;1000;11297720444;S
20241015;100321;55.06;1000;11297720446;S
20241015;100321;55.06;10;11297720477;B
20241015;100321;55.06;20;11297720478;B
20241015;100321;55.08;70;11297720479;B
20241015;100321;55.08;130;11297720521;B
20241015;100321;55.09;3870;11297720522;B
20241015;100321;55.05;10;11297720532;S
20241015;100322;55.09;1210;11297720689;B
20241015;100322;55.1;2430;11297720690;B
20241015;100323;55.06;200;11297720835;S
20241015;100323;55.06;300;11297721004;S
20241015;100323;55.06;10;11297721005;S
20241015;100323;55.05;670;11297721006;S
20241015;100323;55.04;590;11297721007;S
20241015;100323;55.04;880;11297721008;S
20241015;100323;55.03;6010;11297721009;S
20241015;100323;55.02;2330;11297721010;S
20241015;100325;55.03;150;11297721430;S
20241015;100326;55.08;400;11297721527;B
20241015;100326;55.04;50;11297721546;S
20241015;100326;55.04;30;11297721579;S
20241015;100328;55.04;50;11297721946;S
20241015;100332;55.06;10;11297722791;B
20241015;100333;55.06;20;11297722847;B
20241015;100333;55.07;650;11297722848;B
20241015;100333;55.08;10;11297722868;B
20241015;100333;55.08;90;11297722869;B
20241015;100334;55.04;50;11297723091;S
20241015;100334;55.04;450;11297723092;S
20241015;100336;55.06;10;11297723522;B
20241015;100336;55.06;20;11297723523;B
20241015;100336;55.08;570;11297723524;B
20241015;100336;55.09;400;11297723525;B
20241015;100337;55.08;10;11297723654;S
20241015;100337;55.06;90;11297723655;S
20241015;100338;55.05;50;11297723964;S
20241015;100340;55.08;10;11297724378;B
20241015;100343;55.06;10;11297725000;B
20241015;100343;55.06;20;11297725001;B
20241015;100343;55.07;620;11297725002;B
20241015;100343;55.08;160;11297725003;B
20241015;100343;55.08;880;11297725004;B
20241015;100343;55.08;620;11297725005;B
20241015;100343;55.09;900;11297725006;B
20241015;100343;55.09;1500;11297725007;B
20241015;100343;55.09;150;11297725008;B
20241015;100343;55.1;140;11297725009;B
20241015;100343;55.05;10;11297725038;S
20241015;100345;55.05;3620;11297725239;S
20241015;100345;55.05;880;11297725240;S
20241015;100345;55.04;500;11297725241;S
20241015;100346;55.04;900;11297725465;S
20241015;100346;55.08;100;11297725468;B
20241015;100346;55.09;880;11297725469;B
20241015;100346;55.1;7520;11297725470;B
20241015;100346;55.08;10;11297725542;B
20241015;100350;55.04;350;11297726280;S
20241015;100351;55.06;20;11297726467;B
20241015;100351;55.08;1000;11297726503;B
20241015;100354;55.05;900;11297727178;S
20241015;100354;55.07;10;11297727215;B
20241015;100354;55.09;30;11297727216;B
20241015;100357;55.05;330;11297727756;S
20241015;100358;55.05;3770;11297727828;S
20241015;100358;55.04;7800;11297727829;S
20241015;100358;55.03;880;11297727830;S
20241015;100358;55.02;30;11297727831;S
20241015;100358;55.02;1000;11297727832;S
20241015;100358;55.02;2940;11297727833;S
20241015;100358;55.02;3000;11297727834;S
20241015;100358;55.02;10;11297727835;S
20241015;100358;55.02;150;11297727836;S
20241015;100358;55.01;3000;11297727837;S
20241015;100358;55.01;6520;11297727838;S
20241015;100358;55;20900;11297727839;S
20241015;100358;55;1380;11297727914;S
20241015;100358;55;1620;11297727915;S
20241015;100359;55.06;20;11297728009;B
20241015;100359;55.06;880;11297728010;B
20241015;100359;55.06;500;11297728011;B
20241015;100359;55.01;10;11297728055;B
20241015;100401;55;100;11297728537;S
20241015;100403;55;3280;11297728984;S
20241015;100403;55;5810;11297728985;S
20241015;100404;55.01;90;11297729321;B
20241015;100404;55.01;240;11297729322;B
20241015;100405;55;10790;11297729403;S
20241015;100405;55;3630;11297729404;S
20241015;100405;55;50;11297729405;S
20241015;100405;55;500;11297729406;S
20241015;100405;55;1110;11297729464;S
20241015;100406;55.04;40;11297729557;B
20241015;100406;55.04;2500;11297729616;B
20241015;100406;55;740;11297729670;S
20241015;100408;55;1000;11297729859;S
20241015;100408;55;100;11297730057;S
20241015;100409;55;250;11297730090;S
20241015;100412;55.04;10;11297730682;B
20241015;100413;55.04;1110;11297730866;B
20241015;100414;55.01;300;11297731012;S
20241015;100414;55;870;11297731013;S
20241015;100414;55;1000;11297731014;S
20241015;100414;55;20;11297731015;S
20241015;100415;55;100;11297731189;S
20241015;100416;55;140;11297731429;S
20241015;100417;55;14750;11297731673;S
20241015;100417;55;250;11297731674;S
20241015;100417;55;1760;11297731675;S
20241015;100418;55;1760;11297731785;S
20241015;100418;55;1700;11297731786;S
20241015;100418;55.01;150;11297731872;B
20241015;100421;55.01;510;11297732420;B
20241015;100422;55.01;600;11297732466;B
20241015;100422;55.01;5000;11297732655;B
20241015;100423;55;120;11297732683;S
20241015;100423;55.01;10;11297732703;B
20241015;100423;55.01;300;11297732803;B
20241015;100425;55;80;11297733137;S
20241015;100427;55.01;50;11297733547;B
20241015;100428;55.01;100;11297733690;B
20241015;100429;55.01;10;11297733991;B
20241015;100430;55;18010;11297734303;S
20241015;100431;55.01;300;11297734469;B
20241015;100431;55;6000;11297734498;S
20241015;100432;55.01;50;11297734695;B
20241015;100436;55.01;690;11297735602;B
20241015;100436;55.01;90;11297735704;B
20241015;100436;55.01;680;11297735795;B
20241015;100437;55;530;11297735999;S
20241015;100437;55;20;11297736054;S
20241015;100440;55.01;260;11297736516;B
20241015;100440;55.03;740;11297736517;B
20241015;100441;55;100;11297736864;S
20241015;100441;55;10;11297736946;S
20241015;100442;55.04;320;11297737049;B
20241015;100443;55.04;200;11297737348;B
20241015;100443;55;200;11297737521;S
20241015;100444;55.01;170;11297737559;S
20241015;100445;55.01;50;11297737878;S
20241015;100445;55;1450;11297737879;S
20241015;100445;55.03;1000;11297737923;B
20241015;100446;55;1000;11297738073;S
20241015;100446;55.03;10;11297738077;B
20241015;100448;55;8750;11297738376;S
20241015;100448;55;150;11297738377;S
20241015;100448;55;100;11297738378;S
20241015;100448;55.03;350;11297738450;B
20241015;100449;55;1000;11297738619;S
20241015;100450;55.03;260;11297738867;B
20241015;100451;55;90;11297739228;S
20241015;100451;55.03;50;11297739328;B
20241015;100452;55.03;710;11297739486;B
20241015;100453;55.03;350;11297739728;B
20241015;100453;55;30;11297739839;S
20241015;100455;55;10;11297740166;S
20241015;100457;55.03;1000;11297740693;B
20241015;100457;55;240;11297740707;S
20241015;100457;55.03;710;11297740844;B
20241015;100500;55.01;20;11297741313;S
20241015;100500;55.01;450;11297741314;S
20241015;100500;55.03;120;11297741355;B
20241015;100501;55.03;380;11297741533;B
20241015;100501;55.01;180;11297741545;S
20241015;100501;55.03;380;11297741573;B
20241015;100510;55;1930;11297743561;S
20241015;100510;55;100;11297743562;S
20241015;100510;55;1470;11297743563;S
20241015;100510;55.01;90;11297743598;B
20241015;100512;55;10;11297744105;S
20241015;100512;55.01;10;11297744153;B
20241015;100515;55.01;130;11297744540;B
20241015;100515;55;10;11297744563;S
20241015;100517;55;500;11297744930;S
20241015;100517;55;10;11297744944;S
20241015;100518;55.01;110;11297745031;B
20241015;100518;55;30;11297745038;S
20241015;100518;55.01;60;11297745088;B
20241015;100518;55.01;760;11297745177;B
20241015;100519;55;280;11297745366;S
20241015;100522;55;20;11297745732;S
20241015;100522;55.01;100;11297745784;B
20241015;100524;55;20;11297746069;S
20241015;100526;55;100;11297746423;S
20241015;100527;55;20;11297746619;S
20241015;100533;55;8550;11297747879;S
20241015;100533;55;7100;11297747880;S
20241015;100533;55;170;11297747881;S
20241015;100533;55;3500;11297747882;S
20241015;100533;55;880;11297747883;S
20241015;100533;55;800;11297747884;S
20241015;100534;55;4290;11297747935;S
20241015;100534;55;40;11297747936;S
20241015;100534;55;150;11297747937;S
20241015;100534;55.01;1000;11297747948;B
20241015;100534;55;20;11297748002;S
20241015;100534;55.01;50;11297748008;B
20241015;100535;55;10;11297748240;S
20241015;100539;55;10;11297748927;S
20241015;100539;55.01;510;11297748988;B
20241015;100539;55.01;2490;11297748989;B
20241015;100541;55.01;20;11297749254;B
20241015;100542;55;50;11297749387;S
20241015;100542;55;490;11297749501;S
20241015;100543;55;2000;11297749532;S
20241015;100543;55;2510;11297749648;S
20241015;100543;55;2990;11297749649;S
20241015;100545;55.01;10;11297749908;B
20241015;100547;55.01;480;11297750308;B
20241015;100547;55.01;280;11297750309;B
20241015;100548;55;10;11297750457;S
20241015;100548;55;5090;11297750458;S
20241015;100548;55;400;11297750459;S
20241015;100549;55.01;100;11297750737;B
20241015;100550;55.01;50;11297751018;B
20241015;100552;55;200;11297751486;S
20241015;100553;55.01;600;11297751752;B
20241015;100555;55;1000;11297752124;S
20241015;100555;55;1900;11297752142;S
20241015;100555;55;50;11297752143;S
20241015;100555;55;5090;11297752144;S
20241015;100555;55;10;11297752145;S
20241015;100555;54.99;1090;11297752146;S
20241015;100555;54.98;1090;11297752147;S
20241015;100555;54.98;240;11297752148;S
20241015;100555;55;3630;11297752187;B
20241015;100555;55;880;11297752188;B
20241015;100555;55;120;11297752189;B
20241015;100555;55.01;2260;11297752190;B
20241015;100555;55.01;3000;11297752191;B
20241015;100555;55.01;100;11297752192;B
20241015;100555;55.01;4400;11297752193;B
20241015;100555;55.01;1050;11297752194;B
20241015;100555;55.01;490;11297752195;B
20241015;100555;55.01;1000;11297752212;S
20241015;100555;55.01;1000;11297752213;S
20241015;100555;55.01;2070;11297752221;S
20241015;100555;55;1000;11297752222;S
20241015;100555;54.99;1000;11297752223;S
20241015;100555;54.98;880;11297752224;S
20241015;100555;54.97;550;11297752225;S
20241015;100555;54.97;4540;11297752243;S
20241015;100555;54.97;880;11297752244;S
20241015;100555;54.96;3000;11297752245;S
20241015;100555;54.96;10;11297752246;S
20241015;100555;54.96;950;11297752247;S
20241015;100555;54.95;500;11297752248;S
20241015;100555;54.95;120;11297752249;S
20241015;100556;54.95;50;11297752301;S
20241015;100556;54.97;1000;11297752418;S
20241015;100556;54.97;1000;11297752421;S
20241015;100557;55;10;11297752537;B
20241015;100557;54.97;1000;11297752673;S
20241015;100557;54.97;1000;11297752675;S
20241015;100558;55;270;11297752883;B
20241015;100559;55;230;11297752944;S
20241015;100559;55.01;400;11297753004;B
20241015;100559;54.98;630;11297753101;S
20241015;100559;54.97;370;11297753102;S
20241015;100559;54.97;1000;11297753105;S
20241015;100600;54.99;3630;11297753264;B
20241015;100600;54.99;880;11297753265;B
20241015;100600;55;490;11297753266;B
20241015;100601;54.97;410;11297753508;S
20241015;100601;54.96;590;11297753509;S
20241015;100601;54.94;750;11297753514;S
20241015;100601;54.94;100;11297753528;S
20241015;100601;54.98;100;11297753581;B
20241015;100601;54.99;140;11297753582;B
20241015;100601;54.99;140;11297753583;B
20241015;100602;54.98;10;11297753659;B
20241015;100604;54.98;10;11297754076;B
20241015;100606;54.95;400;11297754392;S
20241015;100606;54.94;450;11297754393;S
20241015;100606;54.94;100;11297754424;S
20241015;100607;54.94;1210;11297754638;S
20241015;100607;54.94;10;11297754639;S
20241015;100607;54.94;3000;11297754640;S
20241015;100607;54.94;10;11297754641;S
20241015;100607;54.94;800;11297754642;S
20241015;100607;54.94;470;11297754643;S
20241015;100607;54.93;100;11297754737;S
20241015;100607;54.93;10;11297754738;S
20241015;100607;54.92;830;11297754739;S
20241015;100608;54.97;10;11297754794;B
20241015;100608;54.98;10;11297754801;B
20241015;100608;54.92;1000;11297754855;S
20241015;100608;54.97;70;11297754870;B
20241015;100608;54.98;130;11297754871;B
20241015;100608;54.98;10;11297754883;B
20241015;100611;54.95;10;11297755386;B
20241015;100611;54.95;800;11297755501;S
20241015;100612;54.95;300;11297755620;S
20241015;100619;54.97;10;11297756618;B
20241015;100621;54.95;890;11297757090;S
20241015;100621;54.94;890;11297757091;S
20241015;100621;54.93;880;11297757092;S
20241015;100621;54.93;340;11297757093;S
20241015;100623;54.93;10;11297757543;S
20241015;100626;54.96;140;11297758047;B
20241015;100628;54.96;300;11297758416;B
20241015;100629;54.94;880;11297758581;S
20241015;100629;54.94;20;11297758582;S
20241015;100629;54.96;150;11297758719;B
20241015;100630;54.96;510;11297758822;B
20241015;100630;54.96;50;11297758897;B
20241015;100630;54.96;1820;11297758929;B
20241015;100630;54.97;40;11297758930;B
20241015;100630;54.97;50;11297758931;B
20241015;100630;54.97;190;11297758932;B
20241015;100630;54.97;80;11297758933;B
20241015;100630;54.98;800;11297758934;B
20241015;100630;54.99;50;11297758935;B
20241015;100630;54.99;1000;11297758936;B
20241015;100630;54.95;880;11297758956;S
20241015;100630;54.94;120;11297758957;S
20241015;100630;54.94;500;11297758958;S
20241015;100630;54.99;10;11297758996;B
20241015;100630;54.94;380;11297759014;S
20241015;100630;54.93;3150;11297759015;S
20241015;100630;54.93;3130;11297759016;S
20241015;100631;54.93;1000;11297759201;S
20241015;100631;54.93;960;11297759202;S
20241015;100631;54.92;40;11297759203;S
20241015;100631;54.93;1000;11297759207;S
20241015;100631;54.97;150;11297759242;B
20241015;100631;54.97;50;11297759324;B
20241015;100632;54.98;60;11297759371;B
20241015;100632;54.99;180;11297759457;B
20241015;100632;54.99;20;11297759458;B
20241015;100632;54.99;30;11297759659;B
20241015;100632;54.99;70;11297759660;B
20241015;100632;54.95;120;11297759682;S
20241015;100632;54.94;770;11297759683;S
20241015;100632;54.93;110;11297759684;S
20241015;100632;54.93;490;11297759691;S
20241015;100632;54.99;300;11297759744;B
20241015;100633;54.94;1000;11297759954;S
20241015;100633;54.94;410;11297759955;S
20241015;100633;54.94;80;11297759956;S
20241015;100635;54.94;800;11297760190;S
20241015;100635;54.94;200;11297760191;S
20241015;100635;54.94;1000;11297760194;S
20241015;100636;54.94;220;11297760363;S
20241015;100636;54.94;700;11297760364;S
20241015;100636;54.93;20;11297760365;S
20241015;100636;54.93;50;11297760366;S
20241015;100636;54.93;10;11297760367;S
20241015;100636;54.94;400;11297760375;S
20241015;100636;54.93;600;11297760376;S
20241015;100637;54.94;10;11297760629;S
20241015;100637;54.93;50;11297760630;S
20241015;100637;54.93;880;11297760631;S
20241015;100637;54.93;60;11297760632;S
20241015;100637;54.94;880;11297760641;S
20241015;100637;54.93;120;11297760642;S
20241015;100637;54.98;200;11297760669;B
20241015;100637;54.98;50;11297760670;B
20241015;100637;54.99;10;11297760673;B
20241015;100637;54.93;10;11297760712;S
20241015;100637;54.98;40;11297760775;B
20241015;100637;54.99;70;11297760776;B
20241015;100637;55;500;11297760777;B
20241015;100637;55;60;11297760778;B
20241015;100637;55;3630;11297760779;B
20241015;100637;55;880;11297760780;B
20241015;100637;55.01;4000;11297760781;B
20241015;100637;55.01;500;11297760782;B
20241015;100637;55.02;20;11297760783;B
20241015;100637;55.02;300;11297760784;B
20241015;100637;55.02;10;11297760785;B
20241015;100637;54.95;880;11297760786;S
20241015;100637;54.94;20;11297760787;S
20241015;100637;54.94;100;11297760788;S
20241015;100637;54.94;1000;11297760789;S
20241015;100637;55;150;11297760849;B
20241015;100638;55;100;11297760914;B
20241015;100638;55;30;11297760915;B
20241015;100638;55.02;580;11297760916;B
20241015;100639;54.95;200;11297761267;S
20241015;100639;54.95;800;11297761268;S
20241015;100639;54.95;80;11297761271;S
20241015;100639;54.95;920;11297761272;S
20241015;100640;55.01;30;11297761365;B
20241015;100640;55.01;70;11297761366;B
20241015;100641;54.97;880;11297761661;S
20241015;100641;54.96;120;11297761662;S
20241015;100641;54.96;640;11297761663;S
20241015;100641;54.96;360;11297761664;S
20241015;100642;54.96;1000;11297761919;S
20241015;100642;54.96;40;11297761920;S
20241015;100642;54.96;200;11297761921;S
20241015;100642;54.96;760;11297761922;S
20241015;100644;54.96;240;11297762225;S
20241015;100644;54.96;410;11297762226;S
20241015;100644;54.95;350;11297762227;S
20241015;100644;54.95;1000;11297762230;S
20241015;100644;54.95;200;11297762271;S
20241015;100644;54.95;350;11297762281;S
20241015;100644;54.95;380;11297762295;S
20241015;100644;54.95;200;11297762296;S
20241015;100644;54.95;420;11297762297;S
20241015;100645;54.95;1000;11297762416;S
20241015;100645;54.95;1000;11297762417;S
20241015;100646;54.98;30;11297762504;B
20241015;100646;54.98;510;11297762579;B
20241015;100646;54.98;150;11297762690;B
20241015;100646;54.95;1000;11297762762;S
20241015;100646;54.95;1000;11297762763;S
20241015;100646;54.95;400;11297762796;S
20241015;100647;54.95;180;11297762978;S
20241015;100647;54.94;260;11297762979;S
20241015;100647;54.98;60;11297762983;B
20241015;100648;54.94;470;11297763136;S
20241015;100648;54.94;160;11297763137;S
20241015;100648;54.94;380;11297763138;S
20241015;100648;54.93;460;11297763139;S
20241015;100648;54.98;130;11297763210;B
20241015;100650;54.94;190;11297763429;S
20241015;100650;54.93;810;11297763430;S
20241015;100650;54.94;100;11297763431;S
20241015;100650;54.93;900;11297763432;S
20241015;100651;54.94;10;11297763674;S
20241015;100651;54.94;40;11297763715;S
20241015;100651;54.93;960;11297763716;S
20241015;100651;54.94;20;11297763717;S
20241015;100651;54.93;420;11297763718;S
20241015;100653;54.93;350;11297763912;S
20241015;100653;54.93;1000;11297763914;S
20241015;100654;54.94;880;11297764287;S
20241015;100654;54.93;120;11297764288;S
20241015;100654;54.93;1000;11297764291;S
20241015;100655;54.95;10;11297764440;S
20241015;100656;54.95;240;11297764465;S
20241015;100656;54.94;330;11297764466;S
20241015;100656;54.93;430;11297764467;S
20241015;100656;54.93;1000;11297764468;S
20241015;100656;54.93;590;11297764507;S
20241015;100656;54.94;10;11297764508;S
20241015;100656;54.93;460;11297764509;S
20241015;100656;54.93;440;11297764510;S
20241015;100657;54.93;750;11297764607;S
20241015;100657;54.93;630;11297764644;S
20241015;100657;54.92;370;11297764645;S
20241015;100657;54.92;560;11297764646;S
20241015;100657;54.92;100;11297764647;S
20241015;100657;54.92;300;11297764648;S
20241015;100658;54.93;10;11297764772;S
20241015;100658;54.92;600;11297764773;S
20241015;100658;54.92;10;11297764774;S
20241015;100658;54.91;10;11297764775;S
20241015;100658;54.91;250;11297764776;S
20241015;100658;54.91;10;11297764777;S
20241015;100658;54.91;110;11297764778;S
20241015;100658;54.92;20;11297764779;S
20241015;100658;54.91;390;11297764780;S
20241015;100658;54.91;20;11297764781;S
20241015;100658;54.92;140;11297764782;S
20241015;100659;54.93;10;11297764974;S
20241015;100659;54.92;60;11297764975;S
20241015;100659;54.92;240;11297764976;S
20241015;100659;54.91;230;11297764977;S
20241015;100659;54.91;10;11297764978;S
20241015;100659;54.91;450;11297764979;S
20241015;100659;54.91;1000;11297764980;S
20241015;100701;54.92;120;11297765250;S
20241015;100701;54.92;760;11297765251;S
20241015;100701;54.91;240;11297765252;S
20241015;100702;54.95;30;11297765386;B
20241015;100703;54.92;370;11297765488;S
20241015;100703;54.92;560;11297765489;S
20241015;100703;54.91;90;11297765491;S
20241015;100703;54.91;70;11297765492;S
20241015;100703;54.92;320;11297765570;S
20241015;100703;54.95;50;11297765584;B
20241015;100704;54.95;320;11297765713;B
20241015;100704;54.96;90;11297765714;B
20241015;100704;54.97;90;11297765715;B
20241015;100704;54.93;300;11297765725;S
20241015;100704;54.92;880;11297765726;S
20241015;100704;54.92;1110;11297765727;S
20241015;100704;54.91;710;11297765728;S
20241015;100706;54.94;720;11297766096;S
20241015;100707;54.94;280;11297766225;S
20241015;100707;54.92;200;11297766226;S
20241015;100707;54.92;700;11297766227;S
20241015;100707;54.91;620;11297766228;S
20241015;100708;54.92;110;11297766338;S
20241015;100709;54.92;190;11297766519;S
20241015;100709;54.91;1620;11297766520;S
20241015;100710;54.92;300;11297766707;S
20241015;100710;54.92;300;11297766708;S
20241015;100710;54.91;5200;11297766709;S
20241015;100710;54.91;10;11297766710;S
20241015;100710;54.91;10;11297766711;S
20241015;100710;54.91;10;11297766712;S
20241015;100710;54.91;150;11297766713;S
20241015;100710;54.91;10;11297766714;S
20241015;100710;54.9;10;11297766715;S
20241015;100710;54.9;1000;11297766716;S
20241015;100710;54.9;20000;11297766717;S
20241015;100710;54.9;27500;11297766718;S
20241015;100710;54.9;90;11297766719;S
20241015;100710;54.9;20;11297766720;S
20241015;100710;54.9;50;11297766721;S
20241015;100710;54.9;50;11297766722;S
20241015;100710;54.9;10;11297766723;S
20241015;100710;54.9;90;11297766724;S
20241015;100710;54.9;60;11297766725;S
20241015;100710;54.9;10;11297766726;S
20241015;100710;54.9;1000;11297766727;S
20241015;100710;54.9;20;11297766728;S
20241015;100710;54.9;3000;11297766729;S
20241015;100710;54.9;2800;11297766730;S
20241015;100710;54.9;10;11297766731;S
20241015;100710;54.9;290;11297766732;S
20241015;100710;54.9;500;11297766733;S
20241015;100710;54.89;50;11297766734;S
20241015;100710;54.89;880;11297766735;S
20241015;100710;54.88;40;11297766736;S
20241015;100710;54.88;1000;11297766737;S
20241015;100710;54.86;200;11297766738;S
20241015;100710;54.86;250;11297766739;S
20241015;100710;54.86;10000;11297766740;S
20241015;100710;54.85;10000;11297766741;S
20241015;100710;54.85;300;11297766742;S
20241015;100710;54.85;2000;11297766743;S
20241015;100710;54.85;10;11297766744;S
20241015;100710;54.85;20;11297766745;S
20241015;100710;54.85;300;11297766746;S
20241015;100710;54.84;3720;11297766747;S
20241015;100710;54.84;100;11297766748;S
20241015;100710;54.84;10;11297766749;S
20241015;100710;54.84;300;11297766750;S
20241015;100710;54.84;10;11297766751;S
20241015;100710;54.84;2000;11297766752;S
20241015;100710;54.84;20;11297766753;S
20241015;100710;54.83;10;11297766754;S
20241015;100710;54.83;3720;11297766755;S
20241015;100710;54.83;90;11297766756;S
20241015;100710;54.83;100;11297766757;S
20241015;100710;54.83;100;11297766758;S
20241015;100710;54.83;1550;11297766759;S
20241015;100710;54.83;5000;11297766760;S
20241015;100710;54.83;3460;11297766761;S
20241015;100710;54.82;10;11297766762;S
20241015;100710;54.82;700;11297766763;S
20241015;100710;54.82;10;11297766764;S
20241015;100710;54.82;10;11297766765;S
20241015;100710;54.82;200;11297766766;S
20241015;100710;54.82;10;11297766767;S
20241015;100710;54.82;10;11297766768;S
20241015;100710;54.82;250;11297766769;S
20241015;100710;54.82;5200;11297766770;S
20241015;100710;54.82;3720;11297766771;S
20241015;100710;54.82;1500;11297766772;S
20241015;100710;54.82;1000;11297766773;S
20241015;100710;54.82;5000;11297766774;S
20241015;100710;54.81;10;11297766775;S
20241015;100710;54.81;10;11297766776;S
20241015;100710;54.81;3720;11297766777;S
20241015;100710;54.81;10000;11297766778;S
20241015;100710;54.81;250;11297766779;S
20241015;100710;54.81;1000;11297766780;S
20241015;100710;54.81;600;11297766781;S
20241015;100710;54.81;2160;11297766782;S
20241015;100710;54.81;5000;11297766783;S
20241015;100710;54.81;180;11297766784;S
20241015;100710;54.81;270;11297766785;S
20241015;100710;54.81;10;11297766786;S
20241015;100710;54.81;10000;11297766787;S
20241015;100710;54.8;200;11297766788;S
20241015;100710;54.8;10;11297766789;S
20241015;100710;54.8;4000;11297766790;S
20241015;100710;54.8;3720;11297766791;S
20241015;100710;54.8;10000;11297766792;S
20241015;100710;54.8;130;11297766793;S
20241015;100710;54.8;10;11297766794;S
20241015;100710;54.8;340;11297766795;S
20241015;100710;54.8;900;11297766796;S
20241015;100710;54.8;500;11297766797;S
20241015;100710;54.8;4500;11297766798;S
20241015;100710;54.8;50;11297766799;S
20241015;100710;54.8;8000;11297766800;S
20241015;100710;54.8;9070;11297766801;S
20241015;100710;54.88;880;11297766806;B
20241015;100710;54.9;20;11297766807;B
20241015;100711;54.83;170;11297766839;S
20241015;100711;54.83;150;11297766840;S
20241015;100711;54.82;4900;11297766841;S
20241015;100711;54.82;3000;11297766842;S
20241015;100711;54.81;880;11297766843;S
20241015;100711;54.8;900;11297766844;S
20241015;100711;54.84;40;11297766845;B
20241015;100711;54.8;180;11297766863;S
20241015;100711;54.8;920;11297766864;S
20241015;100711;54.8;1080;11297766865;S
20241015;100711;54.81;40;11297766898;B
20241015;100711;54.8;50;11297766905;S
20241015;100711;54.81;1820;11297766906;B
20241015;100711;54.81;3140;11297766907;B
20241015;100711;54.82;60;11297766908;B
20241015;100711;54.84;260;11297766909;B
20241015;100711;54.85;880;11297766910;B
20241015;100711;54.85;170;11297766911;S
20241015;100711;54.85;10;11297766917;S
20241015;100711;54.85;10;11297766919;S
20241015;100711;54.85;2000;11297766920;S
20241015;100711;54.85;970;11297766921;S
20241015;100711;54.79;10;11297766922;S
20241015;100711;54.79;20;11297766923;S
20241015;100711;54.8;880;11297766961;S
20241015;100711;54.8;30;11297766962;B
20241015;100711;54.84;50;11297766969;B
20241015;100711;54.85;50;11297766970;B
20241015;100712;54.79;10;11297767014;S
20241015;100712;54.79;290;11297767015;S
20241015;100712;54.82;20;11297767033;B
20241015;100712;54.83;40;11297767034;B
20241015;100712;54.85;240;11297767035;B
20241015;100713;54.84;30;11297767120;B
20241015;100713;54.86;200;11297767224;B
20241015;100713;54.88;30;11297767225;B
20241015;100713;54.88;20;11297767226;B
20241015;100713;54.88;600;11297767227;B
20241015;100713;54.89;880;11297767228;B
20241015;100713;54.89;2500;11297767229;B
20241015;100713;54.89;500;11297767230;B
20241015;100713;54.9;6520;11297767231;B
20241015;100713;54.91;10000;11297767232;B
20241015;100713;54.94;80;11297767233;B
20241015;100713;54.95;200;11297767234;B
20241015;100713;54.95;3630;11297767235;B
20241015;100713;54.96;9050;11297767236;B
20241015;100713;54.97;1100;11297767237;B
20241015;100713;54.97;5100;11297767238;B
20241015;100713;54.98;120;11297767239;B
20241015;100713;54.98;450;11297767240;B
20241015;100713;54.99;2000;11297767241;B
20241015;100713;54.99;5000;11297767242;B
20241015;100713;54.99;2800;11297767243;B
20241015;100713;54.99;1500;11297767244;B
20241015;100713;54.99;1000;11297767245;B
20241015;100713;55;12220;11297767246;B
20241015;100713;55;100;11297767256;S
20241015;100715;55.02;620;11297767420;S
20241015;100715;55.03;10;11297767440;B
20241015;100716;55.01;100;11297767596;S
20241015;100716;55.01;100;11297767624;S
20241015;100717;55;5000;11297767681;S
20241015;100720;55;100;11297768286;S
20241015;100723;55;1830;11297768968;S
20241015;100723;55.02;10;11297768993;B
20241015;100723;55;350;11297769009;S
20241015;100724;55;500;11297769132;S
20241015;100729;55;10;11297770159;S
20241015;100731;55.02;90;11297770738;B
20241015;100731;55.02;10;11297770739;B
20241015;100733;55;500;11297771121;S
20241015;100735;55.02;10;11297771366;B
20241015;100735;55.01;600;11297771557;B
20241015;100739;55.02;10;11297772160;B
20241015;100739;55;5000;11297772233;S
20241015;100739;55.01;90;11297772320;S
20241015;100739;55.01;410;11297772344;S
20241015;100739;55;21110;11297772345;S
20241015;100739;55;80;11297772346;S
20241015;100739;55;450;11297772347;S
20241015;100741;54.99;100;11297772597;B
20241015;100743;54.99;540;11297772989;B
20241015;100744;54.96;10;11297773078;S
20241015;100745;54.99;400;11297773279;B
20241015;100745;54.96;10;11297773389;S
20241015;100749;54.98;500;11297773964;B
20241015;100749;54.98;880;11297773965;B
20241015;100749;54.99;20;11297773966;B
20241015;100749;54.99;3630;11297773967;B
20241015;100749;55;850;11297773968;B
20241015;100753;55;10;11297774839;B
20241015;100753;55;40;11297774892;B
20241015;100753;55.01;10;11297774893;B
20241015;100754;55;250;11297775174;B
20241015;100754;55;100;11297775175;B
20241015;100755;55;2030;11297775237;S
20241015;100755;55;100;11297775372;B
20241015;100759;54.98;100;11297776138;S
20241015;100759;54.98;300;11297776139;S
20241015;100759;55;10;11297776215;B
20241015;100803;54.99;220;11297777102;S
20241015;100806;54.99;110;11297777664;S
20241015;100808;55;20;11297778076;B
20241015;100808;55;10;11297778110;B
20241015;100810;54.99;8670;11297778627;S
20241015;100810;54.99;1330;11297778628;S
20241015;100814;54.99;10;11297779471;B
20241015;100817;54.99;100;11297780146;B
20241015;100817;54.99;110;11297780172;B
20241015;100818;54.97;400;11297780208;S
20241015;100818;54.97;1400;11297780290;S
20241015;100818;54.97;100;11297780291;S
20241015;100818;54.96;10;11297780292;S
20241015;100818;54.96;290;11297780293;S
20241015;100819;54.95;20;11297780392;S
20241015;100824;54.95;50;11297781638;S
20241015;100825;54.96;10;11297781858;B
20241015;100825;54.96;10;11297781859;B
20241015;100825;54.97;70;11297781860;B
20241015;100829;54.99;100;11297782603;B
20241015;100829;54.99;880;11297782604;B
20241015;100829;54.99;100;11297782605;B
20241015;100829;55;9230;11297782606;B
20241015;100829;55;100;11297782607;B
20241015;100829;55;1190;11297782608;B
20241015;100829;55;450;11297782609;B
20241015;100829;55;7950;11297782610;B
20241015;100830;54.98;10;11297782722;B
20241015;100833;54.98;10;11297783428;B
20241015;100833;54.99;10;11297783429;B
20241015;100834;54.97;10;11297783508;S
20241015;100834;54.97;90;11297783685;S
20241015;100834;54.97;330;11297783686;S
20241015;100835;54.97;80;11297783705;S
20241015;100837;54.97;880;11297784105;S
20241015;100837;54.97;120;11297784106;S
20241015;100841;54.98;10;11297785143;B
20241015;100841;54.98;10;11297785144;B
20241015;100841;54.99;70;11297785145;B
20241015;100842;54.99;30;11297785319;B
20241015;100844;54.98;10;11297785782;B
20241015;100845;54.97;110;11297785820;S
20241015;100845;54.97;590;11297785821;S
20241015;100847;54.98;10;11297786354;B
20241015;100853;54.98;700;11297787893;S
20241015;100854;54.99;10;11297787914;S
20241015;100854;54.99;10;11297787916;S
20241015;100855;55;10;11297788100;B
20241015;100855;55;10;11297788185;B
20241015;100856;54.99;500;11297788389;S
20241015;100858;55;50;11297788764;B
20241015;100858;55;660;11297788843;B
20241015;100858;55;6320;11297788847;B
20241015;100858;55;7000;11297788848;B
20241015;100858;55;10;11297788849;B
20241015;100858;55.01;130;11297788865;B
20241015;100858;55.04;10;11297788900;B
20241015;100858;55.04;10;11297788901;B
20241015;100859;55.04;10;11297789126;B
20241015;100859;55.05;140;11297789127;B
20241015;100859;55.05;1580;11297789163;B
20241015;100900;55.05;50;11297789218;B
20241015;100900;55.04;10;11297789305;B
20241015;100900;55.05;250;11297789307;B
20241015;100900;55.03;320;11297789400;S
20241015;100901;55.03;10;11297789539;S
20241015;100903;55.03;380;11297790247;S
20241015;100904;55.03;100;11297790445;S
20241015;100904;55.02;10;11297790477;S
20241015;100904;55.04;250;11297790490;S
20241015;100905;55.04;200;11297790561;S
20241015;100905;55.04;100;11297790562;S
20241015;100905;55.02;360;11297790563;S
20241015;100906;55.02;630;11297790781;S
20241015;100906;55.01;140;11297790782;S
20241015;100906;55.01;920;11297790890;S
20241015;100907;55.03;10;11297791023;B
20241015;100907;55.03;880;11297791065;B
20241015;100907;55.03;50;11297791066;B
20241015;100907;55.03;30;11297791067;B
20241015;100907;55.03;130;11297791068;B
20241015;100911;55.01;970;11297791671;S
20241015;100911;55.01;1600;11297791672;S
20241015;100911;55;3880;11297791673;S
20241015;100911;55.01;1650;11297791674;S
20241015;100911;55.01;1920;11297791675;S
20241015;100911;55.01;60;11297791676;S
20241015;100911;55;3330;11297791677;S
20241015;100915;55.02;10;11297792509;B
20241015;100915;55.02;90;11297792510;B
20241015;100918;55.01;30;11297793245;B
20241015;100918;55.02;790;11297793246;B
20241015;100918;55.02;510;11297793247;B
20241015;100918;55.02;40;11297793279;B
20241015;100919;55.01;100;11297793301;S
20241015;100921;55.02;10;11297793655;B
20241015;100921;55.03;90;11297793656;B
20241015;100921;55.03;90;11297793726;B
20241015;100921;55.03;880;11297793727;B
20241015;100921;55.04;50;11297793728;B
20241015;100921;55.04;10;11297793784;S
20241015;100924;55.05;90;11297794436;B
20241015;100926;55.05;1000;11297794750;B
20241015;100926;55.05;60;11297794751;B
20241015;100926;55.04;5000;11297794783;S
20241015;100926;55.04;10;11297794921;S
20241015;100927;55.04;10;11297795111;S
20241015;100928;55.04;1090;11297795326;S
20241015;100930;55.04;100;11297795726;S
20241015;100939;55.04;200;11297797121;S
20241015;100939;55.05;40;11297797257;B
20241015;100940;55.04;20;11297797474;S
20241015;100942;55.05;200;11297797757;B
20241015;100946;55.05;2500;11297798539;B
20241015;100948;55.05;450;11297798983;B
20241015;100951;55.05;20;11297799482;B
20241015;100953;55.04;2540;11297799772;S
20241015;100953;55.04;20;11297799773;S
20241015;100953;55.03;1160;11297799774;S
20241015;100953;55.03;20;11297799775;S
20241015;100953;55.03;3000;11297799776;S
20241015;100953;55.03;170;11297799777;S
20241015;100953;55.02;930;11297799778;S
20241015;100953;55.01;760;11297799779;S
20241015;100953;55.01;10000;11297799780;S
20241015;100953;55.01;880;11297799781;S
20241015;100953;55;2790;11297799782;S
20241015;100953;55;30;11297799783;S
20241015;100953;55;3000;11297799784;S
20241015;100953;55;110;11297799785;S
20241015;100953;55;210;11297799786;S
20241015;100953;55;10;11297800034;B
20241015;100955;55;20;11297800270;B
20241015;100955;55;810;11297800397;B
20241015;100956;55;10;11297800499;B
20241015;100959;55;70;11297800954;B
20241015;101000;54.99;10;11297801046;S
20241015;101000;54.99;460;11297801047;S
20241015;101000;55;1980;11297801141;B
20241015;101000;54.99;400;11297801195;S
20241015;101001;55;30;11297801558;B
20241015;101004;54.98;3340;11297802034;S
20241015;101004;54.98;10;11297802035;S
20241015;101004;54.98;2150;11297802036;S
20241015;101004;54.99;10;11297802255;B
20241015;101006;54.97;100;11297802498;S
20241015;101006;54.97;10;11297802551;S
20241015;101008;54.99;10;11297803022;B
20241015;101010;54.99;50;11297803248;B
20241015;101010;54.97;130;11297803479;S
20241015;101011;54.98;170;11297803686;B
20241015;101012;54.97;450;11297803783;S
20241015;101012;54.97;4310;11297803795;S
20241015;101012;54.96;10;11297803849;S
20241015;101012;54.95;70;11297803850;S
20241015;101012;54.95;160;11297803928;S
20241015;101012;54.95;10;11297803929;S
20241015;101012;54.95;90;11297804025;S
20241015;101012;54.95;10;11297804026;S
20241015;101012;54.95;10;11297804027;S
20241015;101012;54.95;180;11297804028;S
20241015;101012;54.95;10;11297804029;S
20241015;101012;54.95;2000;11297804030;S
20241015;101012;54.95;940;11297804031;S
20241015;101012;54.94;2260;11297804032;S
20241015;101013;54.94;1000;11297804219;S
20241015;101013;54.94;50;11297804360;S
20241015;101013;54.95;10;11297804411;B
20241015;101014;54.94;20;11297804439;S
20241015;101014;54.94;160;11297804488;S
20241015;101015;54.94;30;11297804749;S
20241015;101016;54.94;180;11297804924;S
20241015;101017;54.94;260;11297805082;S
20241015;101018;54.94;200;11297805381;S
20241015;101021;54.96;20;11297805858;B
20241015;101024;54.94;100;11297806229;S
20241015;101024;54.95;200;11297806346;B
20241015;101024;54.97;320;11297806347;B
20241015;101025;54.95;60;11297806397;B
20241015;101026;54.94;200;11297806694;S
20241015;101031;54.94;9000;11297807472;S
20241015;101032;54.95;20;11297807629;B
20241015;101034;54.94;200;11297807959;S
20241015;101035;54.94;20;11297808126;S
20241015;101037;54.95;30;11297808513;B
20241015;101038;54.94;200;11297808750;S
20241015;101040;54.95;490;11297809112;B
20241015;101040;54.95;150;11297809113;B
20241015;101040;54.95;190;11297809114;B
20241015;101040;54.95;210;11297809115;B
20241015;101040;54.95;80;11297809116;B
20241015;101040;54.95;20;11297809117;B
20241015;101040;54.95;10;11297809118;B
20241015;101040;54.95;210;11297809119;B
20241015;101040;54.96;250;11297809120;B
20241015;101040;54.96;1630;11297809121;B
20241015;101040;54.96;3140;11297809122;B
20241015;101040;54.96;1110;11297809123;B
20241015;101040;54.96;570;11297809124;B
20241015;101040;54.96;1640;11297809125;B
20241015;101040;54.96;880;11297809126;B
20241015;101040;54.97;1630;11297809127;B
20241015;101040;54.98;3630;11297809128;B
20241015;101040;54.98;160;11297809129;B
20241015;101042;54.95;50;11297809458;S
20241015;101045;54.96;100;11297810122;S
20241015;101049;54.95;930;11297810758;S
20241015;101049;54.95;800;11297810800;S
20241015;101050;54.95;150;11297810972;S
20241015;101051;54.95;10;11297811122;S
20241015;101052;54.95;1690;11297811188;S
20241015;101052;54.95;130;11297811189;S
20241015;101057;54.96;100;11297811869;B
20241015;101104;54.95;20;11297812676;S
20241015;101104;54.95;880;11297812677;S
20241015;101104;54.95;1100;11297812678;S
20241015;101104;54.96;10;11297812701;B
20241015;101104;54.96;110;11297812748;B
20241015;101104;54.96;20;11297812751;B
20241015;101104;54.96;170;11297812752;B
20241015;101104;54.96;320;11297812753;B
20241015;101104;54.96;520;11297812774;B
20241015;101104;54.96;50;11297812775;B
20241015;101104;54.96;80;11297812776;B
20241015;101104;54.96;2080;11297812777;B
20241015;101109;54.97;10;11297813409;B
20241015;101110;54.96;100;11297813575;S
20241015;101111;54.97;10;11297813603;B
20241015;101111;54.96;90;11297813656;S
20241015;101112;54.96;5500;11297813772;S
20241015;101120;54.96;4060;11297814949;S
20241015;101120;54.95;1230;11297814950;S
20241015;101120;54.94;6120;11297814951;S
20241015;101120;54.94;10;11297814952;S
20241015;101120;54.94;10;11297814953;S
20241015;101120;54.94;5000;11297814954;S
20241015;101120;54.94;690;11297814955;S
20241015;101121;54.94;10;11297815029;B
20241015;101124;54.95;100;11297815370;S
20241015;101128;54.95;30;11297815835;S
20241015;101128;54.97;130;11297815855;B
20241015;101128;54.97;200;11297815856;B
20241015;101128;54.97;3630;11297815857;B
20241015;101128;54.97;880;11297815858;B
20241015;101128;54.97;1110;11297815859;B
20241015;101128;54.97;210;11297815860;B
20241015;101128;54.97;250;11297815861;B
20241015;101128;54.98;4930;11297815862;B
20241015;101128;54.98;1460;11297815863;B
20241015;101128;54.98;1110;11297815864;B
20241015;101128;54.99;30;11297815865;B
20241015;101128;54.99;130;11297815866;B
20241015;101128;54.99;190;11297815867;B
20241015;101128;54.99;570;11297815868;B
20241015;101128;54.99;4000;11297815869;B
20241015;101128;55;16450;11297815870;B
20241015;101128;55;100;11297815871;B
20241015;101128;55;14620;11297815872;B
20241015;101135;54.95;10;11297816887;S
20241015;101138;54.97;170;11297817339;B
20241015;101144;55;30;11297818187;B
20241015;101144;55;1610;11297818249;B
20241015;101144;55;1110;11297818250;B
20241015;101144;55;3030;11297818251;B
20241015;101151;55;20;11297819257;B
20241015;101155;55;10;11297819693;B
20241015;101155;55;10;11297819796;B
20241015;101201;55;50;11297820674;B
20241015;101202;54.99;800;11297820784;S
20241015;101202;54.99;880;11297820785;S
20241015;101202;54.98;740;11297820786;S
20241015;101202;54.97;1000;11297820787;S
20241015;101202;54.97;1810;11297820788;S
20241015;101202;54.96;3630;11297820789;S
20241015;101202;54.96;6520;11297820790;S
20241015;101202;54.96;100;11297820791;S
20241015;101202;54.95;3860;11297820792;S
20241015;101202;54.95;660;11297820793;S
20241015;101202;54.97;20;11297820879;B
20241015;101206;54.95;10;11297821504;S
20241015;101206;54.95;560;11297821505;S
20241015;101206;54.94;530;11297821506;S
20241015;101211;54.94;300;11297822281;S
20241015;101211;54.94;880;11297822282;S
20241015;101211;54.94;480;11297822283;S
20241015;101211;54.93;100;11297822284;S
20241015;101211;54.93;10;11297822285;S
20241015;101211;54.93;3730;11297822286;S
20241015;101211;54.95;10;11297822322;B
20241015;101214;54.93;1630;11297822778;S
20241015;101215;54.93;5500;11297822948;S
20241015;101219;54.93;1140;11297823467;S
20241015;101219;54.93;50;11297823468;S
20241015;101219;54.93;2800;11297823469;S
20241015;101219;54.93;760;11297823470;S
20241015;101219;54.92;1910;11297823471;S
20241015;101220;54.94;150;11297823604;B
20241015;101220;54.95;620;11297823605;B
20241015;101220;54.95;880;11297823606;B
20241015;101220;54.95;730;11297823607;B
20241015;101224;54.95;2620;11297824195;S
20241015;101224;54.95;720;11297824196;S
20241015;101224;54.95;30;11297824197;S
20241015;101224;54.94;670;11297824198;S
20241015;101224;54.93;360;11297824199;S
20241015;101224;54.96;10;11297824220;B
20241015;101229;54.97;500;11297824733;B
20241015;101229;54.95;1000;11297824759;S
20241015;101232;54.95;70;11297825114;S
20241015;101237;54.97;10;11297825788;B
20241015;101240;54.95;70;11297826186;S
20241015;101243;54.95;500;11297826636;S
20241015;101243;54.95;10;11297826646;S
20241015;101248;54.95;10;11297827365;S
20241015;101248;54.97;120;11297827432;B
20241015;101248;54.98;1450;11297827433;B
20241015;101248;54.98;670;11297827434;B
20241015;101248;54.98;570;11297827435;B
20241015;101248;54.98;880;11297827436;B
20241015;101248;54.99;310;11297827437;B
20241015;101252;54.98;90;11297827914;B
20241015;101252;54.99;910;11297827915;B
20241015;101256;54.98;20;11297828425;B
20241015;101303;54.98;70;11297829326;B
20241015;101303;54.99;30;11297829327;B
20241015;101320;54.97;100;11297832317;B
20241015;101320;54.97;10;11297832326;B
20241015;101324;54.97;10;11297832870;B
20241015;101324;54.95;340;11297832894;S
20241015;101324;54.95;10;11297832895;S
20241015;101324;54.94;510;11297832896;S
20241015;101324;54.94;140;11297832897;S
20241015;101325;54.97;10;11297833097;B
20241015;101327;54.97;100;11297833236;B
20241015;101328;54.94;10;11297833462;S
20241015;101331;54.97;320;11297833778;B
20241015;101331;54.97;70;11297833779;B
20241015;101331;54.97;440;11297833780;B
20241015;101331;54.98;1450;11297833781;B
20241015;101331;54.98;400;11297833782;B
20241015;101331;54.98;1000;11297833783;B
20241015;101331;54.98;880;11297833784;B
20241015;101331;54.99;3840;11297833785;B
20241015;101331;54.99;1210;11297833786;B
20241015;101331;55;7960;11297833787;B
20241015;101331;55;540;11297833788;B
20241015;101331;55;20;11297833789;B
20241015;101331;55;40;11297833790;B
20241015;101331;55;9000;11297833791;B
20241015;101331;55.02;1800;11297833792;B
20241015;101331;55.03;9420;11297833793;B
20241015;101331;55.03;6520;11297833794;B
20241015;101331;55.04;16400;11297833795;B
20241015;101331;55.04;10000;11297833796;B
20241015;101331;55.04;5000;11297833797;B
20241015;101331;55.05;2710;11297833798;B
20241015;101331;55.05;2000;11297833799;B
20241015;101331;55.05;18980;11297833800;B
20241015;101331;55.05;950;11297833824;B
20241015;101333;54.98;30;11297833978;B
20241015;101335;54.97;880;11297834235;S
20241015;101335;54.96;1000;11297834236;S
20241015;101335;54.96;480;11297834237;S
20241015;101338;54.96;20;11297834766;S
20241015;101340;54.98;10;11297835013;B
20241015;101342;54.98;400;11297835220;B
20241015;101342;54.98;260;11297835221;B
20241015;101342;55.01;700;11297835222;B
20241015;101342;55.02;20;11297835223;B
20241015;101342;55.02;880;11297835224;B
20241015;101342;55.02;700;11297835225;B
20241015;101342;55.03;500;11297835226;B
20241015;101342;55.04;3630;11297835227;B
20241015;101342;55.04;5090;11297835228;B
20241015;101342;55.05;28010;11297835229;B
20241015;101342;55.05;4500;11297835230;B
20241015;101342;55.05;1000;11297835231;B
20241015;101342;55.05;300;11297835232;B
20241015;101342;55.05;4010;11297835233;B
20241015;101342;55;60;11297835242;S
20241015;101344;55.01;20;11297835554;B
20241015;101350;55;540;11297836411;S
20241015;101356;55.01;10;11297837247;B
20241015;101356;55.01;260;11297837248;B
20241015;101356;55.03;410;11297837249;B
20241015;101356;55.03;1000;11297837250;B
20241015;101356;55.04;820;11297837251;B
20241015;101357;55;10;11297837279;S
20241015;101403;55.01;10;11297838022;B
20241015;101407;55.02;10;11297838506;B
20241015;101411;55.02;500;11297839068;B
20241015;101417;55.02;100;11297839763;B
20241015;101422;55.02;20;11297840329;B
20241015;101422;55.01;50;11297840433;S
20241015;101423;55.01;100;11297840445;S
20241015;101431;55.02;10;11297841488;B
20241015;101432;55.01;180;11297841745;S
20241015;101433;55.02;10;11297841820;B
20241015;101435;55.01;10;11297842137;S
20241015;101435;55.01;350;11297842259;S
20241015;101438;55.01;310;11297842665;S
20241015;101438;55.01;880;11297842666;S
20241015;101438;55.01;160;11297842667;S
20241015;101438;55.01;500;11297842668;S
20241015;101438;55.01;90;11297842669;S
20241015;101439;55;10;11297842678;S
20241015;101442;55.01;5060;11297843304;B
20241015;101442;55.01;420;11297843305;B
20241015;101448;55.01;530;11297844275;S
20241015;101450;55.01;230;11297844401;S
20241015;101455;55.02;800;11297845367;B
20241015;101455;55.02;10;11297845368;B
20241015;101455;55.02;10;11297845369;B
20241015;101455;55.02;330;11297845370;B
20241015;101455;55.03;390;11297845371;B
20241015;101456;55.01;1500;11297845433;S
20241015;101456;55.01;4810;11297845544;S
20241015;101456;55.01;880;11297845545;S
20241015;101456;55.01;340;11297845546;S
20241015;101456;55.01;100;11297845547;S
20241015;101456;55;80;11297845548;S
20241015;101456;55;9200;11297845549;S
20241015;101457;55.02;10;11297845579;B
20241015;101457;55.02;90;11297845580;B
20241015;101459;55;10;11297845999;S
20241015;101500;55;480;11297846033;S
20241015;101500;55;10;11297846117;S
20241015;101500;55;10;11297846121;S
20241015;101501;55;10;11297846249;S
20241015;101501;55.01;10;11297846250;B
20241015;101501;55.01;20;11297846251;B
20241015;101501;55;10;11297846428;S
20241015;101502;55;150;11297846600;S
20241015;101502;55;120;11297846676;S
20241015;101502;55;10;11297846677;S
20241015;101502;55;10;11297846733;S
20241015;101502;54.99;100;11297846734;S
20241015;101502;54.98;10;11297846798;S
20241015;101502;54.97;30;11297846856;S
20241015;101504;54.97;90;11297847245;S
20241015;101504;54.97;10;11297847447;S
20241015;101504;54.97;10;11297847451;S
20241015;101506;54.97;20;11297847815;S
20241015;101508;54.97;10;11297848170;S
20241015;101508;54.97;10;11297848185;S
20241015;101508;54.97;10;11297848264;S
20241015;101508;54.97;10;11297848273;S
20241015;101508;54.98;130;11297848293;B
20241015;101509;54.97;10;11297848324;S
20241015;101510;54.97;60;11297848535;S
20241015;101510;54.96;10;11297848536;S
20241015;101510;54.96;300;11297848537;S
20241015;101510;54.95;20;11297848616;S
20241015;101510;54.95;20;11297848920;S
20241015;101510;54.95;40;11297848960;S
20241015;101510;54.95;40;11297849017;S
20241015;101510;54.95;40;11297849041;B
20241015;101510;54.95;220;11297849049;S
20241015;101510;54.95;10;11297849056;S
20241015;101510;54.93;10;11297849060;S
20241015;101510;54.93;3000;11297849091;S
20241015;101511;54.95;80;11297849492;B
20241015;101511;54.95;180;11297849493;B
20241015;101511;54.96;90;11297849494;B
20241015;101511;54.96;420;11297849495;B
20241015;101511;54.96;420;11297849496;B
20241015;101511;54.96;30;11297849497;B
20241015;101511;54.96;270;11297849498;B
20241015;101511;54.96;340;11297849499;B
20241015;101511;54.96;1380;11297849500;B
20241015;101511;54.96;330;11297849501;B
20241015;101511;54.96;120;11297849502;B
20241015;101511;54.96;310;11297849503;B
20241015;101511;54.96;1000;11297849504;B
20241015;101511;54.97;10;11297849505;B
20241015;101511;54.97;20;11297849506;S
20241015;101511;54.95;500;11297849507;S
20241015;101511;54.95;50;11297849592;S
20241015;101511;54.94;530;11297849689;S
20241015;101511;54.93;1990;11297849781;S
20241015;101511;54.93;10;11297849782;S
20241015;101511;54.93;10;11297849783;S
20241015;101511;54.93;10;11297849784;S
20241015;101511;54.93;10;11297849785;S
20241015;101511;54.93;10;11297849786;S
20241015;101511;54.93;10;11297849787;S
20241015;101511;54.93;950;11297849788;S
20241015;101511;54.92;70;11297849834;S
20241015;101511;54.92;450;11297849867;S
20241015;101511;54.92;2570;11297850061;S
20241015;101511;54.92;430;11297850062;S
20241015;101512;54.94;10;11297850107;B
20241015;101512;54.92;3000;11297850170;S
20241015;101512;54.92;430;11297850283;S
20241015;101512;54.92;30;11297850284;S
20241015;101512;54.92;1120;11297850285;S
20241015;101512;54.91;250;11297850286;S
20241015;101512;54.91;200;11297850287;S
20241015;101512;54.91;970;11297850288;S
20241015;101512;54.91;3000;11297850408;S
20241015;101513;54.91;3000;11297850522;S
20241015;101513;54.91;10;11297850566;S
20241015;101513;54.91;10;11297850602;S
20241015;101513;54.91;3000;11297850624;S
20241015;101513;54.91;3000;11297850769;S
20241015;101513;54.91;3000;11297850954;S
20241015;101513;54.92;10;11297850959;B
20241015;101513;54.92;140;11297850960;B
20241015;101513;54.94;120;11297850961;B
20241015;101514;54.91;3000;11297851060;S
20241015;101514;54.91;10;11297851336;S
20241015;101514;54.91;10;11297851344;S
20241015;101515;54.91;10;11297851431;S
20241015;101515;54.91;3000;11297851843;S
20241015;101515;54.91;790;11297851846;S
20241015;101515;54.91;10;11297851908;S
20241015;101515;54.91;400;11297851915;S
20241015;101515;54.91;10;11297851970;S
20241015;101516;54.91;10;11297852090;S
20241015;101516;54.91;140;11297852144;S
20241015;101517;54.91;10;11297852710;S
20241015;101517;54.91;10;11297852986;S
20241015;101517;54.91;10;11297853026;S
20241015;101518;54.91;10;11297853319;S
20241015;101518;54.91;530;11297853431;S
20241015;101518;54.92;10;11297853627;B
20241015;101518;54.92;90;11297853628;B
20241015;101520;54.91;20;11297854174;S
20241015;101521;54.92;10;11297854464;B
20241015;101521;54.92;60;11297854498;B
20241015;101521;54.92;10;11297854530;B
20241015;101521;54.91;10;11297854624;S
20241015;101521;54.92;220;11297854731;B
20241015;101521;54.92;10;11297854732;B
20241015;101522;54.92;10;11297854954;S
20241015;101522;54.93;110;11297854978;B
20241015;101522;54.92;10;11297855054;S
20241015;101524;54.92;60;11297855515;S
20241015;101527;54.92;140;11297856607;S
20241015;101528;54.92;10;11297856708;S
20241015;101528;54.92;10;11297856714;S
20241015;101531;54.93;10;11297857557;B
20241015;101531;54.94;10;11297857558;B
20241015;101531;54.92;50;11297857660;S
20241015;101535;54.92;100;11297858405;S
20241015;101536;54.92;340;11297858851;S
20241015;101537;54.92;100;11297858967;S
20241015;101537;54.92;520;11297858996;S
20241015;101537;54.92;10;11297859088;S
20241015;101538;54.92;40;11297859158;S
20241015;101538;54.92;10;11297859329;S
20241015;101539;54.92;10;11297859659;S
20241015;101540;54.92;10;11297859745;S
20241015;101543;54.92;40;11297860314;S
20241015;101543;54.92;50;11297860315;S
20241015;101543;54.92;10;11297860316;S
20241015;101543;54.92;880;11297860317;S
20241015;101543;54.91;4560;11297860318;S
20241015;101543;54.91;100;11297860319;S
20241015;101543;54.91;1000;11297860320;S
20241015;101543;54.91;50;11297860321;S
20241015;101543;54.91;3310;11297860322;S
20241015;101543;54.91;10;11297860333;S
20241015;101544;54.91;1680;11297860589;S
20241015;101544;54.91;880;11297860590;S
20241015;101544;54.91;6520;11297860591;S
20241015;101544;54.9;1330;11297860592;S
20241015;101544;54.9;500;11297860593;S
20241015;101544;54.9;10;11297860594;S
20241015;101544;54.9;4440;11297860595;S
20241015;101544;54.9;50;11297860596;S
20241015;101545;54.91;970;11297860787;S
20241015;101545;54.9;450;11297860788;S
20241015;101545;54.9;3580;11297860789;S
20241015;101547;54.9;16420;11297861104;S
20241015;101547;54.9;200;11297861105;S
20241015;101547;54.9;10;11297861106;S
20241015;101547;54.9;10;11297861107;S
20241015;101547;54.9;30;11297861108;S
20241015;101547;54.89;2800;11297861109;S
20241015;101547;54.89;530;11297861110;S
20241015;101547;54.88;450;11297861153;S
20241015;101548;54.88;720;11297861410;S
20241015;101548;54.87;230;11297861411;S
20241015;101549;54.91;10;11297861655;B
20241015;101549;54.91;10;11297861656;B
20241015;101551;54.91;10;11297862204;B
20241015;101552;54.93;90;11297862589;B
20241015;101552;54.93;1000;11297862590;B
20241015;101552;54.93;600;11297862591;B
20241015;101552;54.94;140;11297862592;B
20241015;101557;54.94;10;11297863478;B
20241015;101557;54.95;30;11297863479;B
20241015;101605;54.93;10;11297865175;B
20241015;101605;54.93;250;11297865201;B
20241015;101607;54.91;880;11297865372;S
20241015;101607;54.89;110;11297865373;S
20241015;101607;54.89;20;11297865714;S
20241015;101608;54.89;790;11297865863;S
20241015;101610;54.92;10;11297866204;B
20241015;101612;54.9;210;11297866645;S
20241015;101612;54.9;490;11297866815;S
20241015;101612;54.9;40;11297866870;S
20241015;101613;54.92;100;11297867009;B
20241015;101613;54.92;10;11297867114;B
20241015;101613;54.92;10;11297867131;B
20241015;101613;54.9;50;11297867175;S
20241015;101613;54.9;270;11297867254;S
20241015;101615;54.91;10;11297867534;B
20241015;101615;54.9;10;11297867658;S
20241015;101616;54.92;10;11297867779;B
20241015;101618;54.92;110;11297868228;B
20241015;101618;54.9;10;11297868323;S
20241015;101621;54.92;10;11297869132;B
20241015;101622;54.92;330;11297869675;B
20241015;101625;54.92;50;11297870295;B
20241015;101625;54.92;50;11297870377;B
20241015;101628;54.91;1000;11297870977;S
20241015;101628;54.9;1000;11297871031;S
20241015;101629;54.9;50;11297871035;S
20241015;101629;54.92;30;11297871036;B
20241015;101629;54.92;20;11297871167;B
20241015;101629;54.9;1000;11297871168;S
20241015;101629;54.9;1000;11297871284;S
20241015;101630;54.9;870;11297871447;S
20241015;101630;54.9;10;11297871448;S
20241015;101630;54.89;120;11297871449;S
20241015;101630;54.87;770;11297871489;S
20241015;101630;54.87;20;11297871490;S
20241015;101630;54.87;210;11297871491;S
20241015;101631;54.89;10;11297871521;B
20241015;101632;54.86;250;11297871866;S
20241015;101632;54.86;100;11297871867;S
20241015;101632;54.86;650;11297871868;S
20241015;101633;54.86;1000;11297871887;S
20241015;101633;54.86;900;11297872015;S
20241015;101634;54.86;2450;11297872138;S
20241015;101634;54.86;1110;11297872139;S
20241015;101634;54.86;880;11297872140;S
20241015;101634;54.86;10;11297872141;S
20241015;101634;54.85;5000;11297872142;S
20241015;101634;54.85;100;11297872143;S
20241015;101634;54.85;50;11297872144;S
20241015;101634;54.85;10;11297872145;S
20241015;101634;54.85;3590;11297872146;S
20241015;101634;54.85;1000;11297872170;S
20241015;101635;54.85;410;11297872187;S
20241015;101635;54.85;40;11297872188;S
20241015;101635;54.85;30;11297872189;S
20241015;101635;54.85;20;11297872190;S
20241015;101635;54.85;380;11297872191;S
20241015;101635;54.85;120;11297872192;S
20241015;101638;54.88;40;11297873058;B
20241015;101648;54.88;60;11297874659;B
20241015;101650;54.85;10;11297875075;S
20241015;101651;54.88;150;11297875248;B
20241015;101655;54.86;40;11297875932;S
20241015;101656;54.86;50;11297875994;S
20241015;101656;54.86;50;11297876088;S
20241015;101656;54.86;30;11297876113;S
20241015;101656;54.86;110;11297876208;S
20241015;101656;54.86;840;11297876209;S
20241015;101657;54.86;430;11297876378;S
20241015;101657;54.86;880;11297876379;S
20241015;101657;54.85;2670;11297876380;S
20241015;101657;54.85;100;11297876381;S
20241015;101657;54.85;5100;11297876382;S
20241015;101657;54.85;360;11297876383;S
20241015;101657;54.85;5000;11297876384;S
20241015;101657;54.85;480;11297876385;S
20241015;101657;54.84;30;11297876386;S
20241015;101657;54.84;3000;11297876387;S
20241015;101657;54.84;370;11297876388;S
20241015;101657;54.84;480;11297876389;S
20241015;101657;54.84;250;11297876390;S
20241015;101657;54.84;1000;11297876391;S
20241015;101657;54.84;50;11297876527;B
20241015;101658;54.83;50;11297876583;S
20241015;101658;54.83;5500;11297876584;S
20241015;101658;54.83;5100;11297876585;S
20241015;101658;54.83;200;11297876648;B
20241015;101658;54.84;10;11297876733;B
20241015;101702;54.82;2930;11297877389;S
20241015;101703;54.84;4790;11297877524;B
20241015;101703;54.84;130;11297877525;B
20241015;101703;54.83;340;11297877633;S
20241015;101703;54.83;1000;11297877634;S
20241015;101703;54.83;990;11297877635;S
20241015;101703;54.87;60;11297877655;B
20241015;101703;54.88;40;11297877656;B
20241015;101703;54.88;10;11297877662;B
20241015;101706;54.83;1080;11297878081;S
20241015;101707;54.84;200;11297878203;S
20241015;101707;54.83;860;11297878204;S
20241015;101711;54.87;50;11297878847;B
20241015;101714;54.83;10;11297879243;S
20241015;101718;54.82;70;11297880098;S
20241015;101719;54.83;10;11297880200;S
20241015;101723;54.82;90;11297880940;S
20241015;101724;54.86;10;11297881227;B
20241015;101727;54.86;10;11297881708;B
20241015;101728;54.83;160;11297881860;S
20241015;101728;54.83;40;11297881861;S
20241015;101738;54.83;10;11297883380;S
20241015;101738;54.83;20;11297883381;S
20241015;101740;54.83;40;11297883589;S
20241015;101744;54.83;30;11297884321;S
20241015;101747;54.84;10;11297884810;S
20241015;101749;54.84;40;11297885256;S
20241015;101751;54.84;10;11297885568;S
20241015;101752;54.85;10;11297885632;B
20241015;101752;54.84;940;11297885763;S
20241015;101752;54.83;10;11297885764;S
20241015;101752;54.83;250;11297885765;S
20241015;101752;54.83;10;11297885766;S
20241015;101752;54.83;920;11297885767;S
20241015;101752;54.83;80;11297885768;S
20241015;101752;54.82;3910;11297885769;S
20241015;101752;54.82;2440;11297885770;S
20241015;101752;54.82;5100;11297885771;S
20241015;101752;54.82;880;11297885772;S
20241015;101752;54.82;920;11297885773;S
20241015;101752;54.81;250;11297885774;S
20241015;101752;54.81;200;11297885775;S
20241015;101752;54.81;4090;11297885776;S
20241015;101753;54.84;10;11297885896;S
20241015;101753;54.82;1810;11297885897;S
20241015;101801;54.84;10;11297887171;B
20241015;101804;54.84;40;11297887474;B
20241015;101804;54.84;50;11297887475;B
20241015;101804;54.84;1660;11297887476;B
20241015;101813;54.84;10;11297888626;B
20241015;101814;54.84;10;11297888839;B
20241015;101815;54.83;80;11297889052;S
20241015;101815;54.83;10;11297889053;S
20241015;101815;54.83;440;11297889054;S
20241015;101815;54.84;10;11297889198;B
20241015;101816;54.83;40;11297889289;S
20241015;101816;54.82;1760;11297889290;S
20241015;101816;54.83;20;11297889316;S
20241015;101816;54.83;230;11297889317;S
20241015;101820;54.84;50;11297890159;B
20241015;101821;54.84;590;11297890251;B
20241015;101821;54.84;260;11297890252;B
20241015;101821;54.84;50;11297890253;B
20241015;101821;54.84;1100;11297890254;B
20241015;101821;54.82;1130;11297890431;S
20241015;101821;54.82;20;11297890432;S
20241015;101821;54.82;3000;11297890433;S
20241015;101821;54.82;490;11297890434;S
20241015;101821;54.82;10;11297890435;S
20241015;101821;54.82;10;11297890436;S
20241015;101821;54.82;340;11297890437;S
20241015;101821;54.82;20;11297890438;S
20241015;101825;54.82;50;11297890948;B
20241015;101827;54.82;200;11297891177;S
20241015;101827;54.83;20;11297891185;B
20241015;101830;54.82;20;11297891743;S
20241015;101830;54.82;290;11297891761;S
20241015;101831;54.81;100;11297891931;S
20241015;101834;54.82;50;11297892678;B
20241015;101838;54.81;810;11297893349;S
20241015;101838;54.81;10;11297893350;S
20241015;101838;54.81;30;11297893351;S
20241015;101838;54.81;100;11297893352;S
20241015;101838;54.81;100;11297893353;S
20241015;101838;54.81;80;11297893354;S
20241015;101838;54.81;370;11297893355;S
20241015;101839;54.82;150;11297893409;B
20241015;101842;54.83;30;11297893856;B
20241015;101842;54.83;10;11297893857;B
20241015;101842;54.84;900;11297893934;B
20241015;101842;54.84;2300;11297893935;B
20241015;101842;54.82;100;11297893945;S
20241015;101842;54.82;880;11297893946;S
20241015;101845;54.82;100;11297894456;B
20241015;101847;54.82;20;11297894705;B
20241015;101847;54.82;30;11297894706;B
20241015;101847;54.82;50;11297894747;S
20241015;101847;54.82;880;11297894748;S
20241015;101847;54.82;150;11297894749;S
20241015;101847;54.82;100;11297894750;S
20241015;101847;54.81;630;11297894751;S
20241015;101847;54.81;190;11297894752;S
20241015;101848;54.81;300;11297894833;S
20241015;101850;54.84;10;11297895067;B
20241015;101851;54.82;20;11297895147;S
20241015;101851;54.82;20;11297895148;S
20241015;101858;54.82;380;11297896538;S
20241015;101858;54.81;4510;11297896539;S
20241015;101858;54.81;110;11297896540;S
20241015;101903;54.81;390;11297897466;S
20241015;101903;54.81;1940;11297897467;S
20241015;101903;54.82;20;11297897475;B
20241015;101904;54.82;30;11297897502;B
20241015;101904;54.83;170;11297897503;B
20241015;101906;54.83;50;11297897916;B
20241015;101908;54.84;10;11297898431;B
20241015;101911;54.82;10;11297898825;S
20241015;101914;54.84;680;11297899327;B
20241015;101914;54.84;110;11297899328;B
20241015;101914;54.84;440;11297899329;B
20241015;101914;54.85;90;11297899330;B
20241015;101914;54.85;440;11297899331;B
20241015;101914;54.86;1000;11297899332;B
20241015;101914;54.86;880;11297899333;B
20241015;101914;54.87;20;11297899334;B
20241015;101914;54.87;3630;11297899335;B
20241015;101914;54.88;40;11297899388;B
20241015;101915;54.88;460;11297899553;B
20241015;101915;54.88;80;11297899554;B
20241015;101915;54.88;20;11297899574;B
20241015;101915;54.89;20;11297899575;B
20241015;101915;54.89;90;11297899576;B
20241015;101915;54.89;530;11297899577;B
20241015;101917;54.89;50;11297899988;B
20241015;101918;54.89;40;11297900102;B
20241015;101928;54.88;50;11297901817;B
20241015;101929;54.87;1800;11297901992;S
20241015;101929;54.87;1960;11297901993;S
20241015;101929;54.87;440;11297902063;S
20241015;101929;54.87;150;11297902064;S
20241015;101929;54.86;20;11297902065;S
20241015;101929;54.85;50;11297902066;S
20241015;101929;54.85;740;11297902067;S
20241015;101929;54.89;100;11297902071;B
20241015;101932;54.9;20;11297902631;B
20241015;101932;54.9;70;11297902632;B
20241015;101932;54.9;10;11297902633;B
20241015;101933;54.9;360;11297902782;B
20241015;101933;54.9;520;11297902790;B
20241015;101933;54.9;110;11297902793;B
20241015;101933;54.9;330;11297902794;B
20241015;101933;54.9;50;11297902795;B
20241015;101933;54.91;610;11297902796;B
20241015;101936;54.87;550;11297903188;S
20241015;101936;54.87;130;11297903189;S
20241015;101941;54.88;50;11297904227;B
20241015;101943;54.88;40;11297904663;B
20241015;101943;54.89;60;11297904664;B
20241015;101947;54.87;10;11297905251;S
20241015;101949;54.9;160;11297905571;S
20241015;101949;54.9;50;11297905606;S
20241015;101950;54.91;10;11297905743;B
20241015;101951;54.9;200;11297906120;S
20241015;101952;54.9;30;11297906304;S
20241015;101953;54.91;10;11297906379;B
20241015;101954;54.9;60;11297906603;S
20241015;101954;54.9;50;11297906604;S
20241015;101954;54.88;50;11297906605;S
20241015;101954;54.87;10;11297906606;S
20241015;101954;54.86;20;11297906607;S
20241015;101954;54.86;100;11297906608;S
20241015;101954;54.86;420;11297906609;S
20241015;101954;54.85;420;11297906610;S
20241015;101954;54.85;990;11297906611;S
20241015;101954;54.84;20;11297906612;S
20241015;101954;54.84;1000;11297906613;S
20241015;101954;54.84;860;11297906614;S
20241015;101956;54.84;10;11297906926;S
20241015;102000;54.83;460;11297907408;S
20241015;102018;54.87;30;11297911212;B
20241015;102018;54.87;500;11297911320;B
20241015;102025;54.87;10;11297913582;B
20241015;102025;54.87;50;11297913583;B
20241015;102025;54.87;120;11297913584;B
20241015;102025;54.87;20;11297913585;B
20241015;102025;54.87;20;11297913627;B
20241015;102030;54.87;70;11297915722;B
20241015;102032;54.87;50;11297917326;B
20241015;102034;54.86;10;11297918617;S
20241015;102037;54.87;30;11297920920;B
20241015;102037;54.87;150;11297920921;B
20241015;102037;54.87;150;11297920922;B
20241015;102037;54.87;20;11297920923;B
20241015;102037;54.87;130;11297920924;B
20241015;102037;54.89;40;11297920925;B
20241015;102037;54.89;480;11297920926;B
20241015;102037;54.89;100;11297920927;B
20241015;102039;54.88;10;11297922165;S
20241015;102041;54.9;20;11297923176;B
20241015;102041;54.9;100;11297923177;B
20241015;102041;54.9;100;11297923178;B
20241015;102041;54.92;10;11297923179;B
20241015;102041;54.92;270;11297923180;B
20241015;102043;54.93;140;11297924032;B
20241015;102045;54.92;10;11297925075;S
20241015;102046;54.93;500;11297925853;B
20241015;102047;54.92;20;11297926203;S
20241015;102047;54.93;70;11297926461;B
20241015;102048;54.93;100;11297927183;B
20241015;102052;54.93;190;11297929377;B
20241015;102052;54.94;20;11297929378;B
20241015;102052;54.94;20;11297929379;B
20241015;102052;54.94;220;11297929380;B
20241015;102052;54.95;530;11297929381;B
20241015;102052;54.95;20;11297929382;B
20241015;102100;54.95;100;11297933638;B
20241015;102100;54.95;10;11297933913;B
20241015;102102;54.93;10;11297934736;S
20241015;102102;54.93;10;11297934778;S
20241015;102102;54.93;10;11297934809;S
20241015;102102;54.93;10;11297934843;S
20241015;102102;54.92;10;11297934876;S
20241015;102102;54.92;10;11297934923;S
20241015;102102;54.92;10;11297934974;S
20241015;102102;54.92;10;11297935011;S
20241015;102103;54.92;130;11297935021;S
20241015;102103;54.9;10;11297935070;S
20241015;102103;54.9;10;11297935123;S
20241015;102105;54.92;10;11297936304;B
20241015;102105;54.92;30;11297936450;B
20241015;102106;54.92;30;11297936705;B
20241015;102108;54.92;10;11297938069;B
20241015;102109;54.92;40;11297938496;B
20241015;102117;54.92;3510;11297942981;B
20241015;102117;54.92;1490;11297942982;B
20241015;102125;54.9;380;11297946906;S
20241015;102125;54.9;80;11297946907;S
20241015;102125;54.9;20;11297946908;S
20241015;102125;54.89;670;11297946909;S
20241015;102125;54.88;2850;11297946910;S
20241015;102127;54.88;20;11297947536;S
20241015;102136;54.9;40;11297952282;B
20241015;102136;54.9;460;11297952283;B
20241015;102140;54.9;20;11297954005;B
20241015;102146;54.9;10;11297956849;B
20241015;102146;54.91;590;11297956850;B
20241015;102146;54.92;480;11297956851;B
20241015;102147;54.88;10;11297957275;S
20241015;102147;54.88;10;11297957310;S
20241015;102147;54.88;10;11297957357;S
20241015;102152;54.89;50;11297959339;S
20241015;102152;54.88;80;11297959340;S
20241015;102200;54.88;200;11297963216;S
20241015;102204;54.91;100;11297965247;B
20241015;102211;54.91;10;11297968582;B
20241015;102219;54.88;330;11297969650;S
20241015;102219;54.88;10;11297969651;S
20241015;102219;54.88;10;11297969652;S
20241015;102219;54.88;100;11297969653;S
20241015;102219;54.87;10;11297969654;S
20241015;102219;54.87;20;11297969655;S
20241015;102219;54.87;150;11297969656;S
20241015;102219;54.87;650;11297969657;S
20241015;102219;54.86;300;11297969658;S
20241015;102219;54.86;420;11297969659;S
20241015;102219;54.9;20;11297969704;B
20241015;102221;54.9;860;11297969887;B
20241015;102221;54.91;1140;11297969888;B
20241015;102222;54.91;10;11297969978;B
20241015;102227;54.92;3120;11297970431;B
20241015;102227;54.92;12220;11297970432;B
20241015;102227;54.92;47940;11297970433;B
20241015;102227;54.92;1660;11297970434;B
20241015;102227;54.93;1660;11297970435;B
20241015;102227;54.93;30;11297970436;B
20241015;102227;54.93;1000;11297970437;B
20241015;102227;54.93;500;11297970438;B
20241015;102227;54.93;880;11297970439;B
20241015;102227;54.94;12000;11297970440;B
20241015;102227;54.95;500;11297970441;B
20241015;102227;54.95;150;11297970442;B
20241015;102227;54.96;1760;11297970443;B
20241015;102227;54.96;1760;11297970446;B
20241015;102227;54.96;1480;11297970450;B
20241015;102227;54.96;280;11297970454;S
20241015;102227;54.96;30;11297970455;S
20241015;102227;54.96;320;11297970456;S
20241015;102228;54.98;30;11297970520;B
20241015;102228;55;970;11297970521;B
20241015;102228;55;1030;11297970545;B
20241015;102228;55;10;11297970546;B
20241015;102228;55;50;11297970547;B
20241015;102228;55;100;11297970548;B
20241015;102228;55;600;11297970549;B
20241015;102228;55;100;11297970550;B
20241015;102228;55;350;11297970551;B
20241015;102228;55;4000;11297970552;B
20241015;102228;55.01;30;11297970553;B
20241015;102228;55.01;5100;11297970554;B
20241015;102228;55.01;1250;11297970555;B
20241015;102228;55.01;20;11297970556;B
20241015;102228;55.01;1500;11297970557;B
20241015;102228;55.02;10;11297970558;B
20241015;102228;55.02;300;11297970559;B
20241015;102228;55.02;10;11297970560;B
20241015;102228;55.02;1250;11297970561;B
20241015;102228;55.02;1000;11297970562;B
20241015;102228;55.03;880;11297970563;B
20241015;102228;55.04;10;11297970564;B
20241015;102228;55.04;5000;11297970565;B
20241015;102228;55.05;50;11297970575;B
20241015;102229;55.04;640;11297970601;S
20241015;102229;55.05;50;11297970623;B
20241015;102229;55.05;150;11297970624;B
20241015;102229;55.05;300;11297970646;B
20241015;102229;55.05;610;11297970647;B
20241015;102231;55.04;70;11297970827;S
20241015;102231;55.05;10;11297970857;B
20241015;102231;55.05;4470;11297970868;B
20241015;102231;55.06;10;11297970869;B
20241015;102231;55.06;1200;11297970870;B
20241015;102231;55.07;30;11297970871;B
20241015;102231;55.07;270;11297970872;B
20241015;102231;55.07;1200;11297970873;B
20241015;102231;55.09;10;11297970874;B
20241015;102231;55.1;10;11297970875;B
20241015;102231;55.1;50;11297970876;B
20241015;102231;55.1;10;11297970877;B
20241015;102231;55.1;20;11297970878;B
20241015;102231;55.1;50;11297970879;B
20241015;102231;55.1;50;11297970880;B
20241015;102231;55.1;50;11297970881;B
20241015;102231;55.1;3940;11297970882;B
20241015;102232;55.09;750;11297970890;B
20241015;102232;55.09;3000;11297970903;B
20241015;102232;55.09;140;11297970905;B
20241015;102232;55.09;1190;11297970953;B
20241015;102232;55.09;110;11297970954;B
20241015;102232;55.1;2050;11297970955;B
20241015;102232;55.1;1000;11297970956;B
20241015;102232;55.1;20;11297970957;B
20241015;102232;55.1;980;11297970958;B
20241015;102232;55.1;100;11297970959;B
20241015;102232;55.11;1000;11297970960;B
20241015;102232;55.11;3550;11297970961;B
20241015;102232;55.1;900;11297970963;B
20241015;102232;55.1;1810;11297971016;B
20241015;102233;55.1;530;11297971030;B
20241015;102233;55.1;50;11297971037;B
20241015;102233;55.1;180;11297971055;B
20241015;102234;55.1;10;11297971136;B
20241015;102234;55.1;1600;11297971180;B
20241015;102234;55.11;210;11297971181;B
20241015;102234;55.1;5080;11297971201;B
20241015;102234;55.1;100;11297971203;S
20241015;102234;55.1;100;11297971208;S
20241015;102234;55.11;80;11297971218;B
20241015;102235;55.11;3190;11297971239;B
20241015;102235;55.11;5080;11297971240;B
20241015;102235;55.12;800;11297971241;B
20241015;102235;55.12;10;11297971242;B
20241015;102235;55.12;850;11297971243;B
20241015;102235;55.13;10;11297971305;B
20241015;102235;55.13;90;11297971306;B
20241015;102235;55.14;5070;11297971310;B
20241015;102235;55.15;90;11297971311;B
20241015;102235;55.15;10;11297971312;B
20241015;102235;55.16;1000;11297971313;B
20241015;102235;55.17;20;11297971314;B
20241015;102235;55.17;10000;11297971315;B
20241015;102235;55.17;3810;11297971316;B
20241015;102235;55.13;360;11297971318;S
20241015;102236;55.13;400;11297971392;B
20241015;102236;55.13;1780;11297971420;B
20241015;102236;55.14;3720;11297971421;B
20241015;102236;55.14;700;11297971430;B
20241015;102236;55.14;650;11297971444;B
20241015;102236;55.15;1000;11297971445;B
20241015;102236;55.15;2180;11297971446;B
20241015;102236;55.15;10;11297971447;B
20241015;102236;55.16;2580;11297971448;B
20241015;102236;55.16;2670;11297971449;B
20241015;102236;55.16;2500;11297971455;B
20241015;102237;55.13;100;11297971532;S
20241015;102241;55.15;10;11297971908;B
20241015;102241;55.1;10;11297971914;S
20241015;102242;55.1;1000;11297972010;S
20241015;102242;55.1;550;11297972011;S
20241015;102243;55.09;200;11297972123;S
20241015;102243;55.07;1000;11297972124;S
20241015;102243;55.06;4300;11297972125;S
20241015;102243;55.1;10;11297972127;B
20241015;102244;55.09;10;11297972333;B
20241015;102244;55.09;20;11297972536;B
20241015;102245;55.09;1000;11297972752;B
20241015;102246;55.07;20;11297973134;S
20241015;102246;55.06;3830;11297973135;S
20241015;102249;55.08;880;11297973513;B
20241015;102249;55.08;120;11297973514;B
20241015;102249;55.08;710;11297973599;B
20241015;102250;55.08;250;11297973673;B
20241015;102250;55.08;50;11297973775;B
20241015;102251;55.06;10;11297973860;S
20241015;102251;55.06;90;11297973880;S
20241015;102253;55.08;200;11297974282;B
20241015;102254;55.08;410;11297974572;B
20241015;102255;55.08;8380;11297974716;B
20241015;102255;55.09;5080;11297974717;B
20241015;102255;55.09;10;11297974718;B
20241015;102255;55.09;840;11297974719;B
20241015;102255;55.1;5000;11297974720;B
20241015;102255;55.1;10;11297974721;B
20241015;102255;55.1;840;11297974722;B
20241015;102255;55.1;880;11297974723;B
20241015;102258;55.1;20;11297975718;S
20241015;102258;55.08;480;11297975719;S
20241015;102302;55.1;2180;11297976501;B
20241015;102302;55.11;2820;11297976502;B
20241015;102303;55.11;20;11297976685;B
20241015;102303;55.11;2240;11297976732;B
20241015;102303;55.12;10;11297976733;B
20241015;102303;55.13;3630;11297976734;B
20241015;102303;55.13;880;11297976735;B
20241015;102303;55.13;2180;11297976736;B
20241015;102303;55.13;30;11297976737;B
20241015;102303;55.13;1030;11297976738;B
20241015;102304;55.08;40;11297976891;S
20241015;102305;55.07;10;11297977008;S
20241015;102305;55.1;80;11297977029;B
20241015;102305;55.12;1310;11297977030;B
20241015;102307;55.12;640;11297977182;B
20241015;102307;55.13;30;11297977183;B
20241015;102308;55.07;4990;11297977292;S
20241015;102308;55.07;10;11297977293;S
20241015;102309;55.11;20;11297977450;B
20241015;102312;55.1;1470;11297977650;S
20241015;102312;55.11;40;11297977718;B
20241015;102313;55.11;100;11297977804;B
20241015;102316;55.11;180;11297978117;B
20241015;102316;55.1;20;11297978206;S
20241015;102317;55.11;10;11297978228;B
20241015;102320;55.1;2730;11297978458;S
20241015;102320;55.1;2770;11297978459;S
20241015;102324;55.1;7230;11297978829;S
20241015;102324;55.1;50;11297978830;S
20241015;102326;55.06;1070;11297978968;S
20241015;102326;55.06;100;11297978969;S
20241015;102326;55.06;250;11297978970;S
20241015;102326;55.05;90;11297978971;S
20241015;102326;55.05;540;11297978972;S
20241015;102326;55.04;2850;11297978973;S
20241015;102326;55.04;540;11297978974;S
20241015;102326;55.04;60;11297978975;S
