<DATE>;<TIME>;<LAST>;<VOL>;<ID>;<OPER>
20241029;095952;47.33;30;11352140236;B
20241029;095952;47.33;40;11352140237;S
20241029;095952;47.33;10;11352140238;S
20241029;095952;47.33;500;11352140239;S
20241029;095952;47.33;100;11352140240;S
20241029;095952;47.33;500;11352140241;S
20241029;095952;47.33;500;11352140242;S
20241029;095952;47.33;650;11352140243;S
20241029;095952;47.33;170;11352140244;S
20241029;095952;47.33;40;11352140245;S
20241029;095952;47.33;30;11352140246;S
20241029;095952;47.33;150;11352140247;S
20241029;095952;47.33;50;11352140248;S
20241029;095952;47.33;40;11352140249;S
20241029;095952;47.33;10;11352140250;S
20241029;095952;47.33;120;11352140251;S
20241029;095952;47.33;50;11352140252;S
20241029;095952;47.33;100;11352140253;S
20241029;095952;47.33;2000;11352140254;S
20241029;095952;47.33;100;11352140255;S
20241029;095952;47.33;500;11352140256;S
20241029;095952;47.33;10;11352140257;S
20241029;095952;47.33;20;11352140258;S
20241029;095952;47.33;200;11352140259;S
20241029;095952;47.33;200;11352140260;S
20241029;095952;47.33;10;11352140261;S
20241029;095952;47.33;10;11352140262;S
20241029;095952;47.33;10;11352140263;S
20241029;095952;47.33;10;11352140264;S
20241029;095952;47.33;50;11352140265;S
20241029;095952;47.33;30;11352140266;S
20241029;095952;47.33;30;11352140267;S
20241029;095952;47.33;10;11352140268;S
20241029;095952;47.33;50;11352140269;S
20241029;095952;47.33;700;11352140270;S
20241029;095952;47.33;20;11352140271;S
20241029;095952;47.33;10;11352140272;S
20241029;095952;47.33;30;11352140273;S
20241029;095952;47.33;10;11352140274;S
20241029;095952;47.33;10;11352140275;S
20241029;095952;47.33;20;11352140276;S
20241029;095952;47.33;30;11352140277;S
20241029;095952;47.33;10;11352140278;S
20241029;095952;47.33;100;11352140279;S
20241029;095952;47.33;10;11352140280;S
20241029;095952;47.33;3690;11352140281;S
20241029;095952;47.33;10;11352140282;S
20241029;095952;47.33;20;11352140283;S
20241029;100000;47.32;1500;11352141914;B
20241029;100001;47.31;10;11352142463;S
20241029;100001;47.31;500;11352142726;B
20241029;100001;47.31;1500;11352142727;B
20241029;100001;47.31;500;11352142736;B
20241029;100001;47.31;1500;11352142737;B
20241029;100001;47.31;720;11352142740;B
20241029;100001;47.31;380;11352142741;B
20241029;100001;47.3;10;11352142904;S
20241029;100001;47.3;20;11352142905;S
20241029;100002;47.3;80;11352143018;S
20241029;100002;47.3;10;11352143019;S
20241029;100002;47.3;410;11352143020;S
20241029;100002;47.3;10;11352143263;S
20241029;100003;47.31;20;11352143913;B
20241029;100003;47.31;10;11352143914;B
20241029;100003;47.31;10;11352143915;B
20241029;100003;47.31;10;11352144317;B
20241029;100003;47.3;10;11352144321;S
20241029;100003;47.3;20;11352144521;S
20241029;100003;47.3;120;11352144522;S
20241029;100003;47.3;10;11352144613;S
20241029;100003;47.31;50;11352144625;B
20241029;100003;47.31;10;11352144630;B
20241029;100003;47.3;10;11352144632;S
20241029;100003;47.31;10;11352144635;B
20241029;100003;47.31;20;11352144742;B
20241029;100003;47.31;10;11352144748;B
20241029;100003;47.31;10;11352144752;B
20241029;100004;47.31;10;11352145216;B
20241029;100004;47.31;10;11352145234;B
20241029;100004;47.3;20;11352145237;S
20241029;100004;47.3;150;11352145246;S
20241029;100004;47.31;20;11352145271;B
20241029;100004;47.31;10;11352145277;B
20241029;100004;47.31;20;11352145283;B
20241029;100004;47.3;20;11352145293;S
20241029;100004;47.31;50;11352145302;B
20241029;100004;47.3;20;11352145511;S
20241029;100004;47.3;200;11352145516;S
20241029;100004;47.3;560;11352145517;S
20241029;100004;47.31;10;11352146678;B
20241029;100004;47.3;2240;11352146680;S
20241029;100004;47.3;2000;11352146681;S
20241029;100004;47.3;2100;11352146682;S
20241029;100004;47.31;10;11352147319;B
20241029;100004;47.31;20;11352147325;B
20241029;100004;47.3;310;11352147334;S
20241029;100004;47.31;10;11352147385;B
20241029;100004;47.31;10;11352147394;B
20241029;100004;47.31;10;11352147402;B
20241029;100005;47.31;10;11352147718;B
20241029;100005;47.31;30;11352147721;B
20241029;100005;47.3;310;11352147722;S
20241029;100005;47.31;170;11352148419;B
20241029;100005;47.3;20;11352148528;S
20241029;100005;47.31;30;11352148529;B
20241029;100006;47.31;2000;11352150388;B
20241029;100006;47.31;1630;11352150389;B
20241029;100006;47.31;1170;11352150390;B
20241029;100006;47.31;830;11352150400;B
20241029;100006;47.31;1170;11352150401;B
20241029;100006;47.31;1800;11352150409;B
20241029;100006;47.31;10;11352150450;B
20241029;100007;47.31;100;11352151110;B
20241029;100007;47.31;1000;11352151112;B
20241029;100007;47.3;10;11352151512;S
20241029;100007;47.3;10;11352151598;S
20241029;100007;47.31;10;11352151604;B
20241029;100007;47.31;20;11352151607;B
20241029;100007;47.3;20;11352151993;S
20241029;100007;47.31;60;11352152013;B
20241029;100007;47.31;20;11352152113;B
20241029;100007;47.31;20;11352152202;B
20241029;100007;47.31;10;11352152208;B
20241029;100008;47.3;20;11352152472;S
20241029;100010;47.31;20;11352152802;S
20241029;100010;47.32;10;11352152828;B
20241029;100010;47.31;510;11352152862;S
20241029;100010;47.31;620;11352152869;S
20241029;100010;47.31;230;11352152992;S
20241029;100010;47.31;170;11352153113;S
20241029;100010;47.32;20;11352153139;B
20241029;100010;47.31;440;11352153157;S
20241029;100010;47.32;360;11352153161;B
20241029;100014;47.32;3830;11352154144;B
20241029;100014;47.32;460;11352154145;B
20241029;100017;47.32;4220;11352154882;B
20241029;100017;47.32;10;11352155068;B
20241029;100020;47.32;2820;11352155898;B
20241029;100020;47.32;1390;11352155899;B
20241029;100021;47.31;10;11352156306;S
20241029;100021;47.32;4220;11352156307;B
20241029;100021;47.32;4220;11352156309;B
20241029;100022;47.31;10;11352156484;S
20241029;100022;47.31;10;11352156635;S
20241029;100023;47.31;10;11352156765;S
20241029;100023;47.31;10;11352156894;S
20241029;100023;47.31;10;11352156996;S
20241029;100024;47.31;10;11352157074;S
20241029;100024;47.31;10;11352157200;S
20241029;100024;47.32;4220;11352157201;B
20241029;100024;47.32;4220;11352157202;B
20241029;100024;47.32;540;11352157203;B
20241029;100025;47.31;10;11352157295;S
20241029;100025;47.3;10;11352157402;S
20241029;100025;47.31;10;11352157557;S
20241029;100026;47.32;10;11352157847;S
20241029;100027;47.32;10;11352158074;B
20241029;100027;47.32;10;11352158131;S
20241029;100027;47.32;10;11352158317;S
20241029;100027;47.33;2960;11352158318;B
20241029;100028;47.32;10;11352158583;S
20241029;100028;47.32;10;11352158704;S
20241029;100029;47.32;10;11352158842;S
20241029;100029;47.32;10;11352159076;S
20241029;100030;47.32;10;11352159408;S
20241029;100030;47.32;10;11352159456;S
20241029;100031;47.32;10;11352159573;S
20241029;100032;47.32;10;11352159808;S
20241029;100032;47.32;10;11352159890;S
20241029;100032;47.32;10;11352159994;S
20241029;100033;47.32;10;11352160052;S
20241029;100033;47.32;10;11352160189;S
20241029;100034;47.32;10;11352160261;S
20241029;100034;47.32;10;11352160448;S
20241029;100034;47.32;10;11352160545;S
20241029;100035;47.32;10;11352160666;S
20241029;100035;47.32;10;11352160863;S
20241029;100036;47.32;10;11352160926;S
20241029;100036;47.32;10;11352161076;S
20241029;100037;47.32;10;11352161135;S
20241029;100037;47.32;10;11352161246;S
20241029;100037;47.32;10;11352161332;S
20241029;100038;47.32;10;11352161404;S
20241029;100038;47.32;10;11352161557;S
20241029;100039;47.32;10;11352161640;S
20241029;100039;47.32;10;11352161782;S
20241029;100042;47.32;1000;11352162761;S
20241029;100042;47.33;50;11352163001;B
20241029;100042;47.32;1000;11352163002;S
20241029;100043;47.32;10;11352163097;S
20241029;100043;47.32;10;11352163098;S
20241029;100043;47.31;500;11352163347;S
20241029;100044;47.3;1000;11352163569;S
20241029;100044;47.3;930;11352163800;S
20241029;100044;47.3;30;11352163801;S
20241029;100045;47.29;10;11352163925;S
20241029;100045;47.27;1000;11352164078;S
20241029;100045;47.28;20;11352164087;B
20241029;100045;47.29;180;11352164088;B
20241029;100046;47.27;360;11352164346;S
20241029;100046;47.27;100;11352164371;S
20241029;100046;47.27;1000;11352164372;S
20241029;100047;47.28;20;11352164454;B
20241029;100051;47.26;350;11352165782;S
20241029;100051;47.25;50;11352165783;S
20241029;100051;47.25;3000;11352165784;S
20241029;100051;47.25;200;11352165785;S
20241029;100051;47.25;20;11352165791;S
20241029;100051;47.24;10;11352165792;S
20241029;100051;47.24;10;11352165793;S
20241029;100051;47.24;1260;11352165794;S
20241029;100053;47.22;1500;11352166187;S
20241029;100055;47.23;2000;11352166943;S
20241029;100102;47.26;10;11352168720;B
20241029;100108;47.26;10;11352170527;B
20241029;100108;47.26;10;11352170665;B
20241029;100109;47.27;10;11352170838;B
20241029;100113;47.26;10;11352171696;B
20241029;100113;47.26;90;11352171697;B
20241029;100114;47.25;10;11352171798;S
20241029;100114;47.23;200;11352171799;S
20241029;100114;47.22;10;11352171800;S
20241029;100114;47.22;200;11352171801;S
20241029;100114;47.22;860;11352171802;S
20241029;100114;47.22;880;11352171803;S
20241029;100114;47.22;2000;11352171804;B
20241029;100114;47.22;400;11352171805;B
20241029;100114;47.21;10;11352171806;S
20241029;100114;47.21;20;11352171807;S
20241029;100114;47.21;600;11352171808;S
20241029;100114;47.22;100;11352171809;B
20241029;100114;47.21;100;11352171810;S
20241029;100115;47.2;80;11352172022;S
20241029;100115;47.2;40;11352172023;S
20241029;100115;47.2;60;11352172024;S
20241029;100115;47.2;320;11352172025;S
20241029;100115;47.2;180;11352172074;S
20241029;100115;47.19;40;11352172075;B
20241029;100115;47.2;570;11352172076;B
20241029;100115;47.21;290;11352172077;B
20241029;100118;47.18;10;11352172811;B
20241029;100120;47.17;10;11352173454;S
20241029;100120;47.17;1210;11352173455;S
20241029;100121;47.16;60;11352173677;S
20241029;100121;47.16;10;11352173678;S
20241029;100121;47.15;10;11352173679;S
20241029;100121;47.15;130;11352173680;S
20241029;100121;47.14;30;11352173681;S
20241029;100121;47.15;40;11352173713;S
20241029;100123;47.15;500;11352173965;S
20241029;100124;47.18;20;11352174089;B
20241029;100124;47.19;80;11352174090;B
20241029;100124;47.14;10;11352174178;S
20241029;100124;47.14;10;11352174179;S
20241029;100124;47.14;380;11352174180;S
20241029;100127;47.19;10;11352174732;B
20241029;100136;47.17;10;11352176719;B
20241029;100137;47.16;80;11352177084;S
20241029;100139;47.16;110;11352177427;S
20241029;100140;47.18;10;11352177478;B
20241029;100141;47.17;60;11352177692;S
20241029;100141;47.15;100;11352177693;S
20241029;100141;47.15;120;11352177694;S
20241029;100141;47.15;5000;11352177695;S
20241029;100141;47.14;880;11352177696;S
20241029;100141;47.13;500;11352177697;S
20241029;100141;47.12;3400;11352177698;S
20241029;100141;47.12;500;11352177699;S
20241029;100141;47.12;4230;11352177700;S
20241029;100141;47.12;3000;11352177701;S
20241029;100141;47.12;2000;11352177702;S
20241029;100141;47.11;620;11352177703;S
20241029;100142;47.16;10;11352178009;B
20241029;100142;47.16;880;11352178010;B
20241029;100142;47.17;500;11352178022;S
20241029;100143;47.18;840;11352178186;B
20241029;100146;47.17;250;11352179320;S
20241029;100148;47.17;60;11352180099;S
20241029;100148;47.16;60;11352180100;S
20241029;100150;47.16;10;11352180612;S
20241029;100151;47.18;10;11352180712;B
20241029;100152;47.18;20;11352180949;B
20241029;100153;47.18;10;11352181429;B
20241029;100154;47.18;100;11352181571;B
20241029;100154;47.18;20;11352181682;B
20241029;100154;47.18;230;11352181683;B
20241029;100155;47.17;100;11352181820;S
20241029;100156;47.18;50;11352182024;B
20241029;100156;47.17;70;11352182078;S
20241029;100158;47.17;350;11352182708;S
20241029;100158;47.17;2000;11352182736;S
20241029;100159;47.18;100;11352182889;B
20241029;100201;47.18;920;11352183377;B
20241029;100201;47.19;50;11352183622;B
20241029;100203;47.18;870;11352184436;S
20241029;100206;47.19;50;11352185496;B
20241029;100206;47.19;280;11352185497;B
20241029;100206;47.19;10;11352185569;S
20241029;100208;47.19;1910;11352185833;S
20241029;100209;47.2;610;11352186300;B
20241029;100211;47.19;50;11352187041;S
20241029;100211;47.2;10;11352187252;B
20241029;100212;47.19;210;11352187494;S
20241029;100213;47.19;110;11352187902;S
20241029;100214;47.2;610;11352188079;B
20241029;100214;47.2;160;11352188080;B
20241029;100214;47.2;1300;11352188106;S
20241029;100215;47.21;10;11352188428;B
20241029;100215;47.21;100;11352188431;B
20241029;100215;47.2;750;11352188500;S
20241029;100215;47.2;340;11352188501;S
20241029;100215;47.19;950;11352188543;S
20241029;100215;47.18;10;11352188611;S
20241029;100215;47.18;940;11352188612;S
20241029;100217;47.2;10;11352189306;B
20241029;100220;47.2;10;11352190487;B
20241029;100222;47.2;490;11352190817;B
20241029;100222;47.2;250;11352190818;B
20241029;100222;47.2;80;11352190819;B
20241029;100225;47.18;60;11352191949;S
20241029;100226;47.18;40;11352192193;S
20241029;100226;47.18;10;11352192194;S
20241029;100226;47.18;290;11352192236;S
20241029;100227;47.16;70;11352192661;S
20241029;100227;47.17;3300;11352192695;B
20241029;100227;47.16;110;11352192750;S
20241029;100227;47.16;10;11352192817;S
20241029;100228;47.15;20;11352193154;S
20241029;100230;47.14;10;11352193758;S
20241029;100230;47.17;20;11352193806;B
20241029;100231;47.16;10;11352194111;S
20241029;100232;47.16;30;11352194319;S
20241029;100235;47.16;40;11352195319;S
20241029;100235;47.16;60;11352195356;S
20241029;100235;47.18;50;11352195375;B
20241029;100235;47.18;50;11352195376;B
20241029;100235;47.19;940;11352195377;B
20241029;100236;47.18;310;11352195629;S
20241029;100236;47.18;290;11352195784;S
20241029;100236;47.16;350;11352195785;S
20241029;100236;47.16;70;11352195803;S
20241029;100237;47.16;130;11352196039;S
20241029;100237;47.19;10;11352196078;B
20241029;100238;47.19;90;11352196436;B
20241029;100238;47.19;20;11352196437;B
20241029;100240;47.17;50;11352196873;S
20241029;100241;47.17;630;11352197476;S
20241029;100241;47.2;8000;11352197479;B
20241029;100241;47.2;350;11352197480;B
20241029;100241;47.2;40;11352197481;B
20241029;100241;47.21;350;11352197482;B
20241029;100242;47.17;210;11352197598;S
20241029;100244;47.18;10;11352198434;S
20241029;100244;47.18;150;11352198435;S
20241029;100245;47.18;50;11352198841;S
20241029;100246;47.18;530;11352199017;S
20241029;100246;47.17;70;11352199355;S
20241029;100247;47.17;110;11352199467;S
20241029;100248;47.18;100;11352199694;S
20241029;100248;47.18;320;11352199737;S
20241029;100248;47.16;270;11352199738;S
20241029;100248;47.16;620;11352199739;S
20241029;100248;47.16;70;11352199774;S
20241029;100248;47.17;60;11352200077;S
20241029;100252;47.17;50;11352200981;S
20241029;100253;47.17;840;11352201348;S
20241029;100253;47.16;50;11352201371;S
20241029;100254;47.19;10;11352201697;B
20241029;100255;47.19;90;11352201977;B
20241029;100255;47.2;20;11352201978;B
20241029;100255;47.2;600;11352201979;B
20241029;100255;47.2;880;11352201980;B
20241029;100255;47.21;40;11352201981;B
20241029;100255;47.21;3000;11352201982;B
20241029;100255;47.21;5370;11352201983;B
20241029;100255;47.17;10;11352202003;S
20241029;100255;47.17;50;11352202004;S
20241029;100256;47.17;50;11352202470;S
20241029;100257;47.17;580;11352202568;S
20241029;100257;47.17;50;11352202597;S
20241029;100301;47.21;110;11352203835;B
20241029;100301;47.21;240;11352203836;B
20241029;100301;47.21;20;11352203837;B
20241029;100301;47.22;4630;11352203838;B
20241029;100302;47.22;5000;11352204170;B
20241029;100303;47.22;10;11352204367;B
20241029;100303;47.22;7200;11352204421;B
20241029;100304;47.22;5000;11352204485;B
20241029;100304;47.22;5000;11352204564;B
20241029;100305;47.21;500;11352204993;S
20241029;100305;47.21;40;11352204994;S
20241029;100305;47.21;160;11352204995;S
20241029;100307;47.18;30;11352205487;S
20241029;100308;47.22;5000;11352205886;B
20241029;100308;47.22;10000;11352206159;B
20241029;100309;47.22;10;11352206254;B
20241029;100309;47.2;60;11352206332;S
20241029;100309;47.22;1630;11352206352;B
20241029;100309;47.22;50000;11352206357;B
20241029;100309;47.22;1760;11352206358;B
20241029;100309;47.22;50000;11352206398;B
20241029;100309;47.22;1760;11352206399;B
20241029;100309;47.2;50;11352206423;S
20241029;100309;47.22;1760;11352206429;B
20241029;100310;47.22;80;11352206490;B
20241029;100310;47.22;120;11352206517;B
20241029;100310;47.22;200;11352206533;B
20241029;100310;47.22;50;11352206537;B
20241029;100310;47.22;500;11352206543;B
20241029;100310;47.22;1080;11352206557;B
20241029;100310;47.22;120;11352206564;B
20241029;100310;47.22;1000;11352206665;B
20241029;100310;47.22;500;11352206702;B
20241029;100310;47.22;120;11352206727;B
20241029;100310;47.22;120;11352206750;B
20241029;100310;47.22;500;11352206787;B
20241029;100311;47.22;5000;11352206959;B
20241029;100312;47.22;5000;11352207179;B
20241029;100312;47.21;50;11352207535;S
20241029;100312;47.21;60;11352207536;S
20241029;100314;47.22;10000;11352207952;B
20241029;100315;47.21;10;11352208454;S
20241029;100317;47.22;350;11352209225;B
20241029;100319;47.22;2500;11352209758;B
20241029;100319;47.22;1200;11352209759;B
20241029;100319;47.22;10000;11352209917;B
20241029;100319;47.22;5000;11352210028;B
20241029;100319;47.22;10;11352210071;B
20241029;100320;47.22;2000;11352210211;B
20241029;100320;47.22;10;11352210213;B
20241029;100320;47.21;70;11352210259;S
20241029;100321;47.21;30;11352210677;S
20241029;100321;47.22;10;11352210787;B
20241029;100321;47.22;1110;11352210804;B
20241029;100321;47.24;500;11352210805;B
20241029;100321;47.25;3390;11352210806;B
20241029;100321;47.26;60;11352210808;B
20241029;100321;47.28;500;11352210827;B
20241029;100322;47.24;50;11352210878;S
20241029;100322;47.29;810;11352211039;B
20241029;100322;47.29;880;11352211040;B
20241029;100322;47.3;40;11352211041;B
20241029;100322;47.3;50;11352211042;B
20241029;100322;47.3;3220;11352211043;B
20241029;100328;47.27;30;11352213037;B
20241029;100328;47.28;20;11352213038;B
20241029;100330;47.26;30;11352213418;B
20241029;100330;47.26;90;11352213662;B
20241029;100331;47.26;10;11352213933;B
20241029;100332;47.24;300;11352214091;S
20241029;100332;47.24;10;11352214094;B
20241029;100332;47.25;40;11352214351;S
20241029;100332;47.24;10;11352214454;B
20241029;100334;47.24;30;11352214811;B
20241029;100334;47.27;40;11352214812;B
20241029;100334;47.27;330;11352214813;B
20241029;100334;47.23;50;11352214814;S
20241029;100334;47.22;10;11352215087;S
20241029;100334;47.22;20;11352215088;S
20241029;100334;47.22;420;11352215089;S
20241029;100339;47.26;880;11352216439;B
20241029;100339;47.26;110;11352216440;B
20241029;100339;47.27;100;11352216441;B
20241029;100339;47.28;220;11352216442;B
20241029;100339;47.28;100;11352216443;B
20241029;100339;47.28;590;11352216444;B
20241029;100340;47.24;200;11352216619;S
20241029;100345;47.29;100;11352218260;B
20241029;100345;47.29;500;11352218261;B
20241029;100345;47.3;130;11352218262;B
20241029;100349;47.3;20;11352219394;B
20241029;100351;47.3;50;11352219741;B
20241029;100351;47.31;500;11352219847;B
20241029;100351;47.31;880;11352219848;B
20241029;100351;47.32;980;11352219849;B
20241029;100351;47.32;7640;11352219850;B
20241029;100358;47.3;100;11352221867;B
20241029;100358;47.33;900;11352221868;B
20241029;100358;47.33;1000;11352221903;B
20241029;100359;47.33;360;11352222046;B
20241029;100359;47.3;790;11352222215;S
20241029;100359;47.3;60;11352222315;S
20241029;100400;47.33;100;11352222344;B
20241029;100400;47.33;100;11352222518;B
20241029;100400;47.3;130;11352222530;S
20241029;100400;47.3;3250;11352222601;S
20241029;100400;47.3;3000;11352222602;S
20241029;100400;47.3;50;11352222603;S
20241029;100400;47.29;10;11352222604;S
20241029;100400;47.29;3690;11352222605;S
20241029;100401;47.32;20;11352222709;S
20241029;100401;47.3;80;11352222710;S
20241029;100402;47.33;20;11352222986;B
20241029;100402;47.32;40;11352222988;S
20241029;100402;47.33;100;11352223023;B
20241029;100403;47.33;90;11352223129;B
20241029;100403;47.33;100;11352223206;B
20241029;100403;47.33;100;11352223285;B
20241029;100406;47.33;690;11352223868;B
20241029;100406;47.33;1310;11352223869;B
20241029;100406;47.33;1760;11352223977;B
20241029;100406;47.33;510;11352223978;B
20241029;100406;47.34;20;11352223979;B
20241029;100406;47.34;20;11352223980;B
20241029;100406;47.34;10;11352223981;B
20241029;100406;47.34;10;11352223982;B
20241029;100406;47.34;10;11352223983;B
20241029;100406;47.34;10;11352223984;B
20241029;100406;47.34;10;11352223985;B
20241029;100406;47.34;50;11352223986;B
20241029;100406;47.34;10;11352223987;B
20241029;100406;47.34;20;11352223988;B
20241029;100406;47.34;10;11352223989;B
20241029;100406;47.34;40;11352223990;B
20241029;100406;47.34;160;11352223991;B
20241029;100406;47.34;10;11352223992;B
20241029;100406;47.34;270;11352223993;B
20241029;100406;47.34;10;11352223994;B
20241029;100406;47.34;20;11352223995;B
20241029;100406;47.34;560;11352223996;B
20241029;100406;47.34;10;11352224005;B
20241029;100406;47.34;1760;11352224006;B
20241029;100406;47.34;170;11352224010;B
20241029;100406;47.34;500;11352224011;B
20241029;100406;47.36;20;11352224047;B
20241029;100407;47.37;10;11352224143;B
20241029;100407;47.36;130;11352224159;S
20241029;100407;47.38;1500;11352224253;B
20241029;100408;47.38;1110;11352224345;B
20241029;100408;47.38;1000;11352224391;B
20241029;100409;47.36;1000;11352224660;S
20241029;100410;47.38;110;11352224952;B
20241029;100411;47.36;600;11352225293;S
20241029;100412;47.36;1000;11352225451;S
20241029;100412;47.36;160;11352225535;S
20241029;100413;47.36;1000;11352225722;S
20241029;100413;47.36;210;11352225802;S
20241029;100413;47.36;50;11352225825;S
20241029;100413;47.36;70;11352225864;S
20241029;100413;47.35;60;11352225954;S
20241029;100414;47.35;890;11352226109;S
20241029;100415;47.36;10;11352226337;B
20241029;100416;47.36;180;11352226509;B
20241029;100417;47.36;10;11352226952;B
20241029;100418;47.36;180;11352227207;B
20241029;100420;47.36;10;11352227557;B
20241029;100420;47.35;640;11352227643;S
20241029;100422;47.36;400;11352227908;B
20241029;100422;47.36;30;11352227943;B
20241029;100423;47.36;10;11352228160;B
20241029;100424;47.36;100;11352228288;B
20241029;100424;47.36;300;11352228289;B
20241029;100428;47.36;10;11352229128;B
20241029;100429;47.36;690;11352229362;B
20241029;100429;47.36;100;11352229363;B
20241029;100429;47.36;20;11352229364;B
20241029;100432;47.36;1000;11352229904;S
20241029;100432;47.36;1000;11352229954;S
20241029;100432;47.36;190;11352230011;S
20241029;100432;47.36;810;11352230012;S
20241029;100433;47.36;1000;11352230112;S
20241029;100433;47.36;1000;11352230189;S
20241029;100434;47.36;1000;11352230394;S
20241029;100435;47.36;400;11352230562;S
20241029;100435;47.36;10;11352230677;S
20241029;100436;47.36;10;11352230856;B
20241029;100436;47.36;60;11352231025;B
20241029;100436;47.36;40;11352231026;B
20241029;100437;47.36;10;11352231241;B
20241029;100437;47.35;20;11352231276;S
20241029;100437;47.35;4220;11352231277;S
20241029;100437;47.34;20;11352231278;S
20241029;100437;47.33;20;11352231279;S
20241029;100437;47.33;10;11352231280;S
20241029;100437;47.33;880;11352231281;S
20241029;100437;47.32;10;11352231282;S
20241029;100437;47.32;4230;11352231283;S
20241029;100437;47.31;360;11352231284;S
20241029;100437;47.34;100;11352231290;B
20241029;100440;47.34;30;11352231924;B
20241029;100442;47.32;10;11352232403;S
20241029;100442;47.34;100;11352232479;B
20241029;100443;47.34;60;11352232573;B
20241029;100444;47.32;4210;11352232992;S
20241029;100444;47.32;880;11352232993;S
20241029;100444;47.31;50;11352232994;S
20241029;100444;47.3;4860;11352232995;S
20241029;100444;47.32;1000;11352233014;B
20241029;100444;47.33;1900;11352233015;B
20241029;100444;47.31;460;11352233085;S
20241029;100445;47.32;830;11352233275;B
20241029;100445;47.31;390;11352233325;S
20241029;100445;47.31;60;11352233613;S
20241029;100446;47.31;3310;11352233637;S
20241029;100446;47.31;6150;11352233638;S
20241029;100446;47.31;540;11352233639;B
20241029;100446;47.32;1460;11352233640;B
20241029;100446;47.3;70;11352233652;S
20241029;100446;47.3;100;11352233718;S
20241029;100446;47.31;50;11352233799;B
20241029;100447;47.3;950;11352234025;S
20241029;100447;47.3;400;11352234063;S
20241029;100447;47.3;50;11352234131;S
20241029;100447;47.3;10000;11352234153;S
20241029;100448;47.31;10;11352234473;B
20241029;100448;47.3;60;11352234605;S
20241029;100448;47.3;510;11352234629;S
20241029;100448;47.3;30;11352234630;S
20241029;100448;47.3;10;11352234631;S
20241029;100448;47.3;240;11352234632;S
20241029;100448;47.3;110;11352234734;S
20241029;100448;47.3;3870;11352234735;S
20241029;100448;47.3;60;11352234736;S
20241029;100448;47.29;17130;11352234737;S
20241029;100448;47.29;4180;11352234738;S
20241029;100448;47.29;10;11352234739;S
20241029;100448;47.29;50;11352234740;S
20241029;100448;47.29;10;11352234741;S
20241029;100448;47.3;100;11352234742;B
20241029;100448;47.27;500;11352234743;S
20241029;100448;47.27;100;11352234744;S
20241029;100448;47.25;10;11352234753;S
20241029;100448;47.25;40;11352234754;S
20241029;100449;47.25;100;11352234864;S
20241029;100449;47.25;1760;11352234866;S
20241029;100449;47.25;1760;11352234894;S
20241029;100449;47.25;1340;11352234901;S
20241029;100449;47.25;20;11352234902;S
20241029;100449;47.24;80;11352234936;S
20241029;100449;47.24;100;11352234937;B
20241029;100449;47.22;100;11352235018;S
20241029;100449;47.22;260;11352235019;S
20241029;100449;47.22;3150;11352235142;S
20241029;100449;47.21;500;11352235143;S
20241029;100449;47.2;4800;11352235144;S
20241029;100449;47.2;1650;11352235145;S
20241029;100449;47.2;400;11352235146;S
20241029;100449;47.2;50;11352235147;S
20241029;100449;47.2;5000;11352235148;S
20241029;100449;47.19;4230;11352235149;S
20241029;100449;47.19;400;11352235150;S
20241029;100449;47.18;10;11352235151;S
20241029;100449;47.18;10;11352235152;S
20241029;100449;47.18;10;11352235153;S
20241029;100449;47.17;10;11352235154;S
20241029;100449;47.17;120;11352235155;S
20241029;100449;47.17;20;11352235156;S
20241029;100449;47.17;880;11352235157;S
20241029;100449;47.16;10;11352235158;S
20241029;100449;47.16;10;11352235159;S
20241029;100449;47.15;30;11352235160;S
20241029;100449;47.15;5000;11352235161;S
20241029;100449;47.14;500;11352235162;S
20241029;100449;47.14;2800;11352235163;S
20241029;100449;47.13;30;11352235164;S
20241029;100449;47.12;790;11352235165;S
20241029;100449;47.12;4230;11352235166;S
20241029;100449;47.12;1500;11352235167;S
20241029;100449;47.12;1000;11352235168;S
20241029;100449;47.11;460;11352235169;S
20241029;100449;47.11;5000;11352235170;S
20241029;100449;47.1;10;11352235171;S
20241029;100449;47.1;10;11352235172;S
20241029;100449;47.1;100;11352235173;S
20241029;100449;47.1;1000;11352235174;S
20241029;100449;47.1;10;11352235175;S
20241029;100449;47.1;8000;11352235176;S
20241029;100449;47.09;10;11352235177;S
20241029;100449;47.08;10620;11352235178;S
20241029;100449;47.08;10620;11352235179;S
20241029;100449;47.07;10;11352235180;S
20241029;100449;47.07;20;11352235181;S
20241029;100449;47.07;20;11352235182;S
20241029;100449;47.07;10;11352235183;S
20241029;100449;47.07;10;11352235184;S
20241029;100449;47.07;10;11352235185;S
20241029;100449;47.05;10;11352235186;S
20241029;100449;47.05;10;11352235187;S
20241029;100449;47.05;10;11352235188;S
20241029;100449;47.05;10000;11352235189;S
20241029;100449;47.04;10;11352235190;S
20241029;100449;47.04;100;11352235191;S
20241029;100449;47.04;10620;11352235192;S
20241029;100449;47.03;10;11352235193;S
20241029;100449;47.03;10;11352235194;S
20241029;100449;47.02;20;11352235195;S
20241029;100449;47.02;220;11352235196;S
20241029;100449;47.02;50;11352235197;S
20241029;100449;47.02;5000;11352235198;S
20241029;100449;47.01;3000;11352235199;S
20241029;100449;47;10;11352235200;S
20241029;100449;47;10;11352235201;S
20241029;100449;47;10;11352235202;S
20241029;100449;47;100;11352235203;S
20241029;100449;47;2000;11352235204;S
20241029;100449;47;100;11352235205;S
20241029;100449;47;10;11352235206;S
20241029;100449;47;10;11352235207;S
20241029;100449;47;50;11352235208;S
20241029;100449;47;100;11352235209;S
20241029;100449;47;50;11352235210;S
20241029;100449;47;50;11352235211;S
20241029;100449;47;500;11352235212;S
20241029;100449;47;10;11352235213;S
20241029;100449;47;10;11352235214;S
20241029;100449;47;50;11352235215;S
20241029;100449;47;30;11352235216;S
20241029;100449;47;30;11352235217;S
20241029;100449;47;1000;11352235218;S
20241029;100449;47;10;11352235219;S
20241029;100449;47;10;11352235220;S
20241029;100449;47;10;11352235221;S
20241029;100449;47;50;11352235222;S
20241029;100449;47;30;11352235223;S
20241029;100449;47;10;11352235224;S
20241029;100449;47;20;11352235225;S
20241029;100449;47;20;11352235226;S
20241029;100449;47;10;11352235227;S
20241029;100449;47;50;11352235228;S
20241029;100449;47;10;11352235229;S
20241029;100449;47;20;11352235230;S
20241029;100449;47;10;11352235231;S
20241029;100449;47;10;11352235232;S
20241029;100449;47;2000;11352235233;S
20241029;100449;47;10;11352235234;S
20241029;100449;47;60;11352235235;S
20241029;100449;47;10;11352235236;S
20241029;100449;47;10;11352235237;S
20241029;100449;47;10;11352235238;S
20241029;100449;46.96;10;11352235239;S
20241029;100449;46.95;2500;11352235240;S
20241029;100449;46.93;10;11352235241;S
20241029;100449;46.92;10;11352235242;S
20241029;100449;46.91;500;11352235243;S
20241029;100449;46.9;10;11352235244;S
20241029;100449;46.9;10;11352235245;S
20241029;100449;46.9;10;11352235246;S
20241029;100449;46.9;200;11352235247;S
20241029;100449;46.9;20;11352235248;S
20241029;100449;46.9;10;11352235249;S
20241029;100449;46.9;10;11352235250;S
20241029;100449;46.9;30;11352235251;S
20241029;100449;46.89;10;11352235252;S
20241029;100449;46.89;100;11352235253;S
20241029;100449;46.89;10000;11352235254;S
20241029;100449;46.88;1300;11352235255;S
20241029;100449;46.87;40;11352235256;S
20241029;100449;46.85;10;11352235257;S
20241029;100449;46.85;10;11352235258;S
20241029;100449;46.85;10;11352235259;S
20241029;100449;46.85;10;11352235260;S
20241029;100449;46.85;10;11352235261;S
20241029;100449;46.84;10;11352235262;S
20241029;100449;46.84;200;11352235263;S
20241029;100449;46.83;11000;11352235264;S
20241029;100449;46.82;10;11352235265;S
20241029;100449;46.82;2000;11352235266;S
20241029;100449;46.8;10;11352235267;S
20241029;100449;46.8;150;11352235268;S
20241029;100449;46.8;10;11352235269;S
20241029;100449;46.8;3350;11352235270;S
20241029;100449;46.79;20;11352235271;S
20241029;100449;46.79;20;11352235272;S
20241029;100449;46.79;3600;11352235273;S
20241029;100449;46.78;10;11352235274;S
20241029;100449;46.78;1880;11352235275;S
20241029;100449;46.78;7640;11352235276;S
20241029;100449;46.75;2000;11352235277;S
20241029;100449;46.9;160;11352235281;B
20241029;100449;46.91;2000;11352235282;S
20241029;100449;46.91;300;11352235283;S
20241029;100449;46.91;2000;11352235284;S
20241029;100449;46.9;800;11352235285;S
20241029;100449;46.9;2000;11352235286;S
20241029;100449;46.9;500;11352235287;S
20241029;100449;46.9;500;11352235288;S
20241029;100449;46.9;3500;11352235289;S
20241029;100449;46.9;240;11352235290;S
20241029;100449;46.94;1000;11352235291;S
20241029;100449;46.97;760;11352235295;S
20241029;100449;46.96;1000;11352235296;B
20241029;100449;46.96;1700;11352235298;B
20241029;100449;46.98;880;11352235299;B
20241029;100449;46.98;1120;11352235300;S
20241029;100449;46.97;2000;11352235302;B
20241029;100449;46.97;2000;11352235303;B
20241029;100449;46.97;230;11352235304;B
20241029;100449;46.98;1770;11352235305;B
20241029;100449;46.97;2000;11352235306;B
20241029;100450;46.93;2000;11352235308;S
20241029;100450;46.93;110;11352235309;S
20241029;100450;46.96;720;11352235310;B
20241029;100450;46.93;100;11352235330;S
20241029;100450;46.93;50;11352235334;S
20241029;100450;46.95;880;11352235336;B
20241029;100450;46.95;240;11352235341;B
20241029;100450;46.95;1800;11352235349;B
20241029;100450;46.95;1310;11352235351;B
20241029;100450;46.95;610;11352235352;B
20241029;100450;46.96;1760;11352235369;B
20241029;100450;46.98;10;11352235383;B
20241029;100450;46.99;60;11352235391;B
20241029;100450;46.99;370;11352235393;B
20241029;100450;47;500;11352235394;B
20241029;100450;47;1000;11352235395;B
20241029;100450;47.01;3820;11352235396;B
20241029;100450;46.98;1760;11352235425;B
20241029;100450;46.98;960;11352235470;S
20241029;100450;46.99;930;11352235549;S
20241029;100450;46.98;60;11352235584;S
20241029;100450;46.97;340;11352235585;S
20241029;100450;46.99;100;11352235588;B
20241029;100450;46.99;10;11352235589;B
20241029;100450;46.99;100;11352235590;B
20241029;100450;46.99;350;11352235592;B
20241029;100450;46.98;2000;11352235596;S
20241029;100451;46.98;40;11352235743;S
20241029;100451;46.98;1000;11352235760;S
20241029;100451;46.99;10;11352235773;B
20241029;100451;46.99;100;11352235774;B
20241029;100451;46.99;10;11352235778;B
20241029;100451;46.99;210;11352235779;B
20241029;100451;46.99;50;11352235781;B
20241029;100451;46.99;10;11352235785;B
20241029;100451;46.98;1210;11352235792;S
20241029;100451;46.98;10;11352235821;B
20241029;100451;46.98;10;11352235839;B
20241029;100451;46.98;1650;11352235854;B
20241029;100451;46.98;50;11352235916;B
20241029;100451;46.98;100;11352235949;B
20241029;100452;46.98;30;11352236104;B
20241029;100452;46.98;20;11352236106;B
20241029;100452;46.98;10;11352236114;B
20241029;100452;46.97;1210;11352236134;S
20241029;100452;46.98;100;11352236171;B
20241029;100452;46.98;500;11352236250;B
20241029;100453;46.98;1400;11352236562;B
20241029;100453;46.98;880;11352236563;B
20241029;100453;47;7720;11352236564;B
20241029;100454;47;100;11352236749;B
20241029;100454;47;100;11352236884;B
20241029;100457;47;70;11352237527;B
20241029;100459;47;20;11352238040;B
20241029;100500;47;1000;11352238518;B
20241029;100501;47;10;11352238575;B
20241029;100502;46.99;170;11352238972;B
20241029;100502;47;600;11352238973;B
20241029;100502;47;900;11352238974;B
20241029;100502;47;100;11352238975;B
20241029;100502;47;90;11352238996;B
20241029;100503;47;430;11352239157;B
20241029;100503;47;8860;11352239251;B
20241029;100503;47;300;11352239252;B
20241029;100503;47;130;11352239253;B
20241029;100503;47.01;710;11352239254;B
20241029;100503;47.02;630;11352239255;B
20241029;100503;47.04;1540;11352239256;B
20241029;100503;47.05;80;11352239454;S
20241029;100503;47.03;3000;11352239455;S
20241029;100503;47.02;1370;11352239456;S
20241029;100503;47.02;880;11352239457;S
20241029;100503;47;4250;11352239458;S
20241029;100503;46.98;100;11352239459;S
20241029;100503;46.98;4230;11352239460;S
20241029;100503;46.98;500;11352239461;S
20241029;100503;46.97;450;11352239462;S
20241029;100503;46.97;140;11352239463;S
20241029;100504;47.02;120;11352239641;B
20241029;100506;47.05;100;11352240159;B
20241029;100507;47.04;20;11352240487;S
20241029;100507;47.05;500;11352240553;B
20241029;100508;47.07;90;11352240634;B
20241029;100508;47.07;880;11352240635;B
20241029;100508;47.07;1840;11352240636;B
20241029;100508;47.08;1030;11352240797;B
20241029;100509;47.06;880;11352240956;S
20241029;100510;47.07;10;11352241221;B
20241029;100510;47.06;500;11352241350;S
20241029;100511;47.06;1000;11352241545;S
20241029;100511;47.09;10;11352241635;B
20241029;100512;47.05;40;11352241738;S
20241029;100512;47.05;2000;11352241871;S
20241029;100512;47.05;460;11352241872;S
20241029;100512;47.04;80;11352241877;S
20241029;100512;47.04;1680;11352241878;S
20241029;100512;47.04;1760;11352241903;S
20241029;100513;47.05;550;11352241957;B
20241029;100513;47.04;1560;11352241958;S
20241029;100513;47.03;10;11352241971;S
20241029;100513;47.02;1750;11352241972;S
20241029;100513;47.02;1760;11352241974;S
20241029;100513;47.02;1760;11352241980;S
20241029;100513;47.02;1760;11352241993;S
20241029;100513;47.02;1760;11352242049;S
20241029;100513;47.02;1090;11352242062;S
20241029;100513;47.02;100;11352242063;S
20241029;100513;47;100;11352242071;S
20241029;100513;47;100;11352242072;S
20241029;100513;47;20;11352242073;S
20241029;100513;47;500;11352242074;S
20241029;100513;47;1040;11352242075;S
20241029;100513;47;1760;11352242079;S
20241029;100513;47;1760;11352242091;S
20241029;100513;47;1770;11352242092;S
20241029;100513;46.99;1000;11352242093;S
20241029;100513;46.98;10;11352242096;S
20241029;100514;46.98;100;11352242185;B
20241029;100514;46.98;90;11352242308;B
20241029;100516;46.98;60;11352242754;B
20241029;100516;46.98;40;11352242783;B
20241029;100517;46.98;160;11352243025;B
20241029;100517;46.96;100;11352243030;S
20241029;100517;46.96;100;11352243031;S
20241029;100517;46.96;100;11352243032;S
20241029;100517;46.95;100;11352243033;S
20241029;100517;46.95;10;11352243034;S
20241029;100517;46.95;590;11352243166;B
20241029;100517;46.95;150;11352243167;B
20241029;100518;46.97;100;11352243326;B
20241029;100518;46.97;130;11352243327;B
20241029;100518;46.99;170;11352243328;B
20241029;100519;46.98;10;11352243527;S
20241029;100519;46.96;990;11352243528;S
20241029;100519;46.96;50;11352243671;S
20241029;100520;46.97;50;11352243746;B
20241029;100521;46.96;160;11352244174;B
20241029;100521;46.99;4250;11352244175;B
20241029;100521;46.99;4050;11352244176;S
20241029;100521;46.99;1540;11352244177;S
20241029;100521;46.98;700;11352244297;B
20241029;100522;46.97;60;11352244329;B
20241029;100522;46.97;10;11352244440;B
20241029;100524;46.97;10;11352244803;B
20241029;100526;46.96;20;11352245364;B
20241029;100529;46.94;10;11352246232;S
20241029;100529;46.93;20;11352246233;S
20241029;100529;46.92;450;11352246234;S
20241029;100529;46.91;1020;11352246235;S
20241029;100529;46.93;190;11352246237;B
20241029;100529;46.94;880;11352246238;B
20241029;100529;46.94;330;11352246239;B
20241029;100530;46.91;80;11352246258;S
20241029;100530;46.91;190;11352246343;B
20241029;100530;46.94;170;11352246345;B
20241029;100530;46.94;170;11352246346;B
20241029;100530;46.93;100;11352246366;B
20241029;100530;46.94;660;11352246367;B
20241029;100530;46.95;720;11352246368;B
20241029;100530;46.95;500;11352246369;B
20241029;100530;46.96;2000;11352246399;B
20241029;100532;46.95;160;11352246659;B
20241029;100532;46.95;730;11352246680;S
20241029;100532;46.96;170;11352246851;B
20241029;100532;46.95;1000;11352246865;S
20241029;100533;46.96;20;11352247023;B
20241029;100534;46.96;1620;11352247429;B
20241029;100535;46.96;40;11352247512;B
20241029;100535;46.96;10;11352247664;B
20241029;100536;46.96;30;11352247940;B
20241029;100536;46.96;10;11352247981;B
20241029;100537;46.95;20;11352248079;S
20241029;100537;46.96;880;11352248105;B
20241029;100537;46.96;170;11352248221;B
20241029;100538;46.96;30;11352248273;B
20241029;100538;46.96;170;11352248274;B
20241029;100538;46.95;90;11352248453;S
20241029;100538;46.95;10;11352248454;S
20241029;100539;46.94;50;11352248477;S
20241029;100539;46.94;250;11352248584;S
20241029;100539;46.94;140;11352248746;B
20241029;100539;46.94;30;11352248747;B
20241029;100540;46.94;270;11352248845;B
20241029;100540;46.94;60;11352248889;B
20241029;100540;46.92;10;11352249034;S
20241029;100541;46.94;610;11352249104;B
20241029;100541;46.94;10;11352249152;B
20241029;100542;46.93;610;11352249390;B
20241029;100543;46.92;600;11352249662;S
20241029;100544;46.93;170;11352249771;B
20241029;100544;46.93;610;11352249829;B
20241029;100545;46.93;610;11352249953;B
20241029;100545;46.91;190;11352250109;B
20241029;100545;46.92;110;11352250110;B
20241029;100545;46.93;100;11352250124;B
20241029;100546;46.92;150;11352250204;B
20241029;100546;46.93;20;11352250205;B
20241029;100546;46.93;610;11352250277;B
20241029;100546;46.91;3000;11352250402;S
20241029;100546;46.9;5000;11352250403;S
20241029;100546;46.89;880;11352250404;S
20241029;100546;46.88;20;11352250405;S
20241029;100546;46.87;10;11352250406;S
20241029;100546;46.87;2800;11352250407;S
20241029;100546;46.87;500;11352250408;S
20241029;100546;46.86;4230;11352250409;S
20241029;100546;46.85;10000;11352250410;S
20241029;100546;46.84;100;11352250411;S
20241029;100546;46.84;4250;11352250412;S
20241029;100546;46.84;5000;11352250413;S
20241029;100546;46.8;10;11352250414;S
20241029;100546;46.8;120;11352250415;S
20241029;100546;46.8;60;11352250416;S
20241029;100546;46.78;500;11352250417;S
20241029;100546;46.77;7820;11352250418;S
20241029;100546;46.75;750;11352250419;S
20241029;100546;46.75;100;11352250420;S
20241029;100546;46.75;1000;11352250421;S
20241029;100546;46.75;10000;11352250422;S
20241029;100546;46.74;7630;11352250423;S
20241029;100546;46.73;20;11352250424;S
20241029;100546;46.72;10;11352250425;S
20241029;100546;46.7;10;11352250426;S
20241029;100546;46.7;10;11352250427;S
20241029;100546;46.7;20;11352250428;S
20241029;100546;46.7;10;11352250429;S
20241029;100546;46.69;10;11352250430;S
20241029;100546;46.67;60;11352250431;S
20241029;100546;46.67;20;11352250432;S
20241029;100546;46.66;10;11352250433;S
20241029;100546;46.65;10;11352250434;S
20241029;100546;46.65;10;11352250435;S
20241029;100546;46.65;20;11352250436;S
20241029;100546;46.64;2400;11352250437;S
20241029;100546;46.63;750;11352250438;S
20241029;100546;46.63;20;11352250439;S
20241029;100546;46.63;100;11352250440;S
20241029;100546;46.62;10;11352250441;S
20241029;100546;46.62;200;11352250442;S
20241029;100546;46.62;23000;11352250443;S
20241029;100546;46.61;10000;11352250444;S
20241029;100546;46.6;10;11352250445;S
20241029;100546;46.6;20;11352250446;S
20241029;100546;46.6;400;11352250447;S
20241029;100546;46.6;10;11352250448;S
20241029;100546;46.58;10;11352250449;S
20241029;100546;46.58;10;11352250450;S
20241029;100546;46.58;50;11352250451;S
20241029;100546;46.57;10;11352250452;S
20241029;100546;46.57;20;11352250453;S
20241029;100546;46.56;10;11352250454;S
20241029;100546;46.56;10;11352250455;S
20241029;100546;46.56;20;11352250456;S
20241029;100546;46.56;130;11352250457;S
20241029;100546;46.55;10;11352250458;S
20241029;100546;46.55;10;11352250459;S
20241029;100546;46.55;10;11352250460;S
20241029;100546;46.55;100;11352250461;S
20241029;100546;46.55;50;11352250462;S
20241029;100546;46.54;10;11352250463;S
20241029;100546;46.54;10;11352250464;S
20241029;100546;46.54;20;11352250465;S
20241029;100546;46.54;300;11352250466;S
20241029;100546;46.53;10;11352250467;S
20241029;100546;46.53;10;11352250468;S
20241029;100546;46.53;10;11352250469;S
20241029;100546;46.53;320;11352250470;S
20241029;100546;46.52;3000;11352250471;S
20241029;100546;46.52;10;11352250472;S
20241029;100546;46.52;10;11352250473;S
20241029;100546;46.52;500;11352250474;S
20241029;100546;46.52;1800;11352250475;S
20241029;100546;46.52;10;11352250476;S
20241029;100546;46.52;10;11352250477;S
20241029;100546;46.51;10;11352250478;S
20241029;100546;46.51;10;11352250479;S
20241029;100546;46.51;10;11352250480;S
20241029;100546;46.51;30;11352250481;S
20241029;100546;46.5;20;11352250482;S
20241029;100546;46.5;10;11352250483;S
20241029;100546;46.5;90;11352250484;S
20241029;100546;46.5;10;11352250485;S
20241029;100546;46.5;10;11352250486;S
20241029;100546;46.5;10;11352250487;S
20241029;100546;46.5;30;11352250488;S
20241029;100546;46.5;30;11352250489;S
20241029;100546;46.5;10;11352250490;S
20241029;100546;46.5;1000;11352250491;S
20241029;100546;46.5;10;11352250492;S
20241029;100546;46.5;10;11352250493;S
20241029;100546;46.5;100;11352250494;S
20241029;100546;46.5;50;11352250495;S
20241029;100546;46.5;10;11352250496;S
20241029;100546;46.5;10;11352250497;S
20241029;100546;46.5;10;11352250498;S
20241029;100546;46.5;10;11352250499;S
20241029;100546;46.5;10;11352250500;S
20241029;100546;46.5;50;11352250501;S
20241029;100546;46.5;550;11352250502;S
20241029;100546;46.49;10;11352250503;S
20241029;100546;46.49;10;11352250504;S
20241029;100546;46.49;3000;11352250505;S
20241029;100546;46.48;10;11352250506;S
20241029;100546;46.47;10;11352250507;S
20241029;100546;46.47;60;11352250508;S
20241029;100546;46.47;20;11352250509;S
20241029;100546;46.46;10;11352250510;S
20241029;100546;46.46;10;11352250511;S
20241029;100546;46.46;2000;11352250512;S
20241029;100546;46.45;10;11352250513;S
20241029;100546;46.45;10;11352250514;S
20241029;100546;46.45;10;11352250515;S
20241029;100546;46.45;2500;11352250516;S
20241029;100546;46.86;4230;11352250517;S
20241029;100546;46.53;4260;11352250519;B
20241029;100546;46.54;2000;11352250520;S
20241029;100546;46.7;20;11352250522;B
20241029;100546;46.58;2000;11352250524;S
20241029;100546;46.56;880;11352250525;S
20241029;100546;46.55;500;11352250526;S
20241029;100546;46.57;1000;11352250527;B
20241029;100546;46.58;1500;11352250528;B
20241029;100546;46.58;1000;11352250529;B
20241029;100546;46.58;1000;11352250530;B
20241029;100546;46.58;1000;11352250531;B
20241029;100546;46.58;500;11352250532;B
20241029;100546;46.58;1000;11352250533;S
20241029;100546;46.58;500;11352250534;S
20241029;100546;46.58;260;11352250535;S
20241029;100546;46.55;1000;11352250536;S
20241029;100546;46.58;740;11352250537;B
20241029;100546;46.58;1260;11352250538;S
20241029;100546;46.58;740;11352250539;B
20241029;100546;46.58;980;11352250542;B
20241029;100546;46.63;880;11352250543;B
20241029;100546;46.64;1000;11352250544;S
20241029;100546;46.65;2000;11352250545;B
20241029;100546;46.64;1000;11352250546;S
20241029;100546;46.63;120;11352250547;S
20241029;100546;46.63;1000;11352250548;S
20241029;100546;46.62;530;11352250549;S
20241029;100546;46.6;880;11352250550;B
20241029;100546;46.6;4470;11352250551;B
20241029;100546;46.58;500;11352250552;S
20241029;100546;46.66;460;11352250553;S
20241029;100546;46.59;2000;11352250554;S
20241029;100546;46.6;1660;11352250555;B
20241029;100546;46.65;1000;11352250559;B
20241029;100546;46.65;1000;11352250560;S
20241029;100546;46.69;200;11352250562;B
20241029;100546;46.68;500;11352250567;B
20241029;100546;46.68;1000;11352250573;B
20241029;100546;46.67;140;11352250574;S
20241029;100546;46.68;5000;11352250575;B
20241029;100546;46.67;1160;11352250579;S
20241029;100546;46.67;340;11352250580;S
20241029;100546;46.67;100;11352250581;S
20241029;100546;46.69;2480;11352250589;B
20241029;100546;46.69;7320;11352250621;B
20241029;100546;46.7;460;11352250622;B
20241029;100546;46.7;1590;11352250623;B
20241029;100546;46.72;500;11352250625;B
20241029;100546;46.73;1260;11352250626;B
20241029;100546;46.74;1070;11352250627;B
20241029;100546;46.76;2000;11352250631;B
20241029;100546;46.76;2000;11352250632;B
20241029;100546;46.76;2000;11352250633;B
20241029;100546;46.76;2000;11352250634;B
20241029;100546;46.79;500;11352250638;B
20241029;100546;46.79;110;11352250641;S
20241029;100546;46.79;220;11352250642;S
20241029;100546;46.82;1400;11352250672;B
20241029;100547;46.82;100;11352250676;B
20241029;100547;46.82;1000;11352250677;B
20241029;100547;46.84;100;11352250694;B
20241029;100547;46.84;20;11352250717;B
20241029;100547;46.84;610;11352250731;B
20241029;100547;46.84;110;11352250737;B
20241029;100547;46.84;60;11352250896;B
20241029;100547;46.84;2000;11352250927;B
20241029;100547;46.83;100;11352251040;S
20241029;100548;46.84;900;11352251082;B
20241029;100548;46.84;1480;11352251083;B
20241029;100548;46.85;4270;11352251103;S
20241029;100548;46.85;880;11352251104;S
20241029;100548;46.84;520;11352251105;S
20241029;100548;46.83;1000;11352251106;S
20241029;100548;46.83;500;11352251107;S
20241029;100548;46.83;90;11352251108;S
20241029;100548;46.81;740;11352251109;S
20241029;100548;46.84;3000;11352251110;S
20241029;100548;46.82;50;11352251161;S
20241029;100548;46.84;100;11352251168;B
20241029;100548;46.86;610;11352251173;B
20241029;100548;46.84;20;11352251177;S
20241029;100548;46.86;100;11352251242;B
20241029;100548;46.86;10;11352251288;B
20241029;100548;46.83;260;11352251322;S
20241029;100548;46.86;50;11352251370;B
20241029;100548;46.85;250;11352251394;S
20241029;100548;46.84;40;11352251451;S
20241029;100548;46.85;250;11352251492;S
20241029;100548;46.85;90;11352251524;S
20241029;100548;46.84;80;11352251590;S
20241029;100549;46.83;2000;11352251609;S
20241029;100549;46.83;2000;11352251610;S
20241029;100549;46.81;120;11352251614;S
20241029;100549;46.86;30;11352251616;B
20241029;100549;46.86;470;11352251617;B
20241029;100549;46.86;30;11352251627;B
20241029;100549;46.86;140;11352251628;B
20241029;100549;46.84;260;11352251778;S
20241029;100549;46.84;250;11352251887;B
20241029;100549;46.84;240;11352251888;B
20241029;100550;46.82;2500;11352252061;S
20241029;100550;46.82;20;11352252078;S
20241029;100551;46.81;160;11352252365;S
20241029;100551;46.8;260;11352252437;S
20241029;100551;46.8;250;11352252498;S
20241029;100551;46.82;610;11352252502;B
20241029;100551;46.82;390;11352252534;B
20241029;100551;46.82;70;11352252535;B
20241029;100551;46.83;250;11352252536;B
20241029;100551;46.83;20;11352252537;B
20241029;100551;46.84;20;11352252538;B
20241029;100551;46.84;250;11352252539;B
20241029;100551;46.85;20;11352252540;B
20241029;100551;46.85;70;11352252568;S
20241029;100551;46.85;250;11352252621;S
20241029;100552;46.85;1000;11352252682;S
20241029;100552;46.86;170;11352252699;B
20241029;100552;46.85;20;11352252754;S
20241029;100552;46.85;50;11352252806;S
20241029;100552;46.86;10;11352252835;B
20241029;100552;46.86;1500;11352252931;B
20241029;100552;46.87;180;11352252932;S
20241029;100553;46.9;1500;11352253010;B
20241029;100553;46.9;500;11352253126;B
20241029;100553;46.9;110;11352253127;B
20241029;100553;46.9;500;11352253273;B
20241029;100554;46.9;20;11352253484;B
20241029;100555;46.9;200;11352253688;B
20241029;100555;46.9;610;11352253757;B
20241029;100556;46.9;310;11352253920;B
20241029;100556;46.88;10;11352253996;S
20241029;100557;46.89;100;11352254125;B
20241029;100557;46.89;60;11352254126;B
20241029;100558;46.88;40;11352254385;S
20241029;100558;46.89;100;11352254392;B
20241029;100558;46.9;250;11352254393;B
20241029;100558;46.9;10;11352254394;B
20241029;100558;46.9;10;11352254395;B
20241029;100558;46.9;90;11352254402;B
20241029;100558;46.9;80;11352254403;B
20241029;100558;46.88;300;11352254404;S
20241029;100558;46.88;50;11352254584;S
20241029;100558;46.88;50;11352254676;S
20241029;100559;46.88;1760;11352254817;S
20241029;100600;46.89;10;11352255067;B
20241029;100601;46.88;210;11352255364;S
20241029;100601;46.89;10;11352255424;B
20241029;100602;46.88;200;11352255564;S
20241029;100603;46.89;250;11352256036;B
20241029;100603;46.89;460;11352256037;B
20241029;100605;46.88;1640;11352256625;S
20241029;100605;46.87;10;11352256626;S
20241029;100605;46.87;350;11352256627;S
20241029;100605;46.87;1000;11352256709;S
20241029;100605;46.88;10;11352256724;S
20241029;100606;46.89;1000;11352256871;B
20241029;100607;46.89;10;11352257122;B
20241029;100608;46.89;10;11352257341;B
20241029;100608;46.88;4250;11352257379;S
20241029;100608;46.88;10;11352257380;S
20241029;100608;46.88;290;11352257381;S
20241029;100608;46.88;30;11352257382;S
20241029;100609;46.88;50;11352257557;B
20241029;100609;46.88;370;11352257629;B
20241029;100609;46.88;1400;11352257630;B
20241029;100609;46.89;730;11352257631;B
20241029;100610;46.89;10;11352258015;B
20241029;100613;46.89;250;11352258624;B
20241029;100613;46.89;10;11352258637;B
20241029;100613;46.89;250;11352258753;B
20241029;100614;46.87;650;11352258855;S
20241029;100614;46.89;10;11352258867;B
20241029;100614;46.89;250;11352258889;B
20241029;100614;46.89;250;11352259004;B
20241029;100615;46.89;250;11352259113;B
20241029;100615;46.89;250;11352259214;B
20241029;100616;46.89;250;11352259317;B
20241029;100616;46.89;250;11352259474;B
20241029;100617;46.89;250;11352259605;B
20241029;100617;46.89;510;11352259638;B
20241029;100617;46.89;100;11352259639;B
20241029;100617;46.89;4180;11352259640;B
20241029;100618;46.87;40;11352260005;S
20241029;100618;46.89;250;11352260012;B
20241029;100619;46.89;10;11352260149;B
20241029;100620;46.89;30;11352260370;B
20241029;100621;46.87;2000;11352260498;S
20241029;100621;46.88;20;11352260633;S
20241029;100621;46.88;4260;11352260634;S
20241029;100621;46.88;880;11352260635;S
20241029;100621;46.87;10;11352260636;S
20241029;100621;46.87;20;11352260637;S
20241029;100621;46.86;3000;11352260638;S
20241029;100621;46.85;2590;11352260639;S
20241029;100621;46.85;10;11352260640;S
20241029;100621;46.85;10;11352260641;S
20241029;100621;46.84;100;11352260642;S
20241029;100621;46.84;50;11352260643;S
20241029;100621;46.84;500;11352260644;S
20241029;100621;46.84;1000;11352260645;S
20241029;100621;46.84;100;11352260646;S
20241029;100621;46.84;2800;11352260647;S
20241029;100621;46.84;3840;11352260648;S
20241029;100621;46.83;10;11352260649;S
20241029;100621;46.83;10;11352260650;S
20241029;100621;46.83;10;11352260651;S
20241029;100621;46.83;8240;11352260652;S
20241029;100622;46.88;50;11352260759;B
20241029;100623;46.85;4260;11352260884;S
20241029;100623;46.84;740;11352260885;S
20241029;100623;46.86;10;11352260889;B
20241029;100623;46.86;160;11352261055;B
20241029;100624;46.85;4260;11352261161;S
20241029;100624;46.85;740;11352261162;S
20241029;100626;46.86;1000;11352261517;B
20241029;100626;46.86;10;11352261527;B
20241029;100626;46.86;150;11352261545;B
20241029;100629;46.84;4260;11352262652;S
20241029;100629;46.84;10;11352262727;B
20241029;100630;46.84;250;11352262766;B
20241029;100630;46.84;250;11352262886;B
20241029;100631;46.83;70;11352263091;S
20241029;100631;46.84;10;11352263207;B
20241029;100631;46.84;20;11352263228;B
20241029;100631;46.84;30;11352263289;B
20241029;100631;46.84;20;11352263362;B
20241029;100632;46.84;150;11352263366;B
20241029;100632;46.85;730;11352263367;B
20241029;100633;46.85;110;11352263718;B
20241029;100635;46.86;20;11352264110;B
20241029;100635;46.86;3650;11352264340;B
20241029;100635;46.87;20;11352264341;B
20241029;100635;46.87;670;11352264342;B
20241029;100635;46.87;90;11352264343;B
20241029;100635;46.88;670;11352264344;B
20241029;100635;46.88;1670;11352264345;B
20241029;100635;46.89;530;11352264346;B
20241029;100635;46.89;200;11352264347;B
20241029;100635;46.89;500;11352264348;B
20241029;100635;46.89;880;11352264349;B
20241029;100635;46.89;500;11352264350;B
20241029;100635;46.9;10000;11352264351;B
20241029;100635;46.92;10;11352264352;B
20241029;100635;46.92;1000;11352264353;B
20241029;100635;46.92;1610;11352264354;B
20241029;100636;46.93;50;11352264561;B
20241029;100637;46.93;50;11352264760;B
20241029;100637;46.93;2000;11352264764;B
20241029;100637;46.9;600;11352264765;S
20241029;100637;46.91;10;11352264823;S
20241029;100637;46.93;170;11352264906;B
20241029;100637;46.94;70;11352264907;B
20241029;100637;46.95;10;11352264908;B
20241029;100638;46.95;10;11352265018;B
20241029;100638;46.95;990;11352265019;B
20241029;100640;46.94;10;11352265392;B
20241029;100641;46.95;10;11352265714;B
20241029;100641;46.95;490;11352265715;B
20241029;100646;46.95;510;11352266754;B
20241029;100646;46.95;590;11352266755;B
20241029;100646;46.95;60;11352266756;B
20241029;100646;46.95;300;11352266757;B
20241029;100646;46.95;300;11352266759;S
20241029;100647;46.97;1040;11352266973;B
20241029;100647;46.97;30;11352267032;B
20241029;100647;46.97;3930;11352267161;B
20241029;100647;46.97;210;11352267162;B
20241029;100647;46.98;4260;11352267163;B
20241029;100647;46.98;640;11352267164;B
20241029;100647;46.98;490;11352267165;B
20241029;100647;46.98;50;11352267166;B
20241029;100647;46.98;880;11352267167;B
20241029;100647;46.99;10;11352267168;B
20241029;100647;46.99;650;11352267169;B
20241029;100647;47;200;11352267170;B
20241029;100647;47.01;500;11352267171;B
20241029;100647;47.01;970;11352267172;B
20241029;100647;47.02;10000;11352267173;B
20241029;100647;47.02;5210;11352267174;B
20241029;100648;47.01;4250;11352267240;B
20241029;100648;47.01;750;11352267241;B
20241029;100649;47;40;11352267751;B
20241029;100649;47;880;11352267752;B
20241029;100649;47;10;11352267753;B
20241029;100649;47.02;4070;11352267754;B
20241029;100650;46.96;70;11352267763;S
20241029;100650;46.96;10;11352267828;S
20241029;100652;46.96;50;11352268344;S
20241029;100654;46.98;20;11352268670;B
20241029;100655;46.97;400;11352268896;B
20241029;100655;46.98;720;11352268897;B
20241029;100655;46.99;30;11352268898;B
20241029;100655;47;100;11352268899;B
20241029;100655;47;720;11352268900;B
20241029;100655;47.01;880;11352268901;B
20241029;100655;47.02;3350;11352268902;B
20241029;100657;46.97;140;11352269267;S
20241029;100658;47.01;10;11352269569;B
20241029;100658;47.01;10;11352269580;B
20241029;100658;47.02;30;11352269581;B
20241029;100658;47.03;3960;11352269582;B
20241029;100658;46.99;100;11352269583;S
20241029;100700;46.99;40;11352269847;S
20241029;100703;46.99;100;11352270460;S
20241029;100704;47;90;11352270787;S
20241029;100705;47;910;11352271037;S
20241029;100705;47;10;11352271038;S
20241029;100706;46.99;200;11352271211;S
20241029;100706;47.01;10;11352271255;B
20241029;100707;47.01;50;11352271352;B
20241029;100707;47.01;100;11352271388;B
20241029;100709;47;10;11352271819;B
20241029;100710;46.99;20;11352272009;S
20241029;100710;47;40;11352272075;B
20241029;100710;47;180;11352272076;B
20241029;100710;46.99;280;11352272086;S
20241029;100710;46.98;1620;11352272087;S
20241029;100710;46.98;220;11352272088;S
20241029;100711;47.01;50;11352272219;B
20241029;100713;47;10;11352272614;S
20241029;100713;47;10;11352272615;S
20241029;100713;47.01;30;11352272680;B
20241029;100714;46.98;280;11352273058;S
20241029;100714;46.98;720;11352273059;S
20241029;100715;47;50;11352273227;B
20241029;100715;47.01;10;11352273253;B
20241029;100715;47.01;50;11352273257;B
20241029;100715;47.01;10;11352273289;B
20241029;100717;47.01;570;11352273928;B
20241029;100717;47.01;10;11352273929;B
20241029;100717;47.01;1420;11352273930;S
20241029;100722;47.01;500;11352275006;S
20241029;100722;47.01;30;11352275007;S
20241029;100722;47.01;470;11352275008;S
20241029;100724;47.02;250;11352275352;B
20241029;100724;47.01;50;11352275400;S
20241029;100724;47.02;50;11352275436;B
20241029;100726;47.01;40;11352275911;S
20241029;100729;47.02;100;11352276569;B
20241029;100729;47.03;290;11352276570;B
20241029;100729;47.03;220;11352276571;B
20241029;100729;47.04;20;11352276572;B
20241029;100729;47.04;220;11352276573;B
20241029;100729;47.06;210;11352276574;B
20241029;100729;47.02;2000;11352276579;S
20241029;100729;47.02;4230;11352276642;S
20241029;100729;47.01;2600;11352276643;S
20241029;100729;47.01;10;11352276644;S
20241029;100729;47.01;10;11352276645;S
20241029;100729;47.01;500;11352276646;S
20241029;100729;47.01;450;11352276647;S
20241029;100729;47;10;11352276648;S
20241029;100729;47;50;11352276649;S
20241029;100729;47;100;11352276650;S
20241029;100730;46.99;4300;11352276744;S
20241029;100730;46.98;500;11352276776;S
20241029;100730;46.98;450;11352276777;S
20241029;100730;46.98;3780;11352276846;S
20241029;100730;46.98;4230;11352276854;S
20241029;100730;46.97;10;11352276858;S
20241029;100730;46.96;10;11352276864;S
20241029;100730;46.96;10640;11352276865;S
20241029;100730;46.96;10;11352276880;S
20241029;100730;46.95;50;11352276881;S
20241029;100730;46.95;10;11352276882;S
20241029;100730;46.94;1000;11352276883;S
20241029;100730;46.94;10;11352276884;S
20241029;100730;46.94;680;11352276885;S
20241029;100730;46.95;1760;11352276896;S
20241029;100730;46.93;1760;11352276910;S
20241029;100730;46.94;5660;11352276913;S
20241029;100730;46.91;10;11352276936;S
20241029;100730;46.92;460;11352276944;S
20241029;100730;46.9;5000;11352276973;S
20241029;100730;46.9;20;11352276974;S
20241029;100730;46.9;10;11352276975;S
20241029;100730;46.89;90;11352277087;B
20241029;100730;46.9;1410;11352277088;B
20241029;100731;46.89;40;11352277241;B
20241029;100731;46.9;200;11352277392;B
20241029;100731;46.91;10;11352277398;B
20241029;100731;46.93;1230;11352277399;B
20241029;100732;46.94;50;11352277492;B
20241029;100732;46.94;10;11352277546;B
20241029;100737;46.93;100;11352278944;B
20241029;100737;46.9;10;11352279152;S
20241029;100739;46.91;20;11352279808;B
20241029;100740;46.88;340;11352279932;S
20241029;100740;46.87;520;11352279933;S
20241029;100741;46.9;10;11352280237;B
20241029;100741;46.92;10;11352280275;B
20241029;100741;46.92;10;11352280452;B
20241029;100741;46.92;20;11352280453;B
20241029;100741;46.92;20;11352280454;B
20241029;100741;46.92;20;11352280455;B
20241029;100741;46.92;20;11352280456;B
20241029;100741;46.92;20;11352280457;B
20241029;100741;46.92;80;11352280458;B
20241029;100741;46.95;30;11352280459;B
20241029;100743;46.92;10;11352280794;B
20241029;100744;46.9;100;11352281087;S
20241029;100744;46.89;10;11352281088;S
20241029;100744;46.88;440;11352281313;S
20241029;100746;46.92;70;11352281646;B
20241029;100747;46.92;100;11352281828;B
20241029;100747;46.92;240;11352281930;B
20241029;100747;46.92;10;11352282041;B
20241029;100751;46.92;70;11352282804;B
20241029;100751;46.92;430;11352282805;B
20241029;100752;46.9;10;11352282945;S
20241029;100752;46.9;50;11352282946;S
20241029;100753;46.91;1000;11352283201;B
20241029;100753;46.91;420;11352283202;B
20241029;100753;46.91;50;11352283203;B
20241029;100753;46.92;290;11352283204;B
20241029;100753;46.93;460;11352283205;B
20241029;100753;46.94;720;11352283206;B
20241029;100753;46.94;60;11352283207;B
20241029;100753;46.94;40;11352283365;B
20241029;100753;46.95;40;11352283366;B
20241029;100755;46.91;2080;11352283803;S
20241029;100755;46.94;340;11352283828;B
20241029;100755;46.9;30;11352283929;S
20241029;100756;46.94;30;11352283946;B
20241029;100757;46.9;320;11352284395;S
20241029;100759;46.92;10;11352284819;B
20241029;100759;46.93;40;11352284820;B
20241029;100759;46.94;250;11352284821;B
20241029;100759;46.94;10;11352284847;B
20241029;100801;46.94;50;11352285325;B
20241029;100801;46.94;40;11352285402;B
20241029;100801;46.94;10;11352285403;B
20241029;100803;46.95;40;11352285830;B
20241029;100803;46.95;10;11352285912;B
20241029;100807;46.95;50;11352286705;B
20241029;100808;46.91;50;11352286888;S
20241029;100808;46.91;160;11352286889;S
20241029;100808;46.91;880;11352286890;S
20241029;100808;46.9;540;11352286891;S
20241029;100808;46.9;30;11352286943;S
20241029;100809;46.94;60;11352287020;B
20241029;100809;46.95;10;11352287021;B
20241029;100809;46.96;650;11352287022;B
20241029;100811;46.95;10;11352287506;B
20241029;100812;46.95;10;11352287850;B
20241029;100812;46.91;500;11352288034;S
20241029;100812;46.9;1220;11352288035;S
20241029;100813;46.94;290;11352288177;B
20241029;100813;46.95;710;11352288178;B
20241029;100813;46.95;50;11352288179;B
20241029;100813;46.95;200;11352288180;B
20241029;100814;46.95;10;11352288449;B
20241029;100814;46.94;100;11352288516;B
20241029;100815;46.9;20;11352288745;S
20241029;100817;46.9;2000;11352289021;S
20241029;100817;46.9;360;11352289077;S
20241029;100819;46.92;180;11352289394;B
20241029;100819;46.9;90;11352289407;S
20241029;100820;46.9;390;11352289773;S
20241029;100820;46.9;10;11352289774;S
20241029;100820;46.92;50;11352289775;B
20241029;100821;46.91;10;11352289811;S
20241029;100821;46.92;10;11352289851;B
20241029;100821;46.92;50;11352289886;B
20241029;100822;46.88;290;11352290126;S
20241029;100822;46.88;230;11352290127;S
20241029;100822;46.87;480;11352290128;S
20241029;100822;46.92;130;11352290178;B
20241029;100823;46.92;50;11352290432;B
20241029;100824;46.92;10;11352290510;B
20241029;100824;46.87;3260;11352290601;S
20241029;100824;46.87;40;11352290602;S
20241029;100824;46.86;250;11352290603;S
20241029;100824;46.86;10;11352290604;S
20241029;100824;46.86;880;11352290605;S
20241029;100824;46.86;110;11352290606;S
20241029;100824;46.85;140;11352290607;S
20241029;100824;46.85;250;11352290608;S
20241029;100824;46.85;10;11352290609;S
20241029;100824;46.85;2000;11352290610;S
20241029;100824;46.85;960;11352290611;S
20241029;100824;46.85;300;11352290612;S
20241029;100824;46.85;460;11352290613;S
20241029;100824;46.85;50;11352290614;S
20241029;100824;46.84;10;11352290615;S
20241029;100824;46.84;10;11352290616;S
20241029;100824;46.84;1260;11352290617;S
20241029;100825;46.89;10;11352290724;B
20241029;100826;46.85;10;11352290949;S
20241029;100826;46.9;10;11352291005;B
20241029;100829;46.9;10;11352291534;B
20241029;100830;46.9;40;11352292007;B
20241029;100830;46.91;10;11352292008;B
20241029;100830;46.9;30;11352292042;S
20241029;100834;46.9;30;11352293248;B
20241029;100836;46.9;10;11352293935;B
20241029;100836;46.89;10;11352293962;B
20241029;100836;46.89;100;11352293988;B
20241029;100837;46.89;10;11352294120;B
20241029;100838;46.89;2880;11352294341;B
20241029;100838;46.89;700;11352294342;B
20241029;100838;46.89;20;11352294343;B
20241029;100838;46.9;340;11352294344;B
20241029;100838;46.91;460;11352294345;B
20241029;100838;46.91;320;11352294346;B
20241029;100838;46.91;500;11352294347;B
20241029;100838;46.92;260;11352294348;B
20241029;100838;46.93;30;11352294349;B
20241029;100838;46.93;1000;11352294350;B
20241029;100838;46.93;7340;11352294351;B
20241029;100838;46.93;4230;11352294352;B
20241029;100838;46.93;880;11352294353;B
20241029;100838;46.94;740;11352294354;B
20241029;100838;46.94;4260;11352294355;B
20241029;100838;46.95;10000;11352294356;B
20241029;100838;46.95;5000;11352294357;B
20241029;100838;46.96;2150;11352294358;B
20241029;100838;46.97;80;11352294359;B
20241029;100838;46.98;10000;11352294360;B
20241029;100838;47;720;11352294361;B
20241029;100838;47;19120;11352294363;S
20241029;100838;47;28970;11352294364;S
20241029;100838;47.02;4690;11352294365;B
20241029;100838;47;400;11352294366;S
20241029;100838;47;480;11352294367;S
20241029;100838;47;1520;11352294368;S
20241029;100838;47;3170;11352294369;S
20241029;100838;47;1830;11352294372;B
20241029;100838;47;170;11352294373;B
20241029;100838;46.99;500;11352294376;B
20241029;100838;46.99;1500;11352294377;B
20241029;100838;46.96;190;11352294378;S
20241029;100838;46.93;20;11352294441;S
20241029;100839;46.92;800;11352294708;S
20241029;100839;46.91;880;11352294709;S
20241029;100839;46.91;80;11352294712;B
20241029;100839;46.89;500;11352294713;S
20241029;100839;46.89;880;11352294714;S
20241029;100840;46.9;2000;11352294953;B
20241029;100842;46.9;80;11352295577;B
20241029;100842;46.9;720;11352295578;B
20241029;100842;46.9;20;11352295579;B
20241029;100845;46.91;800;11352296194;B
20241029;100846;46.91;10;11352296317;B
20241029;100847;46.91;10;11352296569;B
20241029;100847;46.9;10;11352296641;S
20241029;100847;46.9;880;11352296642;S
20241029;100848;46.89;800;11352297117;S
20241029;100849;46.9;10;11352297294;B
20241029;100850;46.9;50;11352297545;B
20241029;100851;46.87;530;11352297985;S
20241029;100851;46.88;100;11352298052;B
20241029;100851;46.87;230;11352298113;B
20241029;100851;46.89;710;11352298183;S
20241029;100851;46.89;170;11352298184;S
20241029;100851;46.88;880;11352298199;S
20241029;100851;46.88;180;11352298209;B
20241029;100851;46.88;620;11352298210;S
20241029;100851;46.88;260;11352298211;S
20241029;100853;46.88;150;11352298792;B
20241029;100853;46.89;580;11352298793;B
20241029;100853;46.89;1140;11352298794;B
20241029;100853;46.9;680;11352298795;B
20241029;100853;46.9;450;11352298796;B
20241029;100853;46.91;100;11352298861;B
20241029;100854;46.9;120;11352299047;B
20241029;100855;46.9;1880;11352299304;S
20241029;100855;46.9;880;11352299305;S
20241029;100855;46.9;10;11352299322;B
20241029;100856;46.88;210;11352299418;S
20241029;100856;46.88;50;11352299464;S
20241029;100856;46.9;330;11352299499;B
20241029;100856;46.9;130;11352299500;B
20241029;100856;46.9;540;11352299501;S
20241029;100857;46.87;60;11352299769;S
20241029;100857;46.87;880;11352299770;S
20241029;100857;46.86;10;11352299771;S
20241029;100857;46.87;50;11352299852;S
20241029;100857;46.87;830;11352300048;S
20241029;100857;46.86;120;11352300049;S
20241029;100857;46.86;50;11352300125;S
20241029;100857;46.86;250;11352300126;S
20241029;100857;46.88;50;11352300319;B
20241029;100859;46.85;500;11352300720;S
20241029;100859;46.84;250;11352300736;S
20241029;100859;46.84;800;11352300768;S
20241029;100859;46.83;10;11352300769;S
20241029;100859;46.83;1000;11352300770;S
20241029;100859;46.84;100;11352300771;B
20241029;100859;46.84;120;11352300909;B
20241029;100859;46.86;30;11352300910;B
20241029;100900;46.85;100;11352301019;B
20241029;100902;46.86;50;11352301547;B
20241029;100903;46.86;110;11352301758;B
20241029;100904;46.86;320;11352301886;B
20241029;100904;46.86;750;11352301887;B
20241029;100904;46.86;160;11352301888;B
20241029;100904;46.88;740;11352302201;S
20241029;100904;46.89;20;11352302204;B
20241029;100906;46.88;40;11352302526;S
20241029;100907;46.88;20;11352302820;S
20241029;100907;46.87;10;11352302821;S
20241029;100907;46.87;880;11352302822;S
20241029;100907;46.87;90;11352302823;S
20241029;100908;46.88;10;11352303086;B
20241029;100910;46.87;740;11352303588;B
20241029;100913;46.86;400;11352304262;S
20241029;100913;46.87;740;11352304285;B
20241029;100913;46.87;60;11352304319;S
20241029;100913;46.86;150;11352304320;S
20241029;100914;46.88;130;11352304367;B
20241029;100914;46.89;620;11352304368;B
20241029;100914;46.86;40;11352304376;S
20241029;100914;46.86;70;11352304414;S
20241029;100914;46.88;20;11352304448;S
20241029;100916;46.88;620;11352305198;B
20241029;100918;46.86;400;11352305584;S
20241029;100919;46.87;240;11352305973;B
20241029;100919;46.88;10;11352305986;B
20241029;100920;46.86;310;11352306218;S
20241029;100926;46.86;30;11352307654;S
20241029;100927;46.86;70;11352307764;S
20241029;100929;46.87;10;11352308505;B
20241029;100930;46.86;300;11352308571;S
20241029;100934;46.87;10;11352309402;B
20241029;100935;46.86;7000;11352309760;S
20241029;100935;46.86;10;11352309761;S
20241029;100935;46.86;1000;11352309762;S
20241029;100935;46.86;880;11352309763;S
20241029;100935;46.85;40;11352309764;S
20241029;100935;46.85;10000;11352309765;S
20241029;100935;46.84;20;11352309769;S
20241029;100935;46.84;10;11352309770;S
20241029;100936;46.82;100;11352309990;S
20241029;100936;46.82;30;11352310044;S
20241029;100936;46.82;370;11352310080;S
20241029;100936;46.82;20;11352310081;S
20241029;100936;46.82;60;11352310082;S
20241029;100936;46.82;60;11352310197;S
20241029;100936;46.82;50;11352310245;S
20241029;100936;46.82;50;11352310311;S
20241029;100936;46.82;280;11352310315;S
20241029;100937;46.81;10;11352310479;S
20241029;100937;46.81;10;11352310480;S
20241029;100937;46.81;20;11352310481;S
20241029;100937;46.8;750;11352310482;S
20241029;100938;46.8;250;11352310660;S
20241029;100938;46.8;580;11352310661;S
20241029;100938;46.81;30;11352310957;B
20241029;100939;46.81;10;11352311152;B
20241029;100940;46.8;10;11352311215;S
20241029;100942;46.81;100;11352311951;B
20241029;100943;46.8;10;11352312071;S
20241029;100943;46.8;30;11352312105;S
20241029;100943;46.8;60;11352312182;S
20241029;100945;46.8;310;11352312811;S
20241029;100945;46.8;10;11352312812;S
20241029;100945;46.8;20;11352312813;S
20241029;100945;46.8;10;11352312814;S
20241029;100945;46.8;30;11352312815;S
20241029;100945;46.8;10;11352312816;S
20241029;100945;46.8;1120;11352312817;S
20241029;100949;46.81;30;11352313465;B
20241029;100952;46.8;500;11352314196;S
20241029;100953;46.81;10;11352314253;B
20241029;100953;46.81;10;11352314347;B
20241029;100954;46.8;40;11352314473;S
20241029;100956;46.81;730;11352314888;B
20241029;101000;46.8;70;11352316089;S
20241029;101001;46.81;100;11352316318;B
20241029;101001;46.81;120;11352316334;B
20241029;101001;46.81;10;11352316335;B
20241029;101001;46.81;360;11352316336;B
20241029;101004;46.86;10;11352316982;B
20241029;101005;46.83;440;11352317096;S
20241029;101005;46.83;60;11352317097;S
20241029;101006;46.83;10;11352317388;S
20241029;101010;46.86;10;11352318055;B
20241029;101010;46.86;290;11352318056;B
20241029;101013;46.88;50;11352318814;B
20241029;101013;46.88;240;11352318815;B
20241029;101014;46.87;190;11352318861;B
20241029;101014;46.89;120;11352318871;B
20241029;101014;46.89;20;11352318872;B
20241029;101014;46.9;260;11352318873;B
20241029;101014;46.88;150;11352318927;B
20241029;101015;46.9;10;11352319071;B
20241029;101015;46.91;50;11352319271;B
20241029;101017;46.9;60;11352319528;S
20241029;101017;46.91;1140;11352319552;B
20241029;101017;46.91;740;11352319553;B
20241029;101018;46.92;100;11352319760;B
20241029;101018;46.92;900;11352319904;B
20241029;101018;46.92;4260;11352319905;B
20241029;101018;46.92;4260;11352319906;B
20241029;101018;46.92;660;11352319907;B
20241029;101019;46.93;10;11352319951;B
20241029;101020;46.94;20;11352320101;B
20241029;101021;46.93;70;11352320416;S
20241029;101021;46.93;430;11352320419;S
20241029;101021;46.93;70;11352320420;S
20241029;101021;46.93;600;11352320421;S
20241029;101021;46.93;210;11352320422;S
20241029;101021;46.93;500;11352320423;S
20241029;101022;46.93;10;11352320479;B
20241029;101022;46.93;200;11352320508;B
20241029;101022;46.93;10;11352320612;B
20241029;101024;46.93;10;11352320986;B
20241029;101025;46.93;500;11352321180;B
20241029;101026;46.93;360;11352321307;B
20241029;101026;46.93;1400;11352321308;B
20241029;101026;46.93;300;11352321310;B
20241029;101026;46.93;100;11352321311;B
20241029;101028;46.94;160;11352321496;B
20241029;101031;46.94;500;11352322113;S
20241029;101031;46.94;880;11352322114;S
20241029;101031;46.93;500;11352322115;S
20241029;101031;46.93;3000;11352322116;S
20241029;101031;46.93;4230;11352322117;S
20241029;101031;46.93;240;11352322118;S
20241029;101031;46.92;30000;11352322119;S
20241029;101031;46.91;250;11352322120;S
20241029;101031;46.9;400;11352322121;S
20241029;101032;46.89;50;11352322509;S
20241029;101032;46.88;100;11352322510;S
20241029;101032;46.87;1360;11352322511;S
20241029;101034;46.89;40;11352322882;B
20241029;101034;46.9;40;11352322944;B
20241029;101035;46.89;10;11352323125;B
20241029;101035;46.91;100;11352323126;B
20241029;101036;46.91;20;11352323483;B
20241029;101037;46.91;110;11352323524;B
20241029;101037;46.92;50;11352323533;B
20241029;101038;46.92;50;11352323743;S
20241029;101038;46.92;50;11352323744;S
20241029;101040;46.93;10;11352324064;B
20241029;101043;46.94;30;11352324878;B
20241029;101046;46.93;10;11352325368;S
20241029;101054;46.93;10;11352326956;S
20241029;101054;46.93;10;11352327011;S
20241029;101058;46.94;10;11352327720;B
20241029;101058;46.94;10;11352327812;B
20241029;101058;46.94;10;11352327878;B
20241029;101059;46.94;10;11352327929;B
20241029;101103;46.94;20;11352328735;B
20241029;101110;46.93;860;11352330024;S
20241029;101110;46.93;100;11352330025;S
20241029;101110;46.93;400;11352330026;S
20241029;101110;46.93;130;11352330027;S
20241029;101110;46.93;340;11352330028;S
20241029;101110;46.93;10;11352330029;S
20241029;101110;46.93;70;11352330030;S
20241029;101110;46.93;10;11352330031;S
20241029;101110;46.92;100;11352330032;S
20241029;101110;46.92;130;11352330033;S
20241029;101110;46.92;80;11352330034;S
20241029;101110;46.92;340;11352330035;S
20241029;101110;46.91;1500;11352330036;S
20241029;101110;46.91;10;11352330037;S
20241029;101110;46.91;10;11352330038;S
20241029;101110;46.9;30000;11352330039;S
20241029;101110;46.9;10;11352330040;S
20241029;101110;46.9;930;11352330041;S
20241029;101110;46.9;20;11352330042;S
20241029;101110;46.89;3000;11352330043;S
20241029;101110;46.88;10000;11352330044;S
20241029;101110;46.88;1950;11352330045;S
20241029;101111;46.92;10;11352330230;B
20241029;101112;46.91;700;11352330462;B
20241029;101116;46.91;40;11352331023;B
20241029;101116;46.91;60;11352331024;B
20241029;101116;46.91;50;11352331030;B
20241029;101118;46.9;20;11352331503;B
20241029;101121;46.9;720;11352331784;B
20241029;101121;46.91;10;11352331785;B
20241029;101123;46.91;210;11352332035;B
20241029;101126;46.9;10;11352332504;B
20241029;101134;46.9;20;11352333792;B
20241029;101137;46.89;80;11352334135;S
20241029;101137;46.89;20;11352334136;S
20241029;101137;46.89;10;11352334141;S
20241029;101137;46.89;160;11352334216;S
20241029;101137;46.89;500;11352334217;S
20241029;101138;46.89;10;11352334286;B
20241029;101138;46.89;100;11352334288;B
20241029;101140;46.89;10;11352334518;B
20241029;101141;46.89;10;11352334751;B
20241029;101142;46.89;10;11352334879;B
20241029;101142;46.89;10;11352334880;B
20241029;101144;46.9;710;11352335267;B
20241029;101144;46.9;930;11352335268;B
20241029;101146;46.89;10;11352335545;S
20241029;101146;46.9;10;11352335567;B
20241029;101147;46.89;30;11352335810;S
20241029;101147;46.88;10;11352335811;S
20241029;101147;46.88;30;11352335812;S
20241029;101147;46.88;10;11352335813;S
20241029;101147;46.88;110;11352335814;S
20241029;101156;46.89;10;11352337177;B
20241029;101156;46.87;10;11352337205;S
20241029;101156;46.87;130;11352337206;S
20241029;101156;46.87;50;11352337207;S
20241029;101156;46.87;190;11352337208;S
20241029;101156;46.87;190;11352337210;S
20241029;101204;46.89;10;11352338366;B
20241029;101204;46.88;10;11352338427;S
20241029;101204;46.88;180;11352338428;S
20241029;101212;46.88;340;11352340014;S
20241029;101212;46.88;880;11352340015;S
20241029;101212;46.87;3880;11352340016;S
20241029;101212;46.87;30;11352340017;S
20241029;101212;46.87;50;11352340018;S
20241029;101212;46.87;340;11352340019;S
20241029;101212;46.86;10;11352340020;S
20241029;101212;46.86;10;11352340021;S
20241029;101212;46.86;500;11352340022;S
20241029;101212;46.86;10;11352340023;S
20241029;101212;46.85;15120;11352340024;S
20241029;101218;46.88;100;11352340798;B
20241029;101218;46.88;400;11352340799;B
20241029;101220;46.88;110;11352341107;B
20241029;101231;46.88;220;11352342674;S
20241029;101231;46.89;30;11352342728;B
20241029;101235;46.89;310;11352343207;B
20241029;101235;46.9;9060;11352343208;B
20241029;101235;46.9;90;11352343209;B
20241029;101235;46.92;740;11352343211;B
20241029;101235;46.93;500;11352343212;B
20241029;101236;46.91;50;11352343388;S
20241029;101238;46.88;10;11352343734;S
20241029;101238;46.9;120;11352343839;B
20241029;101238;46.9;30;11352343840;B
20241029;101240;46.9;60;11352344043;B
20241029;101240;46.91;70;11352344044;B
20241029;101240;46.92;60;11352344045;B
20241029;101241;46.92;10;11352344253;B
20241029;101243;46.93;10;11352344581;B
20241029;101246;46.91;500;11352344946;S
20241029;101246;46.91;10;11352344947;S
20241029;101246;46.9;500;11352344948;S
20241029;101246;46.9;880;11352344949;S
20241029;101247;46.9;1110;11352345099;B
20241029;101247;46.91;50;11352345100;B
20241029;101248;46.94;10;11352345252;B
20241029;101252;46.94;10;11352345733;B
20241029;101257;46.94;50;11352346418;B
20241029;101257;46.94;40;11352346427;B
20241029;101257;46.94;1000;11352346477;B
20241029;101259;46.94;500;11352346639;B
20241029;101300;46.94;50;11352346796;B
20241029;101300;46.94;50;11352346821;B
20241029;101301;46.94;10;11352346979;B
20241029;101302;46.94;10;11352347032;B
20241029;101305;46.94;260;11352347632;B
20241029;101305;46.94;250;11352347633;B
20241029;101305;46.94;690;11352347634;B
20241029;101306;46.94;10;11352347877;B
20241029;101306;46.94;40;11352347878;B
20241029;101309;46.94;10;11352348330;B
20241029;101309;46.96;40;11352348331;B
20241029;101311;46.93;10;11352348656;S
20241029;101312;46.97;100;11352348871;B
20241029;101312;46.98;40;11352348872;B
20241029;101312;46.99;60;11352348873;B
20241029;101314;46.95;390;11352349045;S
20241029;101314;46.95;10;11352349046;S
20241029;101314;46.95;400;11352349047;S
20241029;101315;46.99;20;11352349261;B
20241029;101318;46.99;20;11352349731;B
20241029;101319;46.95;10;11352349824;S
20241029;101319;46.99;20;11352349891;B
20241029;101319;46.99;50;11352349917;B
20241029;101324;46.96;400;11352350833;B
20241029;101326;46.98;10;11352351416;B
20241029;101328;46.96;10;11352351691;S
20241029;101328;46.95;180;11352351692;S
20241029;101328;46.95;460;11352351921;B
20241029;101329;46.98;10;11352351947;B
20241029;101330;46.98;70;11352352284;B
20241029;101331;46.98;10;11352352531;B
20241029;101332;46.95;150;11352352663;S
20241029;101332;46.95;20;11352352664;S
20241029;101332;46.94;10;11352352665;S
20241029;101332;46.94;20;11352352666;S
20241029;101332;46.94;10;11352352667;S
20241029;101332;46.94;10;11352352668;S
20241029;101332;46.94;280;11352352669;S
20241029;101333;46.94;30;11352352825;S
20241029;101334;46.95;50;11352353205;B
20241029;101335;46.98;80;11352353237;B
20241029;101335;46.98;10;11352353266;B
20241029;101335;46.98;3000;11352353272;B
20241029;101337;46.95;90;11352353695;S
20241029;101340;46.95;210;11352354196;S
20241029;101342;46.96;10;11352354638;B
20241029;101342;46.95;10;11352354768;S
20241029;101342;46.95;740;11352354872;S
20241029;101343;46.96;40;11352354929;B
20241029;101343;46.97;230;11352354930;B
20241029;101343;46.98;100;11352354931;B
20241029;101343;46.98;230;11352354932;B
20241029;101343;46.98;600;11352354933;B
20241029;101343;46.98;880;11352354934;B
20241029;101343;46.99;1000;11352354935;B
20241029;101343;47;1920;11352354936;B
20241029;101343;46.98;100;11352355005;S
20241029;101343;46.98;400;11352355031;S
20241029;101343;46.97;10;11352355032;S
20241029;101349;46.96;200;11352356100;B
20241029;101349;46.98;350;11352356101;B
20241029;101349;46.98;30;11352356102;B
20241029;101349;46.99;420;11352356103;B
20241029;101350;46.96;50;11352356347;B
20241029;101353;46.99;50;11352356850;B
20241029;101354;46.99;230;11352356929;B
20241029;101354;46.97;1070;11352357191;B
20241029;101355;47;10;11352357274;B
20241029;101355;47;20;11352357275;B
20241029;101355;47;140;11352357276;B
20241029;101358;47;40;11352357802;B
20241029;101359;47;840;11352358002;B
20241029;101359;47.01;20;11352358003;B
20241029;101359;47.01;140;11352358004;B
20241029;101359;47.01;2000;11352358136;B
20241029;101402;47.01;70;11352358500;B
20241029;101403;47.01;100;11352358793;B
20241029;101404;47;20;11352358902;S
20241029;101404;46.98;30;11352358903;S
20241029;101405;47.01;1940;11352359017;B
20241029;101405;47.02;3110;11352359018;B
20241029;101409;46.97;50;11352359605;S
20241029;101409;47.01;10;11352359690;B
20241029;101410;47.01;20;11352359912;B
20241029;101411;47.01;50;11352359918;B
20241029;101412;46.98;50;11352360110;S
20241029;101413;47.01;10;11352360348;B
20241029;101414;47;10;11352360821;S
20241029;101414;46.98;40;11352360822;S
20241029;101414;47.01;200;11352361159;B
20241029;101414;47.01;1500;11352361191;B
20241029;101415;47.01;70;11352361258;B
20241029;101415;47.01;20;11352361358;B
20241029;101415;46.98;60;11352361414;S
20241029;101416;46.98;50;11352361476;S
20241029;101416;47.01;20;11352361511;B
20241029;101416;47.01;560;11352361512;B
20241029;101416;47.01;420;11352361513;B
20241029;101416;46.98;50;11352361530;S
20241029;101416;47.02;270;11352361639;B
20241029;101417;47.02;210;11352361749;B
20241029;101418;46.98;530;11352361984;S
20241029;101418;46.98;110;11352362052;S
20241029;101419;47.01;10;11352362380;B
20241029;101420;46.98;400;11352362465;S
20241029;101422;46.97;100;11352362963;S
20241029;101422;46.97;310;11352362992;S
20241029;101422;46.97;40;11352362993;S
20241029;101422;46.95;120;11352363198;S
20241029;101422;46.95;10;11352363199;S
20241029;101422;46.95;30;11352363200;S
20241029;101422;46.94;10;11352363221;S
20241029;101422;46.94;10;11352363222;S
20241029;101422;46.93;620;11352363223;S
20241029;101422;46.93;390;11352363342;S
20241029;101422;46.93;30;11352363343;S
20241029;101422;46.93;140;11352363344;S
20241029;101423;46.94;10;11352363695;B
20241029;101425;46.92;10;11352364093;B
20241029;101427;46.91;50;11352364556;B
20241029;101427;46.91;10;11352364577;B
20241029;101428;46.91;20;11352364670;B
20241029;101430;46.91;310;11352365159;B
20241029;101430;46.91;190;11352365160;B
20241029;101430;46.91;1350;11352365161;B
20241029;101430;46.91;800;11352365162;B
20241029;101430;46.92;1180;11352365163;B
20241029;101430;46.92;500;11352365164;B
20241029;101430;46.93;1000;11352365165;B
20241029;101430;46.93;30;11352365166;B
20241029;101430;46.94;880;11352365167;B
20241029;101430;46.96;100;11352365168;B
20241029;101431;46.96;10;11352365348;B
20241029;101431;46.92;210;11352365398;S
20241029;101432;46.91;160;11352365745;S
20241029;101433;46.96;800;11352365898;B
20241029;101436;46.95;30;11352366529;B
20241029;101438;46.94;30;11352366816;B
20241029;101439;46.94;60;11352366895;B
20241029;101439;46.94;410;11352367094;B
20241029;101439;46.94;230;11352367095;B
20241029;101439;46.95;300;11352367096;B
20241029;101441;46.95;1000;11352367269;S
20241029;101444;46.94;30;11352367810;B
20241029;101446;46.94;470;11352368202;B
20241029;101446;46.94;490;11352368203;B
20241029;101446;46.95;40;11352368204;B
20241029;101447;46.95;460;11352368279;B
20241029;101447;46.95;20;11352368280;B
20241029;101447;46.95;40;11352368281;B
20241029;101447;46.96;480;11352368282;B
20241029;101451;46.95;10;11352368937;B
20241029;101452;46.91;320;11352369186;S
20241029;101452;46.91;10;11352369187;S
20241029;101452;46.91;1000;11352369188;S
20241029;101452;46.91;20;11352369189;S
20241029;101452;46.91;880;11352369190;S
20241029;101452;46.91;40;11352369191;S
20241029;101452;46.91;350;11352369192;S
20241029;101452;46.9;28890;11352369193;S
20241029;101452;46.9;360;11352369194;S
20241029;101452;46.9;110;11352369195;S
20241029;101452;46.89;470;11352369196;S
20241029;101452;46.88;40;11352369197;S
20241029;101452;46.88;10;11352369198;S
20241029;101452;46.88;1250;11352369199;S
20241029;101452;46.88;10000;11352369200;S
20241029;101452;46.88;4260;11352369201;S
20241029;101452;46.86;10;11352369202;S
20241029;101452;46.86;20;11352369203;S
20241029;101452;46.86;10;11352369204;S
20241029;101452;46.86;2220;11352369205;S
20241029;101454;46.9;10;11352369453;S
20241029;101459;46.91;20;11352370289;B
20241029;101459;46.9;340;11352370356;S
20241029;101500;46.91;130;11352370577;B
20241029;101501;46.91;10;11352370863;B
20241029;101502;46.91;10;11352371278;B
20241029;101503;46.91;10;11352371348;B
20241029;101504;46.91;10;11352371821;B
20241029;101504;46.91;10;11352372127;B
20241029;101505;46.9;150;11352372454;S
20241029;101505;46.9;220;11352372455;S
20241029;101509;46.87;10;11352374032;B
20241029;101510;46.87;90;11352374349;B
20241029;101510;46.86;400;11352374450;S
20241029;101510;46.86;400;11352374487;S
20241029;101512;46.87;10;11352375125;B
20241029;101512;46.87;10;11352375220;B
20241029;101512;46.87;10;11352375401;B
20241029;101513;46.87;10;11352375548;B
20241029;101513;46.87;20;11352375586;B
20241029;101514;46.87;10;11352375980;B
20241029;101514;46.87;10;11352376225;B
20241029;101515;46.87;10;11352376466;B
20241029;101516;46.86;10;11352377111;S
20241029;101517;46.87;310;11352377520;B
20241029;101517;46.87;10;11352377521;B
20241029;101517;46.87;680;11352377522;B
20241029;101518;46.87;10;11352377587;B
20241029;101519;46.86;10;11352378089;S
20241029;101519;46.86;370;11352378090;S
20241029;101519;46.86;90;11352378091;S
20241029;101519;46.86;20;11352378092;S
20241029;101519;46.86;70;11352378093;S
20241029;101519;46.86;100;11352378094;S
20241029;101519;46.86;110;11352378095;S
20241029;101519;46.86;10;11352378096;S
20241029;101519;46.86;110;11352378097;S
20241029;101519;46.85;14880;11352378098;S
20241029;101519;46.85;20;11352378099;S
20241029;101519;46.85;10;11352378100;S
20241029;101519;46.84;10;11352378103;S
20241029;101519;46.84;10;11352378104;S
20241029;101520;46.83;60;11352378373;B
20241029;101520;46.83;10;11352378449;B
20241029;101520;46.82;100;11352378598;S
20241029;101520;46.82;750;11352378599;S
20241029;101521;46.83;10;11352378765;B
20241029;101522;46.82;300;11352378853;S
20241029;101522;46.83;10;11352378870;B
20241029;101522;46.83;10;11352379094;B
20241029;101522;46.83;10;11352379136;B
20241029;101523;46.82;500;11352379254;S
20241029;101524;46.82;10;11352379613;B
20241029;101524;46.81;10;11352379765;S
20241029;101524;46.81;490;11352379766;S
20241029;101524;46.81;510;11352379903;S
20241029;101524;46.81;1490;11352379904;S
20241029;101524;46.81;500;11352379923;S
20241029;101524;46.82;10;11352379960;B
20241029;101524;46.81;500;11352379992;S
20241029;101526;46.81;1000;11352380563;S
20241029;101527;46.82;10;11352381004;B
20241029;101529;46.82;30;11352381566;B
20241029;101529;46.82;150;11352381567;B
20241029;101529;46.81;10;11352381627;B
20241029;101529;46.81;10;11352381833;B
20241029;101529;46.81;590;11352381837;B
20241029;101530;46.82;200;11352381949;B
20241029;101530;46.81;1000;11352382275;B
20241029;101535;46.83;10;11352383646;B
20241029;101536;46.82;20;11352383908;S
20241029;101536;46.81;90;11352383909;S
20241029;101536;46.81;60;11352384188;B
20241029;101537;46.83;10;11352384474;B
20241029;101539;46.83;30;11352385090;B
20241029;101540;46.83;20;11352385555;B
20241029;101541;46.83;10;11352385708;B
20241029;101541;46.83;10;11352385759;B
20241029;101542;46.83;10;11352385930;B
20241029;101545;46.83;640;11352386901;B
20241029;101545;46.84;360;11352386902;B
20241029;101549;46.84;3000;11352388093;B
20241029;101551;46.85;600;11352388671;B
20241029;101551;46.85;8600;11352388672;B
20241029;101551;46.87;490;11352388674;B
20241029;101551;46.87;250;11352388675;B
20241029;101551;46.87;10;11352388678;B
20241029;101555;46.85;40;11352389499;S
20241029;101555;46.84;60;11352389708;B
20241029;101555;46.84;60;11352389709;B
20241029;101555;46.84;70;11352389710;S
20241029;101557;46.84;10;11352390132;S
20241029;101558;46.88;170;11352390391;B
20241029;101604;46.88;570;11352391723;B
20241029;101604;46.88;430;11352391724;B
20241029;101605;46.88;10;11352392238;B
20241029;101605;46.88;560;11352392239;B
20241029;101608;46.91;10;11352392930;B
20241029;101610;46.9;1000;11352393540;B
20241029;101610;46.92;4260;11352393565;B
20241029;101610;46.92;1000;11352393566;B
20241029;101610;46.92;10;11352393567;B
20241029;101610;46.93;880;11352393568;B
20241029;101610;46.93;2500;11352393569;B
20241029;101610;46.94;500;11352393570;B
20241029;101610;46.94;5850;11352393571;B
20241029;101611;46.9;90;11352393610;S
20241029;101611;46.9;80;11352393611;S
20241029;101611;46.93;100;11352393620;B
20241029;101615;46.93;100;11352394900;S
20241029;101615;46.93;60;11352394962;S
20241029;101615;46.94;1550;11352394963;B
20241029;101615;46.94;50;11352394985;B
20241029;101615;46.94;2660;11352395126;B
20241029;101615;46.95;240;11352395127;B
20241029;101615;46.95;60;11352395128;B
20241029;101615;46.95;30;11352395129;B
20241029;101615;46.95;190;11352395130;B
20241029;101615;46.95;290;11352395131;B
20241029;101615;46.95;290;11352395132;B
20241029;101615;46.95;710;11352395133;B
20241029;101615;46.95;230;11352395134;B
20241029;101615;46.96;40;11352395135;B
20241029;101615;46.97;5510;11352395136;B
20241029;101615;46.98;100;11352395137;B
20241029;101615;46.98;170;11352395138;B
20241029;101615;46.98;4480;11352395139;B
20241029;101616;46.98;500;11352395299;B
20241029;101616;46.98;20;11352395370;B
20241029;101616;46.99;240;11352395371;B
20241029;101616;46.99;240;11352395372;B
20241029;101616;46.99;40;11352395471;B
20241029;101616;46.99;280;11352395472;B
20241029;101616;46.99;60;11352395473;B
20241029;101616;46.99;120;11352395474;B
20241029;101616;46.99;70;11352395610;B
20241029;101616;46.99;20;11352395611;B
20241029;101616;46.99;410;11352395612;B
20241029;101616;46.99;300;11352395663;B
20241029;101616;46.99;200;11352395664;B
20241029;101616;46.99;30;11352395695;B
20241029;101616;46.99;470;11352395696;B
20241029;101617;46.99;500;11352395746;B
20241029;101617;46.99;500;11352395772;B
20241029;101617;46.99;500;11352395837;B
20241029;101617;46.99;500;11352395879;B
20241029;101617;46.99;760;11352395960;B
20241029;101617;46.99;500;11352396029;B
20241029;101618;46.99;10;11352396417;B
20241029;101619;46.99;510;11352396763;B
20241029;101619;47;330;11352396764;B
20241029;101619;47;330;11352396765;B
20241029;101619;47;3320;11352396766;B
20241029;101619;47;10;11352396767;B
20241029;101619;47.01;1070;11352396768;B
20241029;101619;47.02;2490;11352396769;B
20241029;101619;47.02;960;11352396770;B
20241029;101619;47.02;1000;11352396771;B
20241029;101619;47.02;1070;11352396772;B
20241029;101619;47.03;500;11352396773;B
20241029;101619;47.04;10;11352396774;B
20241029;101620;47.03;30;11352396945;S
20241029;101620;47.03;1000;11352397345;S
20241029;101621;47.04;50;11352397697;B
20241029;101621;47.04;20;11352397698;B
20241029;101621;47.04;280;11352397699;B
20241029;101621;47.04;230;11352397700;B
20241029;101621;47.04;180;11352397701;B
20241029;101621;47.04;280;11352397702;B
20241029;101621;47.04;710;11352397703;B
20241029;101621;47.04;10;11352397704;B
20241029;101621;47.04;10;11352397705;B
20241029;101621;47.04;200;11352397716;B
20241029;101621;47.04;1560;11352397717;B
20241029;101622;47.04;200;11352397991;S
20241029;101624;47.05;100;11352398538;S
20241029;101624;47.05;880;11352398539;S
20241029;101624;47.05;1020;11352398540;S
20241029;101624;47.08;10;11352398601;B
20241029;101624;47.08;140;11352398795;B
20241029;101624;47.09;60;11352398796;B
20241029;101625;47.08;800;11352398850;S
20241029;101626;47.09;1000;11352399452;B
20241029;101627;47.09;10;11352399528;B
20241029;101627;47.1;10;11352399743;B
20241029;101628;47.08;90;11352399827;S
20241029;101628;47.09;10;11352400119;B
20241029;101630;47.09;200;11352400468;B
20241029;101631;47.09;660;11352401315;B
20241029;101632;47.09;3580;11352401533;B
20241029;101632;47.1;2220;11352401534;B
20241029;101632;47.1;420;11352401535;B
20241029;101632;47.11;100;11352401536;B
20241029;101632;47.11;8680;11352401537;B
20241029;101633;47.08;10;11352401977;S
20241029;101636;47.09;100;11352402708;B
20241029;101637;47.09;30;11352403204;B
20241029;101638;47.1;210;11352403685;B
20241029;101639;47.1;50;11352403934;B
20241029;101641;47.1;500;11352404355;B
20241029;101643;47.1;50;11352404887;B
20241029;101643;47.08;10;11352405014;S
20241029;101643;47.07;170;11352405015;S
20241029;101644;47.1;90;11352405306;B
20241029;101648;47.1;20;11352406206;B
20241029;101648;47.1;220;11352406471;B
20241029;101652;47.1;3100;11352407358;B
20241029;101652;47.1;40;11352407359;B
20241029;101652;47.1;50;11352407360;B
20241029;101652;47.1;200;11352407361;B
20241029;101652;47.1;140;11352407362;B
20241029;101652;47.11;1940;11352407363;B
20241029;101652;47.11;880;11352407364;B
20241029;101652;47.11;930;11352407365;B
20241029;101652;47.12;2720;11352407366;B
20241029;101659;47.11;60;11352409485;B
20241029;101659;47.11;4180;11352409492;B
20241029;101659;47.12;820;11352409493;B
20241029;101659;47.1;10;11352409623;S
20241029;101700;47.11;4240;11352409930;B
20241029;101700;47.12;760;11352409931;B
20241029;101702;47.1;10910;11352410464;S
20241029;101702;47.11;1000;11352410564;B
20241029;101704;47.1;3000;11352410994;S
20241029;101704;47.11;1000;11352411369;B
20241029;101707;47.11;60;11352412135;B
20241029;101707;47.11;70;11352412136;B
20241029;101708;47.11;110;11352412389;B
20241029;101708;47.11;20;11352412390;B
20241029;101709;47.11;20;11352412811;B
20241029;101711;47.1;20;11352413381;S
20241029;101713;47.1;10;11352414023;S
20241029;101713;47.11;10;11352414024;B
20241029;101715;47.11;10;11352414525;B
20241029;101715;47.11;100;11352414669;B
20241029;101716;47.11;500;11352414971;B
20241029;101717;47.11;10;11352415384;B
20241029;101718;47.11;440;11352415634;B
20241029;101718;47.11;40;11352415635;B
20241029;101718;47.11;10;11352415636;B
20241029;101719;47.11;10;11352415733;B
20241029;101719;47.1;2000;11352415770;S
20241029;101719;47.1;500;11352415771;S
20241029;101720;47.11;10;11352416228;B
20241029;101722;47.11;40;11352416773;B
20241029;101722;47.11;20;11352416958;B
20241029;101722;47.11;20;11352416959;B
20241029;101722;47.11;30;11352416960;B
20241029;101723;47.11;10;11352417240;B
20241029;101725;47.11;10;11352417879;B
20241029;101726;47.1;50;11352418270;S
20241029;101728;47.11;10;11352418972;B
20241029;101730;47.1;10;11352419318;S
20241029;101733;47.11;260;11352420728;B
20241029;101733;47.11;50;11352420816;B
20241029;101734;47.11;10;11352420854;B
20241029;101735;47.11;10;11352421242;B
20241029;101737;47.11;350;11352421911;B
20241029;101737;47.11;50;11352421912;B
20241029;101737;47.11;60;11352421913;B
20241029;101737;47.11;1240;11352421914;S
20241029;101738;47.11;10;11352422571;B
20241029;101738;47.11;10;11352422585;B
20241029;101740;47.11;10;11352423210;B
20241029;101741;47.11;10;11352423225;B
20241029;101742;47.11;10;11352423518;B
20241029;101742;47.1;200;11352423555;S
20241029;101743;47.11;60;11352423834;B
20241029;101743;47.12;10;11352423835;B
20241029;101743;47.12;3320;11352423844;B
20241029;101743;47.12;800;11352423845;S
20241029;101743;47.13;50;11352423846;B
20241029;101743;47.13;10;11352423847;B
20241029;101743;47.13;2800;11352423848;B
20241029;101743;47.14;7820;11352423849;B
20241029;101743;47.13;880;11352423850;S
20241029;101743;47.13;120;11352423851;S
20241029;101743;47.13;2800;11352423852;S
20241029;101743;47.14;4240;11352423853;S
20241029;101743;47.14;760;11352423854;S
20241029;101743;47.14;180;11352423855;S
20241029;101743;47.13;820;11352423856;S
20241029;101743;47.13;20;11352423857;S
20241029;101743;47.14;20;11352423858;B
20241029;101743;47.14;2000;11352423859;B
20241029;101743;47.14;780;11352423860;B
20241029;101743;47.14;1900;11352423861;S
20241029;101743;47.14;1560;11352423863;S
20241029;101743;47.13;760;11352423864;S
20241029;101743;47.13;1240;11352423865;B
20241029;101743;47.13;2000;11352423866;S
20241029;101744;47.11;1070;11352424239;S
20241029;101744;47.11;2250;11352424240;S
20241029;101744;47.11;10;11352424241;S
20241029;101744;47.1;240;11352424243;S
20241029;101744;47.1;10;11352424244;S
20241029;101744;47.1;10;11352424245;S
20241029;101744;47.1;10;11352424246;S
20241029;101744;47.09;100;11352424247;S
20241029;101744;47.07;830;11352424248;S
20241029;101744;47.07;70;11352424249;S
20241029;101744;47.07;500;11352424250;S
20241029;101744;47.06;500;11352424252;S
20241029;101744;47.06;3890;11352424253;S
20241029;101744;47.06;1110;11352424254;S
20241029;101744;47.04;460;11352424260;S
20241029;101747;47.04;160;11352424973;B
20241029;101747;47.04;240;11352424974;B
20241029;101747;47.05;200;11352424985;B
20241029;101747;47.05;150;11352424986;B
20241029;101747;47.04;250;11352425195;B
20241029;101747;47.02;10;11352425196;S
20241029;101748;47.02;40;11352425440;S
20241029;101748;47.01;30;11352425441;S
20241029;101750;47.05;50;11352426290;B
20241029;101755;47;10;11352427845;S
20241029;101755;47;10;11352427846;S
20241029;101755;47;10;11352427847;S
20241029;101755;47;10;11352427848;S
20241029;101755;47;20;11352427849;S
20241029;101755;47;20;11352427850;S
20241029;101755;47.01;10;11352427918;B
20241029;101759;47;980;11352428951;S
20241029;101759;47;300;11352428952;S
20241029;101759;47;100;11352428953;S
20241029;101759;47;10;11352428954;S
20241029;101759;47;10;11352428955;S
20241029;101800;47;20;11352429399;B
20241029;101801;47;100;11352429620;B
20241029;101804;46.99;110;11352430556;S
20241029;101805;47;100;11352430785;B
20241029;101806;47;100;11352431409;B
20241029;101807;47;400;11352431904;B
20241029;101807;47;500;11352431905;B
20241029;101807;47;100;11352431906;B
20241029;101809;47;70;11352432439;B
20241029;101811;47;100;11352432934;B
20241029;101811;47;10;11352433079;B
20241029;101813;47;220;11352433360;B
20241029;101813;47;500;11352433361;B
20241029;101813;47;20;11352433362;B
20241029;101813;47;60;11352433363;B
20241029;101813;47;330;11352433364;B
20241029;101813;47.01;490;11352433365;B
20241029;101813;47.01;500;11352433366;B
20241029;101813;47.01;500;11352433367;B
20241029;101813;47.01;490;11352433368;B
