<DATE>;<TIME>;<LAST>;<VOL>;<ID>;<OPER>
20241018;095942;51.53;120;11313174211;B
20241018;095942;51.53;2880;11313174212;B
20241018;095942;51.53;200;11313174213;B
20241018;095942;51.53;920;11313174214;B
20241018;095942;51.53;880;11313174215;B
20241018;095942;51.53;20;11313174216;B
20241018;095942;51.53;20;11313174217;B
20241018;095942;51.53;20;11313174218;B
20241018;095942;51.53;20;11313174219;S
20241018;095942;51.53;3690;11313174220;B
20241018;095942;51.53;10;11313174221;S
20241018;095942;51.53;1000;11313174222;S
20241018;095942;51.53;10;11313174223;S
20241018;095942;51.53;10;11313174224;S
20241018;095942;51.53;10;11313174225;S
20241018;095942;51.53;100;11313174226;S
20241018;095942;51.53;10;11313174227;S
20241018;095942;51.53;10;11313174228;S
20241018;095942;51.53;200;11313174229;S
20241018;095942;51.53;40;11313174230;S
20241018;095942;51.53;20;11313174231;S
20241018;095942;51.53;40;11313174232;S
20241018;095942;51.53;10;11313174233;B
20241018;095942;51.53;10;11313174234;B
20241018;095942;51.53;10;11313174235;B
20241018;095942;51.53;10;11313174236;B
20241018;095942;51.53;200;11313174237;B
20241018;095942;51.53;20;11313174238;B
20241018;095942;51.53;10;11313174239;S
20241018;095942;51.53;100;11313174240;S
20241018;095942;51.53;20;11313174241;B
20241018;095942;51.53;10;11313174242;S
20241018;095942;51.53;10;11313174243;S
20241018;095942;51.53;10;11313174244;S
20241018;095942;51.53;100;11313174245;S
20241018;095942;51.53;10;11313174246;B
20241018;095942;51.53;10;11313174247;S
20241018;095942;51.53;20;11313174248;S
20241018;095942;51.53;270;11313174249;S
20241018;095942;51.53;50;11313174250;B
20241018;095942;51.53;20;11313174251;B
20241018;095942;51.53;500;11313174252;S
20241018;095942;51.53;10;11313174253;S
20241018;095942;51.53;10;11313174254;S
20241018;095942;51.53;20;11313174255;S
20241018;095942;51.53;20;11313174256;B
20241018;095942;51.53;10;11313174257;S
20241018;095942;51.53;300;11313174258;S
20241018;095942;51.53;20;11313174259;B
20241018;095942;51.53;30;11313174260;B
20241018;095942;51.53;10;11313174261;S
20241018;095942;51.53;400;11313174262;B
20241018;095942;51.53;10;11313174263;B
20241018;095942;51.53;10;11313174264;S
20241018;095942;51.53;50;11313174265;S
20241018;095942;51.53;1000;11313174266;S
20241018;095942;51.53;10;11313174267;S
20241018;095942;51.53;10;11313174268;S
20241018;095942;51.53;10;11313174269;S
20241018;095942;51.53;10;11313174270;S
20241018;095942;51.53;50;11313174271;S
20241018;095942;51.53;10;11313174272;S
20241018;095942;51.53;10;11313174273;S
20241018;095942;51.53;20;11313174274;S
20241018;095942;51.53;460;11313174275;S
20241018;095942;51.53;10;11313174276;S
20241018;095942;51.53;1000;11313174277;S
20241018;095942;51.53;130;11313174278;S
20241018;095942;51.53;20;11313174279;B
20241018;095942;51.53;10;11313174280;S
20241018;095942;51.53;10;11313174281;S
20241018;095942;51.53;60;11313174282;S
20241018;095942;51.53;400;11313174283;B
20241018;095942;51.53;50;11313174284;S
20241018;095942;51.53;30;11313174285;B
20241018;095942;51.53;90;11313174286;S
20241018;095942;51.53;10;11313174287;S
20241018;095942;51.53;50;11313174288;S
20241018;095942;51.53;50;11313174289;S
20241018;095942;51.53;10;11313174290;S
20241018;095942;51.53;10;11313174291;S
20241018;095942;51.53;70;11313174292;S
20241018;095942;51.53;10;11313174293;S
20241018;095942;51.53;320;11313174294;S
20241018;095942;51.53;50;11313174295;S
20241018;095942;51.53;200;11313174296;S
20241018;095942;51.53;430;11313174297;S
20241018;095942;51.53;570;11313174298;S
20241018;095942;51.53;50;11313174299;S
20241018;095942;51.53;30;11313174300;S
20241018;095942;51.53;10;11313174301;B
20241018;095942;51.53;20;11313174302;B
20241018;095942;51.53;10;11313174303;S
20241018;095942;51.53;1000;11313174304;S
20241018;095942;51.53;400;11313174305;B
20241018;095942;51.53;10;11313174306;B
20241018;095942;51.53;1000;11313174307;S
20241018;095942;51.53;50;11313174308;S
20241018;095942;51.53;10;11313174309;S
20241018;095942;51.53;10;11313174310;B
20241018;095942;51.53;10;11313174311;S
20241018;095942;51.53;30;11313174312;B
20241018;095942;51.53;150;11313174313;S
20241018;095942;51.53;40;11313174314;S
20241018;095942;51.53;40;11313174315;B
20241018;095942;51.53;10;11313174316;S
20241018;095942;51.53;30;11313174317;S
20241018;095942;51.53;10;11313174318;S
20241018;095942;51.53;20;11313174319;B
20241018;095942;51.53;10;11313174320;S
20241018;095942;51.53;10;11313174321;S
20241018;095942;51.53;60;11313174322;S
20241018;095942;51.53;700;11313174323;S
20241018;095942;51.53;10;11313174324;S
20241018;095942;51.53;400;11313174325;B
20241018;095942;51.53;300;11313174326;S
20241018;095942;51.53;100;11313174327;S
20241018;095942;51.53;10;11313174328;S
20241018;095942;51.53;10;11313174329;S
20241018;095942;51.53;50;11313174330;S
20241018;095942;51.53;40;11313174331;S
20241018;095942;51.53;3000;11313174332;S
20241018;095942;51.53;10;11313174333;S
20241018;095942;51.53;10;11313174334;S
20241018;095942;51.53;40;11313174335;B
20241018;095942;51.53;30;11313174336;S
20241018;095942;51.53;10;11313174337;S
20241018;095942;51.53;20;11313174338;B
20241018;095942;51.53;670;11313174339;S
20241018;095942;51.53;200;11313174340;S
20241018;095942;51.53;130;11313174341;S
20241018;095942;51.53;10;11313174342;S
20241018;095942;51.53;50;11313174343;S
20241018;095942;51.53;30;11313174344;S
20241018;095942;51.53;10;11313174345;S
20241018;095942;51.53;2500;11313174346;S
20241018;095942;51.53;50;11313174347;B
20241018;095942;51.53;10;11313174348;S
20241018;095942;51.53;300;11313174349;S
20241018;095942;51.53;600;11313174350;S
20241018;095942;51.53;10;11313174351;S
20241018;095942;51.53;50;11313174352;S
20241018;095942;51.53;10;11313174353;S
20241018;095942;51.53;20;11313174354;S
20241018;095942;51.53;3000;11313174355;S
20241018;095942;51.53;10;11313174356;S
20241018;095942;51.53;10;11313174357;S
20241018;095942;51.53;20;11313174358;S
20241018;095942;51.53;70;11313174359;S
20241018;095942;51.53;10;11313174360;S
20241018;095942;51.53;20;11313174361;S
20241018;095942;51.53;20;11313174362;S
20241018;095942;51.53;10;11313174363;S
20241018;095942;51.53;20;11313174364;S
20241018;095942;51.53;10;11313174365;S
20241018;095942;51.53;20;11313174366;S
20241018;095942;51.53;20;11313174367;S
20241018;095942;51.53;10;11313174368;S
20241018;095942;51.53;10;11313174369;S
20241018;095942;51.53;50;11313174370;S
20241018;095942;51.53;10;11313174371;S
20241018;095942;51.53;10;11313174372;S
20241018;095942;51.53;10;11313174373;S
20241018;095942;51.53;10;11313174374;S
20241018;095942;51.53;20;11313174375;S
20241018;095942;51.53;260;11313174376;S
20241018;095942;51.53;10;11313174377;S
20241018;095942;51.53;130;11313174378;S
20241018;095942;51.53;20;11313174379;S
20241018;095942;51.53;20;11313174380;S
20241018;095942;51.53;10;11313174381;S
20241018;095942;51.53;10;11313174382;S
20241018;095942;51.53;10;11313174383;S
20241018;095942;51.53;10;11313174384;S
20241018;095942;51.53;10;11313174385;S
20241018;095942;51.53;200;11313174386;S
20241018;095942;51.53;10;11313174387;S
20241018;095942;51.53;10;11313174388;S
20241018;095942;51.53;10;11313174389;S
20241018;095942;51.53;20;11313174390;S
20241018;095942;51.53;10;11313174391;S
20241018;095942;51.53;20;11313174392;S
20241018;095942;51.53;20;11313174393;S
20241018;095942;51.53;320;11313174394;S
20241018;095942;51.53;20;11313174395;S
20241018;095942;51.53;50;11313174396;S
20241018;095942;51.53;110;11313174397;B
20241018;095942;51.53;10;11313174398;B
20241018;095942;51.53;20;11313174399;B
20241018;095942;51.53;250;11313174400;B
20241018;095942;51.53;10;11313174401;B
20241018;095942;51.53;10;11313174402;B
20241018;095942;51.53;10;11313174403;B
20241018;095942;51.53;50;11313174404;B
20241018;095942;51.53;60;11313174405;B
20241018;095942;51.53;200;11313174406;B
20241018;095942;51.53;10;11313174407;B
20241018;095942;51.53;50;11313174408;B
20241018;095942;51.53;20;11313174409;B
20241018;095942;51.53;50;11313174410;B
20241018;095942;51.53;10;11313174411;B
20241018;095942;51.53;300;11313174412;B
20241018;095942;51.53;100;11313174413;S
20241018;095942;51.53;190;11313174414;S
20241018;095942;51.53;10;11313174415;B
20241018;095942;51.53;200;11313174416;S
20241018;095942;51.53;20;11313174417;B
20241018;095942;51.53;420;11313174418;S
20241018;095942;51.53;10;11313174419;B
20241018;095942;51.53;10;11313174420;B
20241018;095942;51.53;10;11313174421;B
20241018;095942;51.53;10;11313174422;B
20241018;095942;51.53;10;11313174423;S
20241018;095942;51.53;30;11313174424;S
20241018;095942;51.53;270;11313174425;S
20241018;095942;51.53;10;11313174426;S
20241018;095942;51.53;120;11313174427;S
20241018;095942;51.53;10;11313174428;S
20241018;095942;51.53;100;11313174429;S
20241018;095942;51.53;10;11313174430;S
20241018;095942;51.53;60;11313174431;B
20241018;095942;51.53;10;11313174432;S
20241018;095942;51.53;30;11313174433;S
20241018;095942;51.53;450;11313174434;S
20241018;095942;51.53;2000;11313174435;S
20241018;095942;51.53;10;11313174436;S
20241018;095942;51.53;2540;11313174437;S
20241018;095942;51.53;30;11313174438;S
20241018;095942;51.53;100;11313174439;S
20241018;095942;51.53;20;11313174440;S
20241018;095942;51.53;10;11313174441;S
20241018;095942;51.53;190;11313174442;S
20241018;095942;51.53;10;11313174443;S
20241018;095942;51.53;10;11313174444;S
20241018;095942;51.53;1000;11313174445;S
20241018;095942;51.53;20;11313174446;S
20241018;095942;51.53;20;11313174447;S
20241018;095942;51.53;50;11313174448;S
20241018;095942;51.53;100;11313174449;S
20241018;095942;51.53;200;11313174450;S
20241018;095942;51.53;10;11313174451;S
20241018;095942;51.53;10;11313174452;S
20241018;095942;51.53;10;11313174453;S
20241018;095942;51.53;10;11313174454;S
20241018;095942;51.53;1000;11313174455;S
20241018;095942;51.53;10;11313174456;S
20241018;095942;51.53;200;11313174457;S
20241018;095942;51.53;10;11313174458;B
20241018;095942;51.53;50;11313174459;B
20241018;095942;51.53;10;11313174460;S
20241018;095942;51.53;3380;11313174461;S
20241018;095942;51.53;10000;11313174462;S
20241018;095942;51.53;10;11313174463;S
20241018;095942;51.53;20;11313174464;S
20241018;095942;51.53;350;11313174465;S
20241018;095942;51.53;800;11313174466;S
20241018;095942;51.53;550;11313174467;S
20241018;095942;51.53;200;11313174468;S
20241018;095942;51.53;1930;11313174469;S
20241018;095942;51.53;5000;11313174470;S
20241018;095942;51.53;10;11313174471;S
20241018;095942;51.53;60;11313174472;S
20241018;095942;51.53;11760;11313174473;S
20241018;095942;51.53;100;11313174474;S
20241018;095942;51.53;150;11313174475;S
20241018;095942;51.53;10;11313174476;S
20241018;095942;51.53;100;11313174477;S
20241018;095942;51.53;10;11313174478;S
20241018;095942;51.53;20;11313174479;S
20241018;095942;51.53;50;11313174480;S
20241018;095942;51.53;10;11313174481;S
20241018;095942;51.53;800;11313174482;S
20241018;095942;51.53;1000;11313174483;S
20241018;095942;51.53;10;11313174484;S
20241018;095942;51.53;10;11313174485;S
20241018;095942;51.53;10;11313174486;S
20241018;095942;51.53;50;11313174487;S
20241018;095942;51.53;10;11313174488;S
20241018;095942;51.53;190;11313174489;S
20241018;095942;51.53;10;11313174490;S
20241018;095942;51.53;20;11313174491;S
20241018;095942;51.53;500;11313174492;S
20241018;095942;51.53;40;11313174493;S
20241018;095942;51.53;100;11313174494;S
20241018;095942;51.53;70;11313174495;S
20241018;095942;51.53;30;11313174496;S
20241018;095942;51.53;10;11313174497;S
20241018;095942;51.53;10;11313174498;S
20241018;095942;51.53;20;11313174499;S
20241018;095942;51.53;1000;11313174500;S
20241018;095942;51.53;20;11313174501;S
20241018;095942;51.53;20;11313174502;S
20241018;095942;51.53;20;11313174503;S
20241018;095942;51.53;20;11313174504;S
20241018;095942;51.53;20;11313174505;S
20241018;095942;51.53;10;11313174506;S
20241018;095942;51.53;10;11313174507;S
20241018;095942;51.53;100;11313174508;S
20241018;095942;51.53;20;11313174509;S
20241018;095942;51.53;10;11313174510;S
20241018;095942;51.53;10;11313174511;S
20241018;095942;51.53;10;11313174512;S
20241018;095942;51.53;10;11313174513;S
20241018;095942;51.53;180;11313174514;S
20241018;095942;51.53;20;11313174515;S
20241018;095942;51.53;500;11313174516;S
20241018;095942;51.53;10;11313174517;S
20241018;095942;51.53;20;11313174518;S
20241018;095942;51.53;100;11313174519;S
20241018;095942;51.53;10;11313174520;S
20241018;095942;51.53;10;11313174521;S
20241018;095942;51.53;40;11313174522;S
20241018;095942;51.53;10;11313174523;S
20241018;095942;51.53;10;11313174524;S
20241018;095942;51.53;20;11313174525;S
20241018;095942;51.53;20;11313174526;S
20241018;095942;51.53;20;11313174527;S
20241018;095942;51.53;40;11313174528;S
20241018;095942;51.53;10;11313174529;S
20241018;095942;51.53;10;11313174530;S
20241018;095942;51.53;20;11313174531;S
20241018;095942;51.53;10;11313174532;S
20241018;095942;51.53;100;11313174533;S
20241018;095942;51.53;20;11313174534;S
20241018;095942;51.53;1000;11313174535;S
20241018;095942;51.53;30;11313174536;S
20241018;095942;51.53;20;11313174537;S
20241018;095942;51.53;50;11313174538;S
20241018;095942;51.53;10;11313174539;S
20241018;095942;51.53;20;11313174540;S
20241018;095942;51.53;50;11313174541;S
20241018;095942;51.53;10;11313174542;S
20241018;095942;51.53;50;11313174543;S
20241018;095942;51.53;5000;11313174544;S
20241018;095942;51.53;10;11313174545;S
20241018;095942;51.53;100;11313174546;S
20241018;095942;51.53;10;11313174547;S
20241018;095942;51.53;10;11313174548;S
20241018;095942;51.53;10;11313174549;S
20241018;095942;51.53;10;11313174550;S
20241018;095942;51.53;10;11313174551;S
20241018;095942;51.53;50;11313174552;S
20241018;095942;51.53;10;11313174553;S
20241018;095942;51.53;100;11313174554;S
20241018;095942;51.53;10;11313174555;S
20241018;095942;51.53;140;11313174556;S
20241018;095942;51.53;50;11313174557;S
20241018;095942;51.53;10;11313174558;S
20241018;095942;51.53;10;11313174559;S
20241018;095942;51.53;1000;11313174560;S
20241018;095942;51.53;180;11313174561;S
20241018;095942;51.53;10;11313174562;S
20241018;095942;51.53;100;11313174563;S
20241018;095942;51.53;50;11313174564;S
20241018;095942;51.53;10;11313174565;S
20241018;095942;51.53;20;11313174566;S
20241018;095942;51.53;100;11313174567;S
20241018;095942;51.53;500;11313174568;S
20241018;095942;51.53;10;11313174569;S
20241018;095942;51.53;200;11313174570;S
20241018;095942;51.53;10;11313174571;S
20241018;095942;51.53;3000;11313174572;S
20241018;095942;51.53;100;11313174573;S
20241018;095942;51.53;100;11313174574;S
20241018;095942;51.53;12110;11313174575;S
20241018;095942;51.53;22890;11313174576;S
20241018;095942;51.53;10;11313174577;S
20241018;095942;51.53;17000;11313174578;S
20241018;095942;51.53;50;11313174579;S
20241018;095942;51.53;550;11313174580;S
20241018;095942;51.53;100;11313174581;S
20241018;095942;51.53;10;11313174582;S
20241018;095942;51.53;250;11313174583;S
20241018;095942;51.53;10;11313174584;S
20241018;095942;51.53;100;11313174585;S
20241018;095942;51.53;50;11313174586;S
20241018;095942;51.53;10;11313174587;S
20241018;095942;51.53;150;11313174588;S
20241018;095942;51.53;10;11313174589;S
20241018;095942;51.53;250;11313174590;S
20241018;095942;51.53;10;11313174591;S
20241018;095942;51.53;10;11313174592;S
20241018;095942;51.53;560;11313174593;S
20241018;095942;51.53;10;11313174594;S
20241018;095942;51.53;30;11313174595;S
20241018;095942;51.53;10;11313174596;S
20241018;095942;51.53;50;11313174597;S
20241018;095942;51.53;30;11313174598;S
20241018;095942;51.53;10;11313174599;S
20241018;095942;51.53;40;11313174600;S
20241018;095942;51.53;10;11313174601;S
20241018;095942;51.53;5000;11313174602;S
20241018;095942;51.53;200;11313174603;S
20241018;095942;51.53;250;11313174604;S
20241018;095942;51.53;250;11313174605;S
20241018;095942;51.53;30;11313174606;S
20241018;095942;51.53;100;11313174607;S
20241018;095942;51.53;30;11313174608;S
20241018;095942;51.53;10;11313174609;S
20241018;095942;51.53;20;11313174610;S
20241018;095942;51.53;10;11313174611;S
20241018;095942;51.53;10;11313174612;S
20241018;095942;51.53;10;11313174613;S
20241018;095942;51.53;10;11313174614;S
20241018;095942;51.53;20;11313174615;S
20241018;095942;51.53;10;11313174616;S
20241018;095942;51.53;50;11313174617;S
20241018;095942;51.53;100;11313174618;S
20241018;095942;51.53;10;11313174619;S
20241018;095942;51.53;20;11313174620;S
20241018;095942;51.53;10;11313174621;S
20241018;095942;51.53;2000;11313174622;S
20241018;095942;51.53;10;11313174623;S
20241018;095942;51.53;1030;11313174624;S
20241018;095942;51.53;10;11313174625;S
20241018;095942;51.53;10;11313174626;S
20241018;095942;51.53;10;11313174627;S
20241018;095942;51.53;10;11313174628;S
20241018;095942;51.53;10;11313174629;S
20241018;095942;51.53;100;11313174630;S
20241018;095942;51.53;10;11313174631;S
20241018;095942;51.53;50;11313174632;S
20241018;095942;51.53;10;11313174633;S
20241018;095942;51.53;10;11313174634;S
20241018;095942;51.53;10;11313174635;S
20241018;095942;51.53;10;11313174636;S
20241018;095942;51.53;10;11313174637;S
20241018;095942;51.53;20;11313174638;S
20241018;095942;51.53;400;11313174639;S
20241018;095942;51.53;10;11313174640;S
20241018;095942;51.53;30;11313174641;S
20241018;095942;51.53;50;11313174642;S
20241018;095942;51.53;50;11313174643;S
20241018;095942;51.53;10;11313174644;S
20241018;095942;51.53;10;11313174645;S
20241018;095942;51.53;10;11313174646;S
20241018;095942;51.53;10;11313174647;S
20241018;095942;51.53;2000;11313174648;S
20241018;095942;51.53;1000;11313174649;S
20241018;095942;51.53;10;11313174650;S
20241018;095942;51.53;10;11313174651;S
20241018;095942;51.53;100;11313174652;S
20241018;095942;51.53;10;11313174653;S
20241018;095942;51.53;10;11313174654;S
20241018;095942;51.53;20;11313174655;S
20241018;095942;51.53;10;11313174656;S
20241018;095942;51.53;50;11313174657;S
20241018;095942;51.53;10;11313174658;S
20241018;095942;51.53;270;11313174659;S
20241018;095942;51.53;10;11313174660;S
20241018;095942;51.53;10;11313174661;S
20241018;095942;51.53;160;11313174662;S
20241018;095942;51.53;10;11313174663;S
20241018;095942;51.53;10;11313174664;S
20241018;095942;51.53;100;11313174665;S
20241018;095942;51.53;2000;11313174666;S
20241018;095942;51.53;1400;11313174667;S
20241018;095942;51.53;200;11313174668;S
20241018;095942;51.53;20;11313174669;S
20241018;095942;51.53;100;11313174670;S
20241018;095942;51.53;110;11313174671;S
20241018;095942;51.53;30;11313174672;S
20241018;095942;51.53;50;11313174673;S
20241018;095942;51.53;100;11313174674;S
20241018;095942;51.53;10;11313174675;S
20241018;095942;51.53;30;11313174676;S
20241018;095942;51.53;100;11313174677;S
20241018;095942;51.53;100;11313174678;S
20241018;095942;51.53;1000;11313174679;S
20241018;095942;51.53;10;11313174680;S
20241018;095942;51.53;970;11313174681;S
20241018;095942;51.53;10;11313174682;S
20241018;095942;51.53;10;11313174683;S
20241018;095942;51.53;10;11313174684;S
20241018;095942;51.53;100;11313174685;S
20241018;095942;51.53;100;11313174686;S
20241018;095942;51.53;3850;11313174687;S
20241018;095942;51.53;80;11313174688;S
20241018;095942;51.53;20;11313174689;S
20241018;095942;51.53;20;11313174690;S
20241018;095942;51.53;60;11313174691;S
20241018;095942;51.53;180;11313174692;S
20241018;095942;51.53;10;11313174693;S
20241018;095942;51.53;100;11313174694;S
20241018;095942;51.53;10;11313174695;S
20241018;095942;51.53;20;11313174696;S
20241018;095942;51.53;20;11313174697;S
20241018;095942;51.53;120;11313174698;S
20241018;095942;51.53;10;11313174699;S
20241018;095942;51.53;10;11313174700;S
20241018;095942;51.53;20;11313174701;S
20241018;095942;51.53;20;11313174702;S
20241018;095942;51.53;20;11313174703;S
20241018;095942;51.53;10;11313174704;S
20241018;095942;51.53;10;11313174705;S
20241018;095942;51.53;10;11313174706;S
20241018;095942;51.53;20;11313174707;S
20241018;095942;51.53;10;11313174708;S
20241018;095942;51.53;100;11313174709;S
20241018;095942;51.53;110;11313174710;S
20241018;095942;51.53;90;11313174711;S
20241018;095942;51.53;10;11313174712;S
20241018;095942;51.53;10;11313174713;S
20241018;095942;51.53;1500;11313174714;S
20241018;095942;51.53;9800;11313174715;S
20241018;095942;51.53;10;11313174716;S
20241018;095942;51.53;10;11313174717;S
20241018;095942;51.53;10;11313174718;S
20241018;095942;51.53;10;11313174719;S
20241018;095942;51.53;10;11313174720;S
20241018;095942;51.53;20;11313174721;S
20241018;095942;51.53;3330;11313174722;S
20241018;095942;51.53;230;11313174723;S
20241018;095942;51.53;500;11313174724;S
20241018;095942;51.53;10;11313174725;S
20241018;095942;51.53;10;11313174726;S
20241018;095942;51.53;500;11313174727;S
20241018;095942;51.53;10;11313174728;S
20241018;095942;51.53;250;11313174729;S
20241018;095942;51.53;70;11313174730;S
20241018;095942;51.53;100;11313174731;S
20241018;095942;51.53;5000;11313174732;B
20241018;095942;51.53;10;11313174733;S
20241018;095942;51.53;80;11313174734;S
20241018;095942;51.53;200;11313174735;S
20241018;095942;51.53;500;11313174736;S
20241018;095942;51.53;500;11313174737;S
20241018;095942;51.53;2000;11313174738;S
20241018;095942;51.53;50;11313174739;S
20241018;095942;51.53;5400;11313174740;S
20241018;095942;51.53;10;11313174741;S
20241018;095942;51.53;2000;11313174742;S
20241018;095942;51.53;190;11313174743;S
20241018;095942;51.53;40;11313174744;S
20241018;095942;51.53;10;11313174745;S
20241018;095942;51.53;10;11313174746;S
20241018;095942;51.53;500;11313174747;S
20241018;095942;51.53;500;11313174748;S
20241018;095942;51.53;35000;11313174749;S
20241018;095942;51.53;50;11313174750;S
20241018;095942;51.53;50;11313174751;S
20241018;095942;51.53;14050;11313174752;S
20241018;095942;51.53;4500;11313174753;B
20241018;095942;51.53;10000;11313174754;S
20241018;095942;51.53;1450;11313174755;S
20241018;095942;51.53;100;11313174756;S
20241018;095942;51.53;1000;11313174757;S
20241018;095942;51.53;1950;11313174758;S
20241018;095942;51.53;300;11313174759;S
20241018;095942;51.53;200;11313174760;B
20241018;095942;51.53;1000;11313174761;B
20241018;095942;51.53;6550;11313174762;S
20241018;095942;51.53;20;11313174763;S
20241018;095942;51.53;10;11313174764;B
20241018;095942;51.53;10;11313174765;S
20241018;095942;51.53;50000;11313174766;B
20241018;095942;51.53;10;11313174767;S
20241018;095942;51.53;50;11313174768;S
20241018;095942;51.53;1000;11313174769;S
20241018;095942;51.53;10;11313174770;S
20241018;095942;51.53;50;11313174771;S
20241018;095942;51.53;1200;11313174772;S
20241018;095942;51.53;200;11313174773;S
20241018;095942;51.53;100;11313174774;S
20241018;095942;51.53;30;11313174775;S
20241018;095942;51.53;10;11313174776;B
20241018;095942;51.53;500;11313174777;B
20241018;095942;51.53;50;11313174778;B
20241018;095942;51.53;10200;11313174779;B
20241018;095942;51.53;280;11313174780;B
20241018;095942;51.53;20;11313174781;B
20241018;095942;51.53;1000;11313174782;B
20241018;095942;51.53;5000;11313174783;B
20241018;095942;51.53;200;11313174784;B
20241018;095942;51.53;4300;11313174785;S
20241018;095942;51.53;5000;11313174786;S
20241018;095942;51.53;500;11313174787;B
20241018;095942;51.53;2000;11313174788;B
20241018;095942;51.53;2420;11313174789;S
20241018;095942;51.53;2000;11313174790;B
20241018;095942;51.53;200;11313174791;B
20241018;095942;51.53;16880;11313174792;B
20241018;095942;51.53;1000;11313174793;B
20241018;095942;51.53;70;11313174794;S
20241018;095942;51.53;510;11313174795;S
20241018;095942;51.53;50;11313174796;S
20241018;095942;51.53;500;11313174797;B
20241018;095942;51.53;5000;11313174798;S
20241018;095942;51.53;1030;11313174799;S
20241018;095942;51.53;500;11313174800;B
20241018;095942;51.53;300;11313174801;B
20241018;095942;51.53;2000;11313174802;S
20241018;095942;51.53;350;11313174803;S
20241018;095942;51.53;500;11313174804;B
20241018;095942;51.53;1650;11313174805;S
20241018;095942;51.53;20;11313174806;S
20241018;095942;51.53;500;11313174807;S
20241018;095942;51.53;10;11313174808;S
20241018;095942;51.53;20;11313174809;S
20241018;095942;51.53;10;11313174810;S
20241018;095942;51.53;120;11313174811;B
20241018;095942;51.53;100;11313174812;B
20241018;095942;51.53;10;11313174813;S
20241018;095942;51.53;410;11313174814;S
20241018;095942;51.53;100;11313174815;B
20241018;095942;51.53;680;11313174816;S
20241018;095942;51.53;100;11313174817;S
20241018;095942;51.53;10;11313174818;S
20241018;095942;51.53;10;11313174819;B
20241018;095942;51.53;10;11313174820;B
20241018;095942;51.53;50;11313174821;B
20241018;095942;51.53;10;11313174822;B
20241018;100000;51.53;1810;11313179631;B
20241018;100000;51.52;10;11313179663;S
20241018;100000;51.52;100;11313179664;S
20241018;100000;51.52;100;11313179665;S
20241018;100000;51.52;410;11313179666;S
20241018;100000;51.51;380;11313179667;S
20241018;100000;51.51;6950;11313179670;S
20241018;100000;51.53;50;11313179680;B
20241018;100000;51.53;50;11313179687;B
20241018;100000;51.53;3000;11313179719;B
20241018;100000;51.51;5700;11313179720;S
20241018;100000;51.51;200;11313179722;S
20241018;100000;51.51;10;11313179723;S
20241018;100000;51.53;130;11313179725;B
20241018;100000;51.51;1760;11313179728;S
20241018;100000;51.51;120;11313179729;S
20241018;100000;51.51;200;11313179730;S
20241018;100000;51.51;100;11313179731;S
20241018;100000;51.51;250;11313179732;S
20241018;100000;51.51;700;11313179733;S
20241018;100000;51.5;10;11313179734;S
20241018;100000;51.5;10;11313179735;S
20241018;100000;51.5;70;11313179736;S
20241018;100000;51.5;10;11313179737;S
20241018;100000;51.5;20;11313179738;S
20241018;100000;51.5;60;11313179739;S
20241018;100000;51.5;1000;11313179740;S
20241018;100000;51.5;10;11313179741;S
20241018;100000;51.5;50;11313179742;S
20241018;100000;51.5;100;11313179743;S
20241018;100000;51.5;10;11313179744;S
20241018;100000;51.5;5100;11313179745;S
20241018;100000;51.5;60;11313179746;S
20241018;100000;51.5;10;11313179747;S
20241018;100000;51.5;10;11313179748;S
20241018;100000;51.5;10340;11313179749;S
20241018;100000;51.53;3000;11313179754;B
20241018;100000;51.53;240;11313179755;B
20241018;100000;51.53;34210;11313179756;B
20241018;100000;51.53;970;11313179757;B
20241018;100000;51.53;300;11313179758;B
20241018;100000;51.53;140;11313179759;B
20241018;100000;51.53;1140;11313179760;B
20241018;100000;51.53;5430;11313179761;B
20241018;100000;51.53;5120;11313179762;B
20241018;100000;51.54;2690;11313179763;B
20241018;100000;51.5;10;11313179764;S
20241018;100000;51.54;370;11313179765;B
20241018;100000;51.54;60;11313179766;B
20241018;100000;51.54;40;11313179777;B
20241018;100000;51.54;1960;11313179786;B
20241018;100000;51.55;540;11313179787;B
20241018;100000;51.55;10;11313179788;B
20241018;100000;51.55;10;11313179789;B
20241018;100000;51.5;600;11313179791;S
20241018;100000;51.5;2340;11313179792;S
20241018;100000;51.5;20;11313179815;S
20241018;100000;51.53;20;11313179823;B
20241018;100000;51.5;250;11313179824;S
20241018;100000;51.53;950;11313179825;B
20241018;100000;51.53;20;11313179826;B
20241018;100000;51.53;370;11313179827;B
20241018;100000;51.5;990;11313179831;S
20241018;100000;51.53;10;11313179833;B
20241018;100000;51.51;1030;11313179834;S
20241018;100000;51.51;250;11313179835;S
20241018;100000;51.51;50;11313179836;S
20241018;100000;51.5;2090;11313179841;S
20241018;100000;51.5;13360;11313179843;S
20241018;100000;51.5;10;11313179844;S
20241018;100000;51.5;10;11313179845;S
20241018;100000;51.5;2500;11313179846;S
20241018;100000;51.5;10;11313179847;S
20241018;100000;51.5;1940;11313179848;S
20241018;100000;51.5;1110;11313179854;S
20241018;100000;51.55;10;11313179860;B
20241018;100000;51.55;10;11313179863;B
20241018;100000;51.55;260;11313179869;B
20241018;100000;51.5;5000;11313179872;S
20241018;100000;51.55;10;11313179875;B
20241018;100000;51.5;500;11313179876;S
20241018;100000;51.55;10;11313179877;B
20241018;100000;51.5;10;11313179888;S
20241018;100000;51.55;100;11313179897;B
20241018;100000;51.55;10;11313179915;B
20241018;100000;51.5;250;11313179921;S
20241018;100000;51.5;560;11313179922;S
20241018;100000;51.5;320;11313179929;S
20241018;100000;51.5;310;11313179930;S
20241018;100000;51.5;10;11313179931;S
20241018;100000;51.5;230;11313179932;S
20241018;100000;51.5;1000;11313179933;S
20241018;100000;51.5;10;11313179934;S
20241018;100000;51.5;10;11313179935;S
20241018;100000;51.5;230;11313179936;S
20241018;100000;51.55;10;11313179937;B
20241018;100000;51.55;280;11313179941;B
20241018;100000;51.5;250;11313179945;S
20241018;100000;51.52;10;11313179949;S
20241018;100000;51.5;440;11313179950;S
20241018;100000;51.55;150;11313179978;B
20241018;100000;51.55;300;11313179979;B
20241018;100000;51.54;30;11313179981;S
20241018;100000;51.53;1610;11313179982;S
20241018;100000;51.52;10;11313179983;S
20241018;100000;51.5;1080;11313179984;S
20241018;100000;51.5;30;11313179985;S
20241018;100000;51.5;10;11313179986;S
20241018;100000;51.49;1000;11313179987;S
20241018;100000;51.48;50;11313179988;S
20241018;100000;51.48;50;11313179989;S
20241018;100000;51.46;100;11313179990;S
20241018;100000;51.45;10;11313179991;S
20241018;100000;51.45;16020;11313179992;S
20241018;100000;51.55;200;11313179995;B
20241018;100000;51.55;1000;11313179996;B
20241018;100000;51.55;20;11313180014;B
20241018;100000;51.55;300;11313180024;B
20241018;100000;51.55;200;11313180032;B
20241018;100000;51.55;10;11313180037;B
20241018;100000;51.55;300;11313180045;B
20241018;100000;51.54;50;11313180047;S
20241018;100000;51.55;1000;11313180053;B
20241018;100000;51.55;20;11313180054;B
20241018;100000;51.53;100;11313180059;B
20241018;100000;51.52;10;11313180065;S
20241018;100000;51.52;10;11313180066;S
20241018;100000;51.52;10;11313180067;S
20241018;100000;51.52;280;11313180068;S
20241018;100000;51.53;10;11313180070;B
20241018;100000;51.53;10;11313180072;B
20241018;100000;51.53;1500;11313180073;B
20241018;100000;51.53;1610;11313180074;B
20241018;100000;51.53;50;11313180077;B
20241018;100000;51.53;100;11313180078;B
20241018;100000;51.53;730;11313180079;B
20241018;100000;51.52;50;11313180080;B
20241018;100000;51.52;10;11313180082;B
20241018;100000;51.51;390;11313180083;S
20241018;100000;51.45;11610;11313180084;S
20241018;100000;51.52;50;11313180088;B
20241018;100000;51.52;200;11313180090;B
20241018;100000;51.5;420;11313180091;B
20241018;100000;51.5;50;11313180092;B
20241018;100000;51.5;1000;11313180093;B
20241018;100000;51.5;2000;11313180205;B
20241018;100000;51.5;10;11313180206;B
20241018;100000;51.5;10;11313180207;B
20241018;100000;51.49;100;11313180279;B
20241018;100000;51.49;2000;11313180282;B
20241018;100000;51.49;10;11313180283;B
20241018;100000;51.49;20;11313180284;B
20241018;100000;51.49;40;11313180285;B
20241018;100000;51.49;30;11313180293;B
20241018;100000;51.49;200;11313180298;B
20241018;100000;51.49;20;11313180299;B
20241018;100000;51.49;100;11313180300;B
20241018;100000;51.45;20;11313180301;S
20241018;100000;51.45;2000;11313180302;S
20241018;100000;51.45;400;11313180306;S
20241018;100000;51.45;1000;11313180307;S
20241018;100000;51.49;40;11313180310;B
20241018;100000;51.45;100;11313180312;S
20241018;100000;51.49;980;11313180314;B
20241018;100000;51.49;1890;11313180317;B
20241018;100000;51.5;1110;11313180318;B
20241018;100000;51.5;1000;11313180319;B
20241018;100000;51.49;2000;11313180323;B
20241018;100000;51.49;10;11313180324;B
20241018;100000;51.49;10;11313180325;B
20241018;100000;51.46;1990;11313180330;S
20241018;100000;51.46;1710;11313180331;S
20241018;100000;51.45;6180;11313180332;S
20241018;100000;51.49;60;11313180333;B
20241018;100000;51.45;100;11313180335;S
20241018;100000;51.49;20;11313180336;B
20241018;100000;51.49;20;11313180337;B
20241018;100000;51.49;60;11313180344;B
20241018;100000;51.49;20;11313180350;B
20241018;100000;51.49;2000;11313180351;B
20241018;100000;51.49;20;11313180352;B
20241018;100000;51.49;30;11313180360;B
20241018;100000;51.49;100;11313180365;B
20241018;100000;51.49;200;11313180366;B
20241018;100000;51.49;890;11313180367;B
20241018;100000;51.5;1610;11313180368;B
20241018;100000;51.45;100;11313180380;S
20241018;100000;51.49;20;11313180382;B
20241018;100000;51.46;3700;11313180383;S
20241018;100000;51.45;1300;11313180384;S
20241018;100000;51.49;500;11313180386;B
20241018;100000;51.49;20;11313180387;B
20241018;100000;51.49;20;11313180388;B
20241018;100000;51.49;40;11313180392;B
20241018;100000;51.49;50;11313180425;B
20241018;100000;51.49;30;11313180437;B
20241018;100000;51.49;50;11313180446;B
20241018;100000;51.49;500;11313180459;B
20241018;100000;51.49;10;11313180470;B
20241018;100000;51.49;50;11313180471;B
20241018;100000;51.49;3000;11313180473;B
20241018;100000;51.45;2600;11313180474;S
20241018;100000;51.49;40;11313180476;B
20241018;100000;51.49;40;11313180480;B
20241018;100000;51.49;200;11313180481;B
20241018;100000;51.49;10;11313180483;B
20241018;100000;51.49;20;11313180492;B
20241018;100000;51.49;400;11313180497;B
20241018;100000;51.49;100;11313180498;B
20241018;100000;51.49;340;11313180503;B
20241018;100000;51.5;1660;11313180504;B
20241018;100000;51.49;10;11313180505;B
20241018;100000;51.49;300;11313180509;B
20241018;100000;51.49;10;11313180512;B
20241018;100000;51.46;10;11313180513;S
20241018;100000;51.49;10;11313180518;B
20241018;100000;51.49;100;11313180522;B
20241018;100000;51.49;160;11313180527;B
20241018;100001;51.49;10;11313180529;B
20241018;100001;51.49;140;11313180556;B
20241018;100001;51.49;160;11313180568;B
20241018;100001;51.49;400;11313180608;B
20241018;100001;51.49;50;11313180618;B
20241018;100001;51.49;20;11313180624;B
20241018;100001;51.49;530;11313180627;B
20241018;100001;51.46;100;11313180659;S
20241018;100001;51.49;10;11313180672;B
20241018;100001;51.49;10;11313180683;B
20241018;100001;51.49;160;11313180694;B
20241018;100001;51.49;10;11313180711;B
20241018;100001;51.49;3350;11313180716;B
20241018;100001;51.5;350;11313180717;B
20241018;100001;51.49;10;11313180731;B
20241018;100001;51.49;1090;11313180768;B
20241018;100001;51.47;1840;11313180837;S
20241018;100001;51.49;4000;11313180847;B
20241018;100001;51.49;100;11313180849;B
20241018;100001;51.49;230;11313180854;B
20241018;100001;51.5;3770;11313180855;B
20241018;100001;51.49;100;11313180864;B
20241018;100001;51.49;1700;11313180870;B
20241018;100001;51.49;500;11313180871;B
20241018;100001;51.49;100;11313180877;B
20241018;100001;51.49;600;11313180879;B
20241018;100001;51.49;200;11313180886;B
20241018;100001;51.49;500;11313180892;B
20241018;100001;51.47;300;11313180932;S
20241018;100001;51.47;660;11313180949;S
20241018;100001;51.46;140;11313180950;S
20241018;100001;51.47;20;11313180973;S
20241018;100001;51.49;100;11313180984;B
20241018;100001;51.49;400;11313180986;B
20241018;100001;51.49;50;11313180989;B
20241018;100001;51.49;50;11313181007;B
20241018;100001;51.47;10;11313181013;S
20241018;100001;51.49;200;11313181014;B
20241018;100001;51.49;50;11313181025;B
20241018;100001;51.47;340;11313181035;S
20241018;100001;51.47;2430;11313181055;S
20241018;100001;51.46;1570;11313181056;S
20241018;100001;51.49;10;11313181111;B
20241018;100001;51.47;140;11313181136;S
20241018;100001;51.49;100;11313181159;B
20241018;100001;51.49;30;11313181172;B
20241018;100001;51.49;10;11313181176;B
20241018;100001;51.47;900;11313181184;S
20241018;100001;51.49;20;11313181187;B
20241018;100001;51.49;10;11313181210;B
20241018;100001;51.49;10;11313181218;B
20241018;100001;51.49;50;11313181229;B
20241018;100001;51.49;10;11313181248;B
20241018;100001;51.49;200;11313181252;B
20241018;100001;51.49;430;11313181289;B
20241018;100001;51.49;250;11313181290;B
20241018;100001;51.5;820;11313181291;B
20241018;100001;51.49;80;11313181294;B
20241018;100001;51.49;100;11313181296;B
20241018;100001;51.49;30;11313181297;B
20241018;100001;51.49;450;11313181298;B
20241018;100001;51.47;1000;11313181341;S
20241018;100001;51.47;500;11313181342;S
20241018;100001;51.49;20;11313181344;B
20241018;100001;51.49;10;11313181345;B
20241018;100001;51.45;50;11313181350;S
20241018;100001;51.45;50;11313181351;S
20241018;100001;51.45;20;11313181352;S
20241018;100001;51.45;30;11313181353;S
20241018;100001;51.44;10;11313181354;S
20241018;100001;51.44;10;11313181355;S
20241018;100001;51.44;100;11313181356;S
20241018;100001;51.44;100;11313181357;S
20241018;100001;51.44;100;11313181358;S
20241018;100001;51.44;100;11313181359;S
20241018;100001;51.44;100;11313181360;S
20241018;100001;51.44;3700;11313181361;S
20241018;100001;51.43;2220;11313181362;S
20241018;100001;51.43;2800;11313181363;S
20241018;100001;51.43;720;11313181364;S
20241018;100001;51.42;10;11313181365;S
20241018;100001;51.42;2500;11313181366;S
20241018;100001;51.42;720;11313181367;S
20241018;100001;51.41;100;11313181368;S
20241018;100001;51.4;20;11313181369;S
20241018;100001;51.4;50;11313181370;S
20241018;100001;51.4;20;11313181371;S
20241018;100001;51.4;40;11313181372;S
20241018;100001;51.4;50;11313181373;S
20241018;100001;51.4;200;11313181374;S
20241018;100001;51.4;5000;11313181375;S
20241018;100001;51.39;100;11313181376;S
20241018;100001;51.39;5430;11313181377;S
20241018;100001;51.38;10;11313181378;S
20241018;100001;51.38;250;11313181379;S
20241018;100001;51.37;10;11313181380;S
20241018;100001;51.36;20;11313181381;S
20241018;100001;51.36;500;11313181382;S
20241018;100001;51.36;750;11313181383;S
20241018;100001;51.35;10;11313181384;S
20241018;100001;51.35;20;11313181385;S
20241018;100001;51.35;30000;11313181386;S
20241018;100001;51.35;10;11313181387;S
20241018;100001;51.33;10;11313181388;S
20241018;100001;51.33;20;11313181389;S
20241018;100001;51.33;300;11313181390;S
20241018;100001;51.32;250;11313181391;S
20241018;100001;51.32;430;11313181392;S
20241018;100001;51.31;100;11313181393;S
20241018;100001;51.3;50;11313181394;S
20241018;100001;51.3;3510;11313181395;S
20241018;100001;51.44;60;11313181403;S
20241018;100001;51.49;200;11313181404;B
20241018;100001;51.44;300;11313181405;S
20241018;100001;51.49;110;11313181435;B
20241018;100001;51.49;140;11313181448;B
20241018;100002;51.49;10;11313181462;B
20241018;100002;51.49;10;11313181464;B
20241018;100002;51.49;40;11313181467;B
20241018;100002;51.49;10;11313181475;B
20241018;100002;51.49;10;11313181510;B
20241018;100002;51.49;10;11313181519;B
20241018;100002;51.49;50;11313181530;B
20241018;100002;51.49;50;11313181540;B
20241018;100002;51.49;190;11313181541;B
20241018;100002;51.49;10;11313181552;B
20241018;100002;51.49;10;11313181559;B
20241018;100002;51.49;10;11313181571;B
20241018;100002;51.49;3880;11313181582;B
20241018;100002;51.5;1190;11313181583;B
20241018;100002;51.5;40;11313181584;B
20241018;100002;51.5;680;11313181585;B
20241018;100002;51.51;680;11313181586;B
20241018;100002;51.51;1030;11313181587;B
20241018;100002;51.5;10;11313181602;B
20241018;100002;51.5;2600;11313181605;B
20241018;100002;51.5;2600;11313181611;B
20241018;100002;51.5;230;11313181617;B
20241018;100002;51.51;2300;11313181618;B
20241018;100002;51.52;30;11313181619;B
20241018;100002;51.52;40;11313181620;B
20241018;100002;51.51;100;11313181632;B
20241018;100002;51.51;10;11313181639;B
20241018;100002;51.51;10;11313181654;B
20241018;100002;51.51;360;11313181655;B
20241018;100002;51.51;50;11313181664;B
20241018;100002;51.51;20;11313181685;B
20241018;100002;51.49;200;11313181705;S
20241018;100002;51.51;400;11313181717;B
20241018;100002;51.49;300;11313181728;S
20241018;100002;51.51;10;11313181737;B
20241018;100002;51.51;100;11313181738;B
20241018;100002;51.51;1000;11313181743;B
20241018;100002;51.51;30;11313181745;B
20241018;100002;51.48;20;11313181749;S
20241018;100002;51.48;130;11313181750;S
20241018;100002;51.51;10;11313181776;B
20241018;100002;51.51;10;11313181777;B
20241018;100002;51.51;20;11313181784;B
20241018;100002;51.48;100;11313181798;S
20241018;100002;51.51;10;11313181799;B
20241018;100002;51.51;10;11313181808;B
20241018;100002;51.51;10;11313181816;B
20241018;100002;51.51;40;11313181831;B
20241018;100002;51.51;600;11313181833;B
20241018;100002;51.51;500;11313181834;B
20241018;100002;51.51;2140;11313181835;B
20241018;100002;51.52;180;11313181836;B
20241018;100002;51.53;330;11313181837;B
20241018;100002;51.53;2350;11313181838;B
20241018;100002;51.52;220;11313181839;S
20241018;100002;51.52;10;11313181841;B
20241018;100002;51.52;10;11313181842;B
20241018;100002;51.52;50;11313181848;B
20241018;100002;51.48;70;11313181849;S
20241018;100002;51.52;10;11313181850;B
20241018;100002;51.52;10;11313181851;B
20241018;100002;51.51;10;11313181866;B
20241018;100002;51.51;20;11313181867;B
20241018;100002;51.5;5430;11313181870;B
20241018;100002;51.51;770;11313181871;B
20241018;100002;51.53;10;11313181872;B
20241018;100002;51.53;200;11313181873;B
20241018;100002;51.53;300;11313181874;B
20241018;100002;51.55;1700;11313181875;B
20241018;100002;51.55;200;11313181876;B
20241018;100002;51.55;40;11313181877;B
20241018;100002;51.53;50;11313181878;B
20241018;100002;51.55;200;11313181881;B
20241018;100002;51.55;300;11313181882;B
20241018;100002;51.55;200;11313181883;B
20241018;100002;51.55;150;11313181887;B
20241018;100002;51.52;50;11313181897;S
20241018;100002;51.52;3750;11313181903;S
20241018;100002;51.52;20;11313181904;S
20241018;100002;51.48;200;11313181905;S
20241018;100002;51.47;2220;11313181906;S
20241018;100002;51.46;100;11313181907;S
20241018;100002;51.46;1000;11313181908;S
20241018;100002;51.46;2000;11313181909;S
20241018;100002;51.45;1500;11313181910;S
20241018;100002;51.44;10;11313181911;S
20241018;100002;51.42;2800;11313181912;S
20241018;100002;51.4;100;11313181913;S
20241018;100002;51.4;3700;11313181914;S
20241018;100002;51.39;4500;11313181915;S
20241018;100002;51.37;5000;11313181916;S
20241018;100002;51.37;10000;11313181917;S
20241018;100002;51.35;5440;11313181918;S
20241018;100002;51.35;400;11313181919;S
20241018;100002;51.33;5000;11313181920;S
20241018;100002;51.3;1490;11313181921;S
20241018;100002;51.3;10;11313181922;S
20241018;100002;51.3;50;11313181923;S
20241018;100002;51.3;500;11313181924;S
20241018;100002;51.3;10;11313181925;S
20241018;100002;51.3;20;11313181926;S
20241018;100002;51.3;2000;11313181927;S
20241018;100002;51.3;40;11313181928;S
20241018;100002;51.29;60;11313181929;S
20241018;100002;51.29;10;11313181930;S
20241018;100002;51.27;1000;11313181931;S
20241018;100002;51.27;30;11313181932;S
20241018;100002;51.27;10;11313181933;S
20241018;100002;51.25;10;11313181934;S
20241018;100002;51.25;20;11313181935;S
20241018;100002;51.25;10;11313181936;S
20241018;100002;51.25;50;11313181937;S
20241018;100002;51.25;50;11313181938;S
20241018;100002;51.24;10;11313181939;S
20241018;100002;51.23;100;11313181940;S
20241018;100002;51.23;50;11313181941;S
20241018;100002;51.22;250;11313181942;S
20241018;100002;51.22;4810;11313181943;S
20241018;100002;51.22;6660;11313181944;S
20241018;100002;51.21;10;11313181945;S
20241018;100002;51.21;100;11313181946;S
20241018;100002;51.21;1000;11313181947;S
20241018;100002;51.21;6000;11313181948;S
20241018;100002;51.2;100;11313181949;S
20241018;100002;51.2;10;11313181950;S
20241018;100002;51.2;50;11313181951;S
20241018;100002;51.2;800;11313181952;S
20241018;100002;51.2;10000;11313181953;S
20241018;100002;51.2;50;11313181954;S
20241018;100002;51.2;50;11313181955;S
20241018;100002;51.2;90;11313181956;S
20241018;100002;51.2;1000;11313181957;S
20241018;100002;51.19;40;11313181958;S
20241018;100002;51.18;5000;11313181959;S
20241018;100002;51.16;10;11313181960;S
20241018;100002;51.16;10;11313181961;S
20241018;100002;51.16;10000;11313181962;S
20241018;100002;51.15;300;11313181963;S
20241018;100002;51.15;1000;11313181964;S
20241018;100002;51.15;20;11313181965;S
20241018;100002;51.15;250;11313181966;S
20241018;100002;51.15;50;11313181967;S
20241018;100002;51.15;10;11313181968;S
20241018;100002;51.14;7500;11313181969;S
20241018;100002;51.14;1560;11313181970;S
20241018;100002;51.55;50;11313181974;B
20241018;100002;51.54;50;11313181978;B
20241018;100002;51.53;10;11313181981;S
20241018;100002;51.53;50;11313181982;B
20241018;100002;51.5;100;11313181985;S
20241018;100002;51.52;50;11313181987;B
20241018;100002;51.49;60;11313181998;B
20241018;100002;51.49;30;11313181999;B
20241018;100002;51.33;450;11313182001;S
20241018;100002;51.34;2180;11313182003;S
20241018;100002;51.34;40;11313182004;S
20241018;100002;51.33;10;11313182005;S
20241018;100002;51.47;20;11313182006;B
20241018;100002;51.47;10;11313182010;B
20241018;100002;51.35;1000;11313182012;S
20241018;100002;51.35;40;11313182015;S
20241018;100002;51.45;10;11313182047;B
20241018;100002;51.36;2220;11313182048;S
20241018;100002;51.35;1760;11313182049;S
20241018;100002;51.3;5430;11313182050;S
20241018;100002;51.19;50;11313182051;S
20241018;100002;51.19;980;11313182052;S
20241018;100002;51.29;3690;11313182065;S
20241018;100002;51.3;2220;11313182086;S
20241018;100002;51.28;1470;11313182087;S
20241018;100002;51.42;10;11313182111;B
20241018;100002;51.4;100;11313182128;B
20241018;100002;51.45;20;11313182132;B
20241018;100002;51.45;200;11313182133;B
20241018;100002;51.44;20;11313182135;B
20241018;100002;51.41;10;11313182143;B
20241018;100002;51.42;10;11313182159;B
20241018;100002;51.29;130;11313182171;S
20241018;100002;51.29;10;11313182203;S
20241018;100002;51.41;50;11313182205;B
20241018;100002;51.4;50;11313182210;B
20241018;100002;51.4;6520;11313182214;B
20241018;100002;51.46;5610;11313182215;B
20241018;100002;51.5;10000;11313182216;B
20241018;100002;51.55;100;11313182217;B
20241018;100002;51.54;450;11313182220;B
20241018;100002;51.53;10;11313182224;B
20241018;100002;51.52;10;11313182227;B
20241018;100002;51.52;10;11313182231;S
20241018;100002;51.53;10;11313182239;B
20241018;100002;51.51;100;11313182244;B
20241018;100002;51.49;20;11313182251;B
20241018;100002;51.49;50;11313182259;B
20241018;100002;51.47;10;11313182263;B
20241018;100002;51.47;40;11313182265;B
20241018;100002;51.47;10;11313182267;B
20241018;100002;51.47;1000;11313182269;B
20241018;100002;51.48;10;11313182278;B
20241018;100002;51.48;10;11313182280;B
20241018;100002;51.48;100;11313182298;B
20241018;100002;51.48;3000;11313182300;B
20241018;100002;51.48;20;11313182301;B
20241018;100003;51.46;10;11313182310;B
20241018;100003;51.46;80;11313182312;B
20241018;100003;51.46;50;11313182313;B
20241018;100003;51.46;10;11313182322;B
20241018;100003;51.46;50;11313182328;B
20241018;100003;51.46;20;11313182330;B
20241018;100003;51.46;10;11313182331;B
20241018;100003;51.46;200;11313182335;B
20241018;100003;51.38;10;11313182342;S
20241018;100003;51.46;20;11313182355;B
20241018;100003;51.46;50;11313182384;B
20241018;100003;51.38;3690;11313182389;S
20241018;100003;51.38;2220;11313182390;S
20241018;100003;51.37;5000;11313182391;S
20241018;100003;51.31;4090;11313182392;S
20241018;100003;51.46;10;11313182397;B
20241018;100003;51.46;10;11313182399;B
20241018;100003;51.46;20;11313182406;B
20241018;100003;51.46;1000;11313182408;B
20241018;100003;51.46;10;11313182411;B
20241018;100003;51.46;10;11313182413;B
20241018;100003;51.46;150;11313182415;B
20241018;100003;51.44;10;11313182419;B
20241018;100003;51.32;10;11313182420;S
20241018;100003;51.44;200;11313182423;B
20241018;100003;51.44;30;11313182424;B
20241018;100003;51.44;10;11313182425;B
20241018;100003;51.44;30;11313182426;B
20241018;100003;51.44;20;11313182434;B
20241018;100003;51.44;10;11313182437;B
20241018;100003;51.44;10;11313182439;B
20241018;100003;51.44;100;11313182442;B
20241018;100003;51.32;400;11313182444;S
20241018;100003;51.44;10;11313182446;B
20241018;100003;51.44;600;11313182448;B
20241018;100003;51.44;100;11313182454;B
20241018;100003;51.44;100;11313182457;B
20241018;100003;51.44;450;11313182459;B
20241018;100003;51.44;100;11313182460;B
20241018;100003;51.44;10;11313182470;B
20241018;100003;51.44;1200;11313182472;B
20241018;100003;51.44;100;11313182474;B
20241018;100003;51.32;200;11313182478;S
20241018;100003;51.44;10;11313182482;B
20241018;100003;51.44;10;11313182484;B
20241018;100003;51.44;1000;11313182485;B
20241018;100003;51.44;40;11313182486;B
20241018;100003;51.32;1500;11313182487;S
20241018;100003;51.44;1290;11313182488;B
20241018;100003;51.44;810;11313182489;S
20241018;100003;51.42;100;11313182497;B
20241018;100003;51.33;300;11313182510;S
20241018;100003;51.33;210;11313182512;S
20241018;100003;51.45;100;11313182516;B
20241018;100003;51.44;10;11313182520;B
20241018;100003;51.44;60;11313182527;B
20241018;100003;51.35;500;11313182581;S
20241018;100003;51.46;10;11313182589;B
20241018;100003;51.35;210;11313182599;S
20241018;100003;51.46;10;11313182603;B
20241018;100003;51.46;10;11313182607;B
20241018;100003;51.35;400;11313182608;S
20241018;100003;51.46;1000;11313182612;B
20241018;100003;51.46;10;11313182613;B
20241018;100003;51.46;50;11313182624;B
20241018;100003;51.46;450;11313182628;B
20241018;100003;51.46;10;11313182629;B
20241018;100003;51.35;1150;11313182633;S
20241018;100003;51.46;10;11313182634;B
20241018;100003;51.45;30;11313182659;B
20241018;100003;51.45;10;11313182660;B
20241018;100003;51.44;40;11313182661;B
20241018;100003;51.44;100;11313182669;B
20241018;100003;51.44;10;11313182670;B
20241018;100003;51.47;10;11313182671;B
20241018;100003;51.46;50;11313182676;B
20241018;100003;51.46;50;11313182678;B
20241018;100003;51.46;100;11313182680;B
20241018;100003;51.46;140;11313182681;B
20241018;100003;51.46;10;11313182687;B
20241018;100003;51.46;10;11313182689;B
20241018;100003;51.35;50;11313182709;S
20241018;100003;51.35;100;11313182714;S
20241018;100003;51.44;10;11313182721;B
20241018;100003;51.44;10;11313182723;B
20241018;100003;51.46;500;11313182733;B
20241018;100003;51.46;10;11313182735;B
20241018;100003;51.46;10;11313182742;B
20241018;100003;51.46;10;11313182743;B
20241018;100003;51.35;100;11313182748;S
20241018;100003;51.46;100;11313182753;B
20241018;100003;51.46;1300;11313182754;B
20241018;100003;51.46;10;11313182760;B
20241018;100003;51.46;50;11313182764;B
20241018;100003;51.46;50;11313182766;B
20241018;100003;51.46;10;11313182771;B
20241018;100003;51.46;10;11313182774;B
20241018;100003;51.46;10;11313182775;B
20241018;100003;51.35;3450;11313182776;S
20241018;100003;51.34;2220;11313182777;S
20241018;100003;51.34;780;11313182778;S
20241018;100003;51.46;1000;11313182779;B
20241018;100003;51.46;30;11313182780;B
20241018;100003;51.46;150;11313182784;B
20241018;100003;51.46;200;11313182785;B
20241018;100003;51.46;10;11313182798;B
20241018;100003;51.46;250;11313182815;B
20241018;100003;51.46;10;11313182827;B
20241018;100003;51.46;20;11313182834;B
20241018;100003;51.34;10;11313182840;S
20241018;100003;51.34;30;11313182842;S
20241018;100003;51.46;20;11313182844;B
20241018;100003;51.46;20;11313182864;B
20241018;100003;51.46;500;11313182865;B
20241018;100003;51.34;2000;11313182868;S
20241018;100003;51.46;90;11313182871;B
20241018;100003;51.34;2090;11313182877;S
20241018;100003;51.46;20;11313182893;B
20241018;100003;51.46;10;11313182898;B
20241018;100003;51.35;10;11313182905;S
20241018;100003;51.35;10;11313182907;S
20241018;100003;51.46;20;11313182908;B
20241018;100004;51.46;100;11313182922;B
20241018;100004;51.46;10;11313182926;B
20241018;100004;51.46;20;11313182932;B
20241018;100004;51.46;10;11313182935;B
20241018;100004;51.46;20;11313182941;B
20241018;100004;51.46;150;11313182942;B
20241018;100004;51.35;1340;11313182946;S
20241018;100004;51.46;1240;11313182954;B
20241018;100004;51.47;600;11313182955;B
20241018;100004;51.46;100;11313182956;B
20241018;100004;51.46;20;11313183006;B
20241018;100004;51.46;50;11313183007;B
20241018;100004;51.46;100;11313183018;B
20241018;100004;51.46;10;11313183022;B
20241018;100004;51.46;40;11313183041;B
20241018;100004;51.36;60;11313183042;S
20241018;100004;51.36;110;11313183050;S
20241018;100004;51.36;10;11313183051;S
20241018;100004;51.46;10;11313183053;B
20241018;100004;51.46;1890;11313183054;B
20241018;100004;51.46;610;11313183057;B
20241018;100004;51.46;250;11313183060;B
20241018;100004;51.46;50;11313183064;B
20241018;100004;51.36;1900;11313183065;S
20241018;100004;51.45;10;11313183068;B
20241018;100004;51.45;10;11313183070;B
20241018;100004;51.45;10;11313183071;B
20241018;100004;51.45;20;11313183079;B
20241018;100004;51.45;90;11313183082;B
20241018;100004;51.45;100;11313183083;B
20241018;100004;51.45;10;11313183096;B
20241018;100004;51.45;40;11313183097;B
20241018;100004;51.5;10;11313183098;B
20241018;100004;51.47;100;11313183113;B
20241018;100004;51.45;10;11313183117;B
20241018;100004;51.47;50;11313183130;B
20241018;100004;51.47;500;11313183138;B
20241018;100004;51.47;370;11313183144;B
20241018;100004;51.45;1000;11313183281;B
20241018;100004;51.45;2500;11313183282;B
20241018;100004;51.45;1000;11313183296;B
20241018;100004;51.45;940;11313183317;B
20241018;100004;51.46;60;11313183318;B
20241018;100004;51.36;300;11313183319;S
20241018;100004;51.45;1000;11313183331;B
20241018;100004;51.45;1000;11313183342;B
20241018;100004;51.45;10;11313183343;B
20241018;100004;51.45;1000;11313183355;B
20241018;100004;51.45;400;11313183367;B
20241018;100004;51.45;20;11313183393;B
20241018;100004;51.45;1000;11313183396;B
20241018;100004;51.45;1000;11313183405;B
20241018;100004;51.45;10;11313183407;B
20241018;100004;51.45;1000;11313183414;S
20241018;100004;51.45;1000;11313183420;B
20241018;100004;51.45;10;11313183421;B
20241018;100004;51.45;1000;11313183430;B
20241018;100004;51.45;1000;11313183442;B
20241018;100004;51.36;100;11313183443;S
20241018;100004;51.45;1000;11313183447;B
20241018;100004;51.45;430;11313183453;B
20241018;100004;51.45;570;11313183456;S
20241018;100004;51.45;1000;11313183464;B
20241018;100004;51.45;1000;11313183467;B
20241018;100004;51.45;1000;11313183472;B
20241018;100004;51.46;1000;11313183474;S
20241018;100004;51.45;1000;11313183481;S
20241018;100004;51.45;1000;11313183483;S
20241018;100004;51.45;1000;11313183485;S
20241018;100004;51.46;1000;11313183486;B
20241018;100004;51.46;1000;11313183487;B
20241018;100004;51.46;1000;11313183488;B
20241018;100004;51.46;1000;11313183491;B
20241018;100004;51.46;100;11313183499;B
20241018;100004;51.46;50;11313183509;B
20241018;100004;51.45;50;11313183555;B
20241018;100004;51.45;10;11313183556;B
20241018;100004;51.36;20;11313183558;S
20241018;100004;51.45;20;11313183560;B
20241018;100004;51.37;20;11313183564;S
20241018;100004;51.37;60;11313183565;S
20241018;100004;51.46;100;11313183604;B
20241018;100004;51.46;10;11313183607;B
20241018;100004;51.46;100;11313183620;B
20241018;100004;51.46;80;11313183624;B
20241018;100004;51.46;20;11313183625;B
20241018;100004;51.46;330;11313183682;B
20241018;100004;51.46;60;11313183701;B
20241018;100004;51.46;60;11313183704;B
20241018;100004;51.46;200;11313183729;B
20241018;100004;51.37;80;11313183735;S
20241018;100004;51.46;50;11313183736;B
20241018;100004;51.37;70;11313183739;S
20241018;100004;51.46;10;11313183742;B
20241018;100004;51.46;10;11313183744;B
20241018;100004;51.37;30;11313183747;S
20241018;100004;51.46;10;11313183760;B
20241018;100004;51.46;110;11313183762;B
20241018;100004;51.46;20;11313183783;B
20241018;100004;51.46;100;11313183786;B
20241018;100004;51.46;10;11313183788;B
20241018;100004;51.37;100;11313183795;S
20241018;100004;51.46;500;11313183798;B
20241018;100004;51.45;50;11313183830;B
20241018;100004;51.45;1000;11313183840;B
20241018;100004;51.37;90;11313183841;S
20241018;100004;51.37;20;11313183859;S
20241018;100004;51.45;10;11313183863;B
20241018;100004;51.45;10;11313183871;B
20241018;100004;51.45;100;11313183887;B
20241018;100004;51.37;100;11313183900;S
20241018;100004;51.37;70;11313183908;S
20241018;100004;51.37;100;11313183909;S
20241018;100004;51.45;10;11313183911;B
20241018;100004;51.37;70;11313183915;S
20241018;100004;51.45;20;11313183916;B
20241018;100004;51.45;50;11313183933;B
20241018;100004;51.45;20;11313183934;B
20241018;100004;51.45;10;11313183949;B
20241018;100004;51.45;10;11313183962;B
20241018;100004;51.45;10;11313183974;B
20241018;100004;51.4;10;11313183991;S
20241018;100004;51.4;10;11313183992;S
20241018;100004;51.37;10;11313183993;S
20241018;100004;51.45;200;11313183994;B
20241018;100004;51.45;1000;11313184007;B
20241018;100004;51.45;10;11313184010;B
20241018;100004;51.45;10;11313184017;B
20241018;100004;51.37;1380;11313184019;S
20241018;100004;51.45;100;11313184023;B
20241018;100004;51.45;2380;11313184036;B
20241018;100004;51.46;2620;11313184037;B
20241018;100004;51.38;40;11313184039;S
20241018;100004;51.38;20;11313184044;S
20241018;100004;51.38;3500;11313184045;S
20241018;100004;51.46;4890;11313184046;B
20241018;100004;51.46;5110;11313184047;B
20241018;100004;51.46;330;11313184068;B
20241018;100004;51.47;670;11313184069;B
20241018;100004;51.46;1000;11313184081;B
20241018;100004;51.39;20;11313184092;S
20241018;100004;51.46;170;11313184130;B
20241018;100004;51.39;1350;11313184132;S
20241018;100004;51.39;3700;11313184133;S
20241018;100004;51.39;5440;11313184134;S
20241018;100004;51.33;260;11313184135;S
20241018;100004;51.33;110;11313184136;S
20241018;100004;51.33;6660;11313184137;S
20241018;100004;51.32;240;11313184138;S
20241018;100004;51.32;130;11313184139;S
20241018;100004;51.32;7000;11313184140;S
20241018;100004;51.31;3000;11313184141;S
20241018;100004;51.3;3000;11313184142;S
20241018;100004;51.29;3000;11313184143;S
20241018;100004;51.28;5000;11313184144;S
20241018;100004;51.27;5000;11313184145;S
20241018;100004;51.25;1000;11313184146;S
20241018;100004;51.25;3000;11313184147;S
20241018;100004;51.24;5000;11313184148;S
20241018;100004;51.24;100;11313184149;S
20241018;100004;51.24;3000;11313184150;S
20241018;100004;51.24;5000;11313184151;S
20241018;100004;51.22;5000;11313184152;S
20241018;100004;51.22;5000;11313184153;S
20241018;100004;51.21;5000;11313184154;S
20241018;100004;51.21;20000;11313184155;S
20241018;100004;51.21;3000;11313184156;S
20241018;100004;51.2;50;11313184157;S
20241018;100004;51.2;7500;11313184158;S
20241018;100004;51.2;20;11313184159;S
20241018;100004;51.18;10;11313184160;S
20241018;100004;51.16;5000;11313184161;S
20241018;100004;51.15;1640;11313184162;S
20241018;100004;51.15;3500;11313184163;S
20241018;100004;51.15;1480;11313184164;S
20241018;100004;51.15;10;11313184165;S
20241018;100004;51.15;2800;11313184166;S
20241018;100004;51.46;10;11313184168;B
20241018;100004;51.42;20;11313184192;B
20241018;100004;51.42;100;11313184218;B
20241018;100004;51.42;2370;11313184244;B
20241018;100004;51.43;2630;11313184245;B
20241018;100005;51.45;1000;11313184248;B
20241018;100005;51.45;50;11313184256;B
20241018;100005;51.45;100;11313184261;B
20241018;100005;51.45;50;11313184293;B
20241018;100005;51.45;4240;11313184345;B
20241018;100005;51.46;30;11313184346;B
20241018;100005;51.46;1730;11313184347;B
20241018;100005;51.45;10;11313184417;B
20241018;100005;51.37;300;11313184464;S
20241018;100005;51.45;10;11313184478;B
20241018;100005;51.45;100;11313184497;B
20241018;100005;51.37;2180;11313184527;S
20241018;100005;51.37;10;11313184531;S
20241018;100005;51.45;1000;11313184550;B
20241018;100005;51.38;70;11313184557;S
20241018;100005;51.45;50;11313184572;B
20241018;100005;51.38;60;11313184582;S
20241018;100005;51.45;30;11313184585;B
20241018;100005;51.38;1530;11313184586;S
20241018;100005;51.45;10;11313184590;B
20241018;100005;51.45;20;11313184592;B
20241018;100005;51.38;10;11313184596;S
20241018;100005;51.38;10;11313184603;S
20241018;100005;51.38;10;11313184606;S
20241018;100005;51.42;10;11313184613;B
20241018;100005;51.38;30;11313184615;S
20241018;100005;51.42;10;11313184620;B
20241018;100005;51.37;10;11313184626;S
20241018;100005;51.37;20;11313184627;S
20241018;100005;51.42;10;11313184692;B
20241018;100005;51.37;70;11313184693;S
20241018;100005;51.37;180;11313184715;S
20241018;100005;51.42;10;11313184759;B
20241018;100005;51.37;20;11313184791;S
20241018;100005;51.42;10;11313184793;B
20241018;100005;51.37;10;11313184806;S
20241018;100005;51.42;500;11313184853;B
20241018;100005;51.42;1000;11313184857;B
20241018;100005;51.42;1000;11313184858;B
20241018;100005;51.42;1000;11313184903;B
20241018;100005;51.42;1000;11313184906;B
20241018;100005;51.42;450;11313184909;B
20241018;100005;51.45;1000;11313184911;B
20241018;100005;51.45;1000;11313184913;B
20241018;100005;51.45;550;11313184916;B
20241018;100005;51.45;660;11313184919;B
20241018;100005;51.45;340;11313184921;S
20241018;100005;51.45;1000;11313184923;S
20241018;100005;51.45;1000;11313184926;S
20241018;100005;51.45;1000;11313184929;S
20241018;100005;51.46;1000;11313184930;B
20241018;100005;51.46;1000;11313184934;B
20241018;100005;51.46;1000;11313184938;B
20241018;100005;51.46;270;11313184941;B
20241018;100005;51.46;30;11313184942;B
20241018;100005;51.46;700;11313184945;S
20241018;100005;51.46;1000;11313184947;S
20241018;100005;51.46;1000;11313184951;S
20241018;100005;51.46;1000;11313184952;S
20241018;100005;51.47;1000;11313184954;B
20241018;100005;51.47;10;11313184955;B
20241018;100005;51.47;1000;11313184956;B
20241018;100005;51.47;1000;11313184961;B
20241018;100005;51.47;1000;11313184963;B
20241018;100005;51.47;1000;11313184965;B
20241018;100005;51.47;1000;11313184973;B
20241018;100005;51.47;1000;11313184976;B
20241018;100005;51.47;1000;11313184979;B
20241018;100005;51.47;1000;11313184986;B
20241018;100005;51.47;320;11313184993;B
20241018;100005;51.5;680;11313185008;B
20241018;100005;51.38;1270;11313185023;S
20241018;100005;51.37;1350;11313185024;S
20241018;100005;51.5;570;11313185028;B
20241018;100005;51.5;430;11313185029;B
20241018;100005;51.51;1000;11313185044;B
20241018;100005;51.51;1000;11313185057;B
20241018;100005;51.51;1000;11313185065;B
20241018;100005;51.51;1000;11313185080;B
20241018;100005;51.51;1000;11313185093;B
20241018;100005;51.51;1000;11313185113;B
20241018;100005;51.51;660;11313185122;B
20241018;100005;51.51;340;11313185123;B
20241018;100005;51.37;1050;11313185127;S
20241018;100005;51.51;1000;11313185132;B
20241018;100005;51.51;1000;11313185136;B
20241018;100005;51.51;1000;11313185143;B
20241018;100005;51.51;1000;11313185146;B
20241018;100005;51.5;400;11313185155;B
20241018;100005;51.5;100;11313185165;B
20241018;100005;51.5;50;11313185191;B
20241018;100005;51.5;20;11313185193;B
20241018;100005;51.37;190;11313185202;S
20241018;100005;51.37;40;11313185203;S
20241018;100005;51.5;20;11313185214;B
20241018;100005;51.5;30;11313185218;B
20241018;100005;51.51;600;11313185219;B
20241018;100005;51.5;50;11313185244;B
20241018;100005;51.5;10;11313185253;B
20241018;100005;51.5;10;11313185268;B
20241018;100005;51.32;1950;11313185334;B
20241018;100005;51.41;260;11313185394;B
20241018;100005;51.48;140;11313185395;B
20241018;100005;51.48;140;11313185485;B
20241018;100005;51.49;210;11313185486;B
20241018;100005;51.5;900;11313185487;B
20241018;100005;51.5;500;11313185488;B
20241018;100005;51.51;2410;11313185489;B
20241018;100005;51.5;1000;11313185504;B
20241018;100005;51.37;100;11313185518;S
20241018;100005;51.42;400;11313185532;B
20241018;100005;51.42;50;11313185539;B
20241018;100005;51.42;1000;11313185540;B
20241018;100005;51.42;3000;11313185625;B
20241018;100005;51.42;10;11313185656;B
20241018;100005;51.42;50;11313185660;B
20241018;100005;51.42;80;11313185662;B
20241018;100005;51.42;400;11313185665;B
20241018;100005;51.42;20;11313185666;B
20241018;100005;51.42;10;11313185667;B
20241018;100005;51.42;400;11313185734;B
20241018;100005;51.42;20;11313185750;B
20241018;100005;51.29;780;11313185766;S
20241018;100005;51.42;40;11313185772;B
20241018;100005;51.42;20;11313185775;B
20241018;100005;51.31;50;11313185776;S
20241018;100005;51.31;10;11313185777;S
20241018;100005;51.42;2000;11313185782;B
20241018;100005;51.45;60;11313185783;B
20241018;100005;51.48;30;11313185784;B
20241018;100005;51.49;2270;11313185785;B
20241018;100005;51.5;1000;11313185786;B
20241018;100005;51.5;30;11313185787;B
20241018;100005;51.51;2800;11313185788;B
20241018;100005;51.52;2510;11313185789;B
20241018;100005;51.32;20;11313185791;S
20241018;100005;51.51;840;11313185792;B
20241018;100005;51.52;1160;11313185793;B
20241018;100005;51.51;20;11313185838;B
20241018;100005;51.52;80;11313185839;B
20241018;100005;51.37;20;11313185858;S
20241018;100005;51.51;10;11313185859;S
20241018;100005;51.37;10;11313185860;S
20241018;100005;51.37;20;11313185863;S
20241018;100005;51.37;460;11313185867;S
20241018;100005;51.37;10;11313185885;S
20241018;100005;51.52;10;11313185888;B
20241018;100005;51.52;10;11313185934;B
20241018;100005;51.52;200;11313185937;B
20241018;100005;51.37;380;11313185939;S
20241018;100005;51.52;10;11313185943;B
20241018;100005;51.37;180;11313185944;S
20241018;100005;51.51;10;11313186033;B
20241018;100005;51.52;40;11313186045;B
20241018;100005;51.52;2000;11313186046;B
20241018;100005;51.37;200;11313186047;S
20241018;100005;51.37;40;11313186069;S
20241018;100005;51.52;10;11313186072;B
20241018;100005;51.51;10;11313186082;S
20241018;100005;51.5;10;11313186159;S
20241018;100005;51.41;3000;11313186198;B
20241018;100005;51.3;310;11313186239;S
20241018;100005;51.31;300;11313186267;S
20241018;100005;51.41;10;11313186281;B
20241018;100005;51.29;20;11313186288;S
20241018;100005;51.31;5450;11313186303;S
20241018;100005;51.3;6350;11313186304;S
20241018;100005;51.26;8500;11313186305;S
20241018;100005;51.25;5700;11313186306;S
20241018;100005;51.41;10;11313186316;B
20241018;100005;51.28;10;11313186326;S
20241018;100005;51.26;10;11313186345;S
20241018;100005;51.41;210;11313186364;B
20241018;100005;51.41;1000;11313186419;B
20241018;100005;51.41;200;11313186442;B
20241018;100006;51.39;10;11313186562;S
20241018;100006;51.39;30;11313186625;B
20241018;100006;51.39;30;11313186643;B
20241018;100006;51.39;10;11313186654;B
20241018;100006;51.39;100;11313186724;B
20241018;100006;51.38;600;11313186783;S
20241018;100006;51.39;200;11313186835;B
20241018;100006;51.28;50;11313186856;S
20241018;100006;51.39;5800;11313186857;B
20241018;100006;51.4;20800;11313186858;B
20241018;100006;51.41;570;11313186859;B
20241018;100006;51.43;5450;11313186860;B
20241018;100006;51.44;3000;11313186861;B
20241018;100006;51.44;5000;11313186862;B
20241018;100006;51.5;2800;11313186863;B
20241018;100006;51.5;1580;11313186864;S
20241018;100006;51.51;440;11313186865;B
20241018;100006;51.52;1560;11313186866;B
20241018;100006;51.52;300;11313186867;B
20241018;100006;51.42;10;11313186868;S
20241018;100006;51.52;10;11313186869;B
20241018;100006;51.42;50;11313186870;S
20241018;100006;51.51;1300;11313186879;B
20241018;100006;51.51;10;11313186895;B
20241018;100006;51.51;10;11313186904;B
20241018;100006;51.42;440;11313186907;S
20241018;100006;51.36;60;11313186908;S
20241018;100006;51.36;50;11313186909;S
20241018;100006;51.3;40;11313186913;S
20241018;100006;51.3;100;11313186915;S
20241018;100006;51.32;200;11313186918;S
20241018;100006;51.32;1320;11313186920;S
20241018;100006;51.5;10;11313186922;B
20241018;100006;51.5;10;11313186932;B
20241018;100006;51.5;10;11313186964;B
20241018;100006;51.48;10;11313186983;B
20241018;100006;51.46;10;11313187037;B
20241018;100006;51.46;10;11313187143;B
20241018;100006;51.3;610;11313187145;S
20241018;100006;51.3;40;11313187146;S
20241018;100006;51.32;30;11313187148;S
20241018;100006;51.34;10;11313187149;S
20241018;100006;51.35;230;11313187150;S
20241018;100006;51.46;1000;11313187240;B
20241018;100006;51.46;710;11313187248;B
20241018;100006;51.46;290;11313187249;S
20241018;100006;51.47;820;11313187258;B
20241018;100006;51.51;1000;11313187263;B
20241018;100006;51.51;180;11313187266;B
20241018;100006;51.51;1000;11313187270;B
20241018;100006;51.51;1000;11313187283;B
20241018;100006;51.51;1000;11313187286;B
20241018;100006;51.51;1000;11313187292;B
20241018;100006;51.51;170;11313187293;B
20241018;100006;51.51;830;11313187294;S
20241018;100006;51.52;1000;11313187295;B
20241018;100006;51.52;1000;11313187296;B
20241018;100006;51.52;100;11313187297;B
20241018;100006;51.52;900;11313187298;B
20241018;100006;51.52;1000;11313187300;B
20241018;100006;51.52;1000;11313187301;B
20241018;100006;51.52;1000;11313187302;B
20241018;100006;51.52;1000;11313187304;B
20241018;100006;51.52;1000;11313187306;B
20241018;100006;51.3;10;11313187307;S
20241018;100006;51.52;1000;11313187308;B
20241018;100006;51.51;10;11313187311;B
20241018;100006;51.52;990;11313187312;B
20241018;100006;51.52;1000;11313187313;B
20241018;100006;51.52;1000;11313187314;B
20241018;100006;51.52;110;11313187315;B
20241018;100006;51.52;120;11313187316;B
20241018;100006;51.52;50;11313187317;B
20241018;100006;51.52;720;11313187318;B
20241018;100006;51.52;780;11313187319;B
20241018;100006;51.52;220;11313187320;B
20241018;100006;51.52;780;11313187321;B
20241018;100006;51.52;220;11313187323;S
20241018;100006;51.52;1000;11313187324;S
20241018;100006;51.52;1000;11313187325;S
20241018;100006;51.52;1000;11313187326;S
20241018;100006;51.52;1000;11313187327;S
20241018;100006;51.53;10;11313187328;B
20241018;100006;51.53;990;11313187329;B
20241018;100006;51.53;510;11313187330;B
20241018;100006;51.53;120;11313187331;B
20241018;100006;51.53;370;11313187333;S
20241018;100006;51.55;100;11313187334;B
20241018;100006;51.53;1000;11313187335;S
20241018;100006;51.53;1000;11313187338;S
20241018;100006;51.53;1000;11313187340;S
20241018;100006;51.53;1000;11313187341;S
20241018;100006;51.55;200;11313187342;B
20241018;100006;51.55;770;11313187343;B
20241018;100006;51.55;30;11313187344;B
20241018;100006;51.55;1000;11313187345;B
20241018;100006;51.55;1000;11313187348;B
20241018;100006;51.55;1000;11313187349;B
20241018;100006;51.55;1000;11313187350;B
20241018;100006;51.55;1000;11313187351;B
20241018;100006;51.55;1000;11313187352;B
20241018;100006;51.55;1000;11313187353;B
20241018;100006;51.55;1000;11313187354;B
20241018;100006;51.55;1000;11313187356;B
20241018;100006;51.55;970;11313187357;B
20241018;100006;51.55;30;11313187359;S
20241018;100006;51.55;1000;11313187360;S
20241018;100006;51.55;1000;11313187363;S
20241018;100006;51.56;1000;11313187366;B
20241018;100006;51.56;1000;11313187368;B
20241018;100006;51.56;660;11313187369;B
20241018;100006;51.56;340;11313187370;B
20241018;100006;51.56;430;11313187371;B
20241018;100006;51.56;570;11313187372;B
20241018;100006;51.56;1000;11313187373;B
20241018;100006;51.56;930;11313187374;B
20241018;100006;51.56;70;11313187376;S
20241018;100006;51.56;1000;11313187377;S
20241018;100006;51.57;770;11313187378;B
20241018;100006;51.57;230;11313187379;B
20241018;100006;51.57;190;11313187380;B
20241018;100006;51.57;810;11313187383;S
20241018;100006;51.57;1000;11313187384;S
20241018;100006;51.58;770;11313187385;B
20241018;100006;51.58;230;11313187386;S
20241018;100006;51.58;1000;11313187387;S
20241018;100006;51.58;1000;11313187388;S
20241018;100006;51.58;1000;11313187389;S
20241018;100006;51.59;1000;11313187390;B
20241018;100006;51.59;1000;11313187391;B
20241018;100006;51.59;340;11313187392;B
20241018;100006;51.59;660;11313187393;B
20241018;100006;51.59;1000;11313187394;B
20241018;100006;51.5;10;11313187395;S
20241018;100006;51.49;1990;11313187396;S
20241018;100006;51.59;1000;11313187397;B
20241018;100006;51.49;10;11313187398;S
20241018;100006;51.37;30;11313187399;S
20241018;100006;51.58;30;11313187401;B
20241018;100006;51.59;470;11313187402;B
20241018;100006;51.59;8000;11313187413;B
20241018;100006;51.59;2000;11313187464;B
20241018;100006;51.59;10;11313187469;B
20241018;100006;51.59;50;11313187487;B
20241018;100006;51.5;1000;11313187512;S
20241018;100006;51.48;110;11313187516;B
20241018;100006;51.48;20;11313187518;B
20241018;100006;51.48;100;11313187520;B
20241018;100006;51.38;1480;11313187527;S
20241018;100006;51.48;20;11313187530;B
20241018;100006;51.48;3750;11313187531;B
20241018;100006;51.49;10;11313187546;S
20241018;100006;51.5;100;11313187587;S
20241018;100006;51.5;1000;11313187588;S
20241018;100006;51.49;730;11313187589;S
20241018;100006;51.57;400;11313187619;B
20241018;100006;51.57;200;11313187643;B
20241018;100006;51.58;60;11313187644;B
20241018;100006;51.49;590;11313187672;S
20241018;100006;51.51;130;11313187717;S
20241018;100006;51.5;30;11313187718;S
20241018;100006;51.5;10;11313187725;S
20241018;100006;51.5;10;11313187730;S
20241018;100006;51.5;500;11313187736;S
20241018;100006;51.5;450;11313187739;S
20241018;100006;51.49;50;11313187740;S
20241018;100006;51.51;80;11313187782;S
20241018;100006;51.49;70;11313187783;S
20241018;100006;51.49;70;11313187785;S
20241018;100006;51.51;20;11313187951;S
20241018;100006;51.51;540;11313187994;S
20241018;100006;51.51;10;11313187995;S
20241018;100006;51.51;20;11313187997;S
20241018;100006;51.58;10;11313187998;B
20241018;100007;51.51;1250;11313188041;S
20241018;100007;51.5;10;11313188042;S
20241018;100007;51.5;4000;11313188043;S
20241018;100007;51.49;4740;11313188044;S
20241018;100007;51.58;350;11313188197;B
20241018;100007;51.58;110;11313188219;B
20241018;100007;51.58;250;11313188244;B
20241018;100007;51.5;30;11313188254;S
20241018;100007;51.49;2410;11313188255;S
20241018;100007;51.49;150;11313188256;S
20241018;100007;51.47;10;11313188257;S
20241018;100007;51.47;20;11313188258;S
20241018;100007;51.47;10;11313188259;S
20241018;100007;51.47;1000;11313188260;S
20241018;100007;51.46;1370;11313188261;S
20241018;100007;51.58;50;11313188287;B
20241018;100007;51.51;60;11313188303;S
20241018;100007;51.51;150;11313188499;S
20241018;100007;51.51;1630;11313188561;S
20241018;100007;51.5;100;11313188562;S
20241018;100007;51.47;500;11313188563;S
20241018;100007;51.46;570;11313188564;S
20241018;100007;51.46;100;11313188565;S
20241018;100007;51.46;1000;11313188566;S
20241018;100007;51.45;1100;11313188567;S
20241018;100007;51.57;50;11313188617;B
20241018;100007;51.46;2000;11313188737;S
20241018;100007;51.57;1000;11313188740;B
20241018;100007;51.57;1000;11313188742;S
20241018;100007;51.57;1000;11313188743;B
20241018;100007;51.57;1000;11313188744;B
20241018;100007;51.47;600;11313188746;S
20241018;100007;51.46;400;11313188747;S
20241018;100007;51.56;600;11313188751;B
20241018;100007;51.58;400;11313188752;B
20241018;100007;51.46;600;11313188753;S
20241018;100007;51.46;300;11313188754;B
20241018;100007;51.57;1000;11313188755;B
20241018;100007;51.46;1000;11313188756;B
20241018;100007;51.46;600;11313188759;S
20241018;100007;51.45;400;11313188760;S
20241018;100007;51.56;600;11313188761;B
20241018;100007;51.56;300;11313188762;S
20241018;100007;51.56;100;11313188763;S
20241018;100007;51.55;60;11313188764;B
20241018;100007;51.56;940;11313188769;S
20241018;100007;51.55;320;11313188771;S
20241018;100007;51.57;1000;11313188773;S
20241018;100007;51.57;100;11313188774;S
20241018;100007;51.57;20;11313188775;S
20241018;100007;51.57;880;11313188776;S
20241018;100007;51.57;120;11313188777;S
20241018;100007;51.57;880;11313188778;S
20241018;100007;51.57;120;11313188779;S
20241018;100007;51.57;880;11313188786;S
20241018;100007;51.47;600;11313188787;S
20241018;100007;51.46;400;11313188788;S
20241018;100007;51.53;600;11313188789;B
20241018;100007;51.54;120;11313188790;B
20241018;100007;51.54;280;11313188791;B
20241018;100007;51.46;600;11313188792;S
20241018;100007;51.46;120;11313188793;S
20241018;100007;51.54;720;11313188795;B
20241018;100007;51.56;280;11313188796;B
20241018;100007;51.47;600;11313188799;S
20241018;100007;51.46;400;11313188800;S
20241018;100007;51.53;600;11313188801;B
20241018;100007;51.56;400;11313188802;B
20241018;100007;51.46;1000;11313188803;S
20241018;100007;51.56;320;11313188804;B
20241018;100007;51.58;220;11313188805;B
20241018;100007;51.59;140;11313188806;B
20241018;100007;51.47;600;11313188809;S
20241018;100007;51.46;400;11313188810;S
20241018;100007;51.54;1000;11313188811;S
20241018;100007;51.56;1000;11313188812;S
20241018;100007;51.56;1000;11313188814;S
20241018;100007;51.57;610;11313188817;B
20241018;100007;51.58;390;11313188818;B
20241018;100007;51.57;590;11313188819;S
20241018;100007;51.57;410;11313188820;S
20241018;100007;51.47;600;11313188821;S
20241018;100007;51.46;400;11313188822;B
20241018;100007;51.57;600;11313188823;S
20241018;100007;51.57;1000;11313188824;S
20241018;100007;51.57;1000;11313188826;B
20241018;100007;51.56;600;11313188827;B
20241018;100007;51.58;400;11313188828;B
20241018;100007;51.46;1000;11313188830;S
20241018;100007;51.58;1000;11313188831;B
20241018;100007;51.58;10;11313188832;B
20241018;100007;51.58;990;11313188833;B
20241018;100007;51.57;1000;11313188834;S
20241018;100007;51.58;1000;11313188835;S
20241018;100007;51.58;1000;11313188836;S
20241018;100007;51.57;1000;11313188838;B
20241018;100007;51.59;1000;11313188839;B
20241018;100007;51.59;1000;11313188840;B
20241018;100007;51.46;500;11313188841;S
20241018;100007;51.46;500;11313188842;S
20241018;100007;51.59;1000;11313188843;B
20241018;100007;51.46;100;11313188844;S
20241018;100007;51.46;900;11313188845;S
20241018;100007;51.57;1000;11313188847;S
20241018;100007;51.56;1000;11313188848;B
20241018;100007;51.58;500;11313188849;B
20241018;100007;51.58;500;11313188850;B
20241018;100007;51.58;400;11313188851;B
20241018;100007;51.59;600;11313188852;B
20241018;100007;51.47;600;11313188853;S
20241018;100007;51.47;400;11313188854;S
20241018;100007;51.59;1000;11313188855;B
20241018;100007;51.47;100;11313188856;S
20241018;100007;51.46;900;11313188857;S
20241018;100007;51.58;1000;11313188862;S
20241018;100007;51.58;1000;11313188863;S
20241018;100007;51.58;1000;11313188864;S
20241018;100007;51.59;1000;11313188865;B
20241018;100007;51.59;1000;11313188866;B
20241018;100007;51.59;1000;11313188867;B
20241018;100007;51.59;1000;11313188868;B
20241018;100007;51.59;1000;11313188869;B
20241018;100007;51.59;1000;11313188870;B
20241018;100007;51.58;900;11313188871;B
20241018;100007;51.59;100;11313188872;B
20241018;100007;51.59;1000;11313188873;B
20241018;100007;51.58;1000;11313188874;B
20241018;100007;51.58;1000;11313188875;B
20241018;100007;51.58;1000;11313188876;B
20241018;100007;51.58;1000;11313188877;B
20241018;100007;51.58;1000;11313188878;B
20241018;100007;51.58;1000;11313188879;B
20241018;100007;51.58;1000;11313188881;B
20241018;100007;51.59;1000;11313188882;B
20241018;100007;51.59;1000;11313188884;B
20241018;100007;51.59;1000;11313188885;B
20241018;100007;51.59;1000;11313188886;B
20241018;100007;51.59;1000;11313188888;B
20241018;100007;51.59;1000;11313188889;B
20241018;100007;51.59;1000;11313188890;B
20241018;100007;51.59;1000;11313188891;B
20241018;100007;51.59;1000;11313188892;B
20241018;100007;51.59;1000;11313188893;B
20241018;100007;51.59;1000;11313188894;B
20241018;100007;51.59;1000;11313188895;B
20241018;100007;51.59;1000;11313188896;B
20241018;100007;51.59;1000;11313188897;B
20241018;100007;51.59;1000;11313188899;B
20241018;100007;51.59;1000;11313188900;B
20241018;100007;51.48;500;11313188901;S
20241018;100007;51.58;500;11313188902;B
20241018;100007;51.58;500;11313188903;S
20241018;100007;51.58;1000;11313188904;S
20241018;100007;51.59;1000;11313188905;B
20241018;100007;51.59;1000;11313188906;B
20241018;100007;51.49;500;11313188907;S
20241018;100007;51.59;1000;11313188908;B
20241018;100007;51.59;1000;11313188909;B
20241018;100007;51.58;500;11313188911;B
20241018;100007;51.58;500;11313188913;S
20241018;100007;51.58;1000;11313188914;S
20241018;100007;51.57;300;11313188915;B
20241018;100007;51.59;700;11313188916;B
20241018;100007;51.46;1000;11313188917;S
20241018;100007;51.59;1000;11313188918;B
20241018;100007;51.48;5000;11313188919;B
20241018;100007;51.58;1000;11313188925;B
20241018;100007;51.48;1000;11313188926;S
20241018;100007;51.49;6660;11313188929;S
20241018;100007;51.48;4500;11313188930;S
20241018;100007;51.47;5430;11313188931;S
20241018;100007;51.45;8620;11313188932;S
20241018;100007;51.44;10;11313188933;S
20241018;100007;51.44;4780;11313188934;S
20241018;100007;51.45;10;11313189211;S
20241018;100007;51.45;10;11313189264;S
20241018;100007;51.45;10;11313189268;S
20241018;100007;51.45;10;11313189276;S
20241018;100007;51.46;500;11313189330;B
20241018;100007;51.52;10;11313189335;B
20241018;100007;51.52;150;11313189354;B
20241018;100007;51.45;3000;11313189368;S
20241018;100007;51.45;40;11313189374;S
20241018;100007;51.45;130;11313189375;S
20241018;100007;51.45;20;11313189380;S
20241018;100007;51.45;10;11313189381;S
20241018;100007;51.45;1110;11313189382;S
20241018;100007;51.45;20;11313189403;S
20241018;100007;51.45;40;11313189411;S
20241018;100007;51.45;10;11313189412;S
20241018;100007;51.45;1010;11313189417;S
20241018;100007;51.44;20;11313189418;S
20241018;100007;51.43;10;11313189419;S
20241018;100007;51.43;70;11313189420;S
20241018;100007;51.43;80;11313189422;S
20241018;100007;51.43;170;11313189427;S
20241018;100007;51.52;20;11313189470;B
20241018;100007;51.43;980;11313189476;S
20241018;100007;51.5;20;11313189479;B
20241018;100007;51.5;2410;11313189485;B
20241018;100007;51.49;20;11313189622;S
20241018;100007;51.49;480;11313189629;S
20241018;100007;51.44;500;11313189630;S
20241018;100007;51.43;120;11313189631;S
20241018;100007;51.43;250;11313189667;S
20241018;100007;51.43;650;11313189702;S
20241018;100007;51.43;650;11313189703;S
20241018;100007;51.43;30;11313189724;S
20241018;100007;51.47;500;11313189727;B
20241018;100007;51.44;10;11313189729;S
20241018;100007;51.44;500;11313189730;S
20241018;100007;51.44;20;11313189731;S
20241018;100007;51.44;300;11313189732;S
20241018;100007;51.44;210;11313189733;S
20241018;100008;51.49;10;11313189796;S
20241018;100008;51.44;10;11313189797;S
20241018;100008;51.44;30;11313189799;S
20241018;100008;51.44;10;11313189802;S
20241018;100008;51.52;20;11313189804;B
20241018;100008;51.52;20;11313189806;B
20241018;100008;51.52;10;11313189808;B
20241018;100008;51.51;3000;11313189846;B
20241018;100008;51.51;100;11313189974;B
20241018;100008;51.5;600;11313190077;B
20241018;100008;51.51;400;11313190078;B
20241018;100008;51.51;500;11313190079;B
20241018;100008;51.51;100;11313190080;S
20241018;100008;51.52;1000;11313190083;B
20241018;100008;51.52;1000;11313190085;B
20241018;100008;51.53;1000;11313190088;B
20241018;100008;51.53;400;11313190091;B
20241018;100008;51.53;1000;11313190092;B
20241018;100008;51.53;1000;11313190188;B
20241018;100008;51.53;1000;11313190190;B
20241018;100008;51.52;1000;11313190192;S
20241018;100008;51.53;1000;11313190194;B
20241018;100008;51.52;1000;11313190196;S
20241018;100008;51.53;40;11313190197;B
20241018;100008;51.53;960;11313190198;S
20241018;100008;51.52;40;11313190199;S
20241018;100008;51.53;1000;11313190200;S
20241018;100008;51.53;1000;11313190202;S
20241018;100008;51.53;1000;11313190203;S
20241018;100008;51.54;500;11313190205;B
20241018;100008;51.54;500;11313190206;S
20241018;100008;51.52;500;11313190207;S
20241018;100008;51.54;1000;11313190209;S
20241018;100008;51.54;1000;11313190211;S
20241018;100008;51.53;1000;11313190215;B
20241018;100008;51.53;1000;11313190216;B
20241018;100008;51.47;600;11313190217;S
20241018;100008;51.47;2050;11313190218;S
20241018;100008;51.46;1350;11313190219;S
20241018;100008;51.46;1000;11313190221;S
20241018;100008;51.55;1000;11313190222;B
20241018;100008;51.54;600;11313190223;B
20241018;100008;51.55;400;11313190224;B
20241018;100008;51.46;1000;11313190225;S
20241018;100008;51.55;460;11313190227;B
20241018;100008;51.47;600;11313190228;S
20241018;100008;51.46;400;11313190229;S
20241018;100008;51.53;1000;11313190231;S
20241018;100008;51.54;1000;11313190233;B
20241018;100008;51.46;750;11313190234;S
20241018;100008;51.46;250;11313190235;S
20241018;100008;51.54;1000;11313190236;B
20241018;100008;51.52;1000;11313190238;B
20241018;100008;51.47;600;11313190239;S
20241018;100008;51.45;400;11313190240;S
20241018;100008;51.53;600;11313190241;B
20241018;100008;51.53;400;11313190242;B
20241018;100008;51.46;1000;11313190244;B
20241018;100008;51.52;1000;11313190246;B
20241018;100008;51.52;1000;11313190247;B
20241018;100008;51.52;600;11313190249;B
20241018;100008;51.52;400;11313190250;B
20241018;100008;51.52;500;11313190251;B
20241018;100008;51.53;500;11313190252;B
20241018;100008;51.52;100;11313190253;B
20241018;100008;51.53;900;11313190254;B
20241018;100008;51.53;1000;11313190257;B
20241018;100008;51.53;1000;11313190258;B
20241018;100008;51.53;700;11313190259;B
20241018;100008;51.53;100;11313190260;S
20241018;100008;51.53;200;11313190270;S
20241018;100008;51.53;690;11313190271;S
20241018;100008;51.53;310;11313190272;S
20241018;100008;51.52;1000;11313190273;S
20241018;100008;51.52;710;11313190274;S
20241018;100008;51.52;290;11313190457;S
20241018;100008;51.49;600;11313190458;S
20241018;100008;51.45;210;11313190512;S
20241018;100008;51.45;10;11313190513;S
20241018;100008;51.45;200;11313190514;S
20241018;100008;51.45;1500;11313190516;S
20241018;100008;51.45;100;11313190518;S
20241018;100008;51.45;10;11313190520;S
20241018;100008;51.45;3400;11313190521;S
20241018;100008;51.43;10;11313190522;S
20241018;100008;51.43;600;11313190523;S
20241018;100008;51.43;460;11313190524;S
20241018;100008;51.43;10;11313190525;S
20241018;100008;51.43;40;11313190531;S
20241018;100008;51.43;10;11313190535;S
20241018;100008;51.43;5380;11313190541;S
20241018;100008;51.42;6930;11313190542;S
20241018;100008;51.44;100;11313190603;S
20241018;100008;51.44;100;11313190607;S
20241018;100008;51.46;100;11313190609;S
20241018;100008;51.47;200;11313190618;B
20241018;100008;51.47;200;11313190619;B
20241018;100008;51.47;200;11313190621;B
20241018;100008;51.47;200;11313190622;B
20241018;100008;51.47;200;11313190623;B
20241018;100008;51.48;3000;11313190625;B
20241018;100009;51.47;40;11313190921;S
20241018;100009;51.48;980;11313190944;B
20241018;100010;51.48;1000;11313191167;B
20241018;100010;51.48;100;11313191171;B
20241018;100010;51.48;1530;11313191196;B
20241018;100010;51.49;100;11313191198;B
20241018;100010;51.49;360;11313191199;B
20241018;100010;51.49;540;11313191200;B
20241018;100010;51.49;1000;11313191230;B
20241018;100010;51.5;1000;11313191232;B
20241018;100010;51.47;10;11313191235;S
20241018;100010;51.5;80;11313191240;B
20241018;100010;51.5;530;11313191251;B
20241018;100010;51.5;100;11313191260;B
20241018;100010;51.5;500;11313191261;B
20241018;100010;51.5;10;11313191299;B
20241018;100010;51.52;40;11313191300;B
20241018;100010;51.51;300;11313191328;B
20241018;100010;51.48;40;11313191334;B
20241018;100010;51.47;350;11313191335;S
20241018;100010;51.46;50;11313191336;S
20241018;100010;51.48;100;11313191365;S
20241018;100010;51.47;600;11313191366;S
20241018;100010;51.46;1100;11313191367;S
20241018;100010;51.46;200;11313191368;S
20241018;100011;51.49;1000;11313191449;B
20241018;100011;51.49;2000;11313191450;B
20241018;100011;51.51;290;11313191451;B
20241018;100011;51.51;50;11313191474;S
20241018;100011;51.52;200;11313191504;B
20241018;100011;51.53;1660;11313191505;B
20241018;100011;51.49;210;11313191524;B
20241018;100011;51.49;2000;11313191536;B
20241018;100011;51.49;130;11313191590;B
20241018;100011;51.49;600;11313191591;B
20241018;100011;51.52;1500;11313191592;B
20241018;100011;51.53;2370;11313191593;B
20241018;100012;51.48;100;11313191716;S
20241018;100012;51.47;50;11313191717;S
20241018;100012;51.53;1000;11313191731;B
20241018;100012;51.53;400;11313191734;B
20241018;100012;51.53;600;11313191735;B
20241018;100012;51.47;50;11313191862;S
20241018;100012;51.53;1000;11313191889;B
20241018;100012;51.53;1200;11313191914;B
20241018;100012;51.53;5430;11313191915;B
20241018;100012;51.53;7800;11313191924;S
20241018;100012;51.54;1000;11313191936;B
20241018;100012;51.53;500;11313191945;S
20241018;100012;51.54;1000;11313191946;B
20241018;100012;51.53;70;11313191947;S
20241018;100012;51.54;100;11313191948;B
20241018;100012;51.54;1000;11313191949;B
20241018;100012;51.5;100;11313191965;S
20241018;100012;51.53;100;11313191988;B
20241018;100012;51.53;900;11313191989;S
20241018;100012;51.53;900;11313191990;S
20241018;100012;51.53;100;11313191991;S
20241018;100012;51.54;1000;11313191992;B
20241018;100012;51.54;1000;11313191996;B
20241018;100012;51.54;1000;11313191997;B
20241018;100012;51.54;1000;11313191998;B
20241018;100012;51.54;660;11313192000;B
20241018;100012;51.54;340;11313192001;B
20241018;100012;51.54;1000;11313192002;B
20241018;100012;51.53;100;11313192003;S
20241018;100012;51.5;400;11313192004;S
20241018;100012;51.54;1000;11313192005;B
20241018;100012;51.5;100;11313192006;S
20241018;100012;51.54;460;11313192007;B
20241018;100012;51.54;540;11313192008;B
20241018;100012;51.54;700;11313192009;B
20241018;100012;51.53;500;11313192010;B
20241018;100012;51.53;400;11313192011;B
20241018;100013;51.49;40;11313192212;S
20241018;100013;51.49;600;11313192213;S
20241018;100013;51.48;1000;11313192214;S
20241018;100013;51.48;4430;11313192222;S
20241018;100013;51.48;500;11313192223;S
20241018;100013;51.48;70;11313192224;S
20241018;100014;51.52;600;11313192259;B
20241018;100014;51.53;1000;11313192275;B
20241018;100014;51.53;1000;11313192277;B
20241018;100014;51.53;400;11313192279;B
20241018;100014;51.54;1000;11313192281;S
20241018;100014;51.53;600;11313192282;S
20241018;100014;51.53;1000;11313192283;B
20241018;100014;51.53;200;11313192284;B
20241018;100014;51.53;70;11313192285;B
20241018;100014;51.54;130;11313192286;B
20241018;100014;51.49;600;11313192395;S
20241018;100014;51.48;5430;11313192396;S
20241018;100014;51.47;900;11313192397;S
20241018;100014;51.46;500;11313192398;S
20241018;100014;51.46;2000;11313192399;S
20241018;100014;51.45;20;11313192400;S
20241018;100014;51.45;2000;11313192401;S
20241018;100014;51.44;100;11313192402;S
20241018;100014;51.43;10;11313192403;S
20241018;100014;51.43;6570;11313192404;S
20241018;100014;51.53;100;11313192540;B
20241018;100014;51.53;300;11313192599;B
20241018;100014;51.53;6500;11313192600;B
20241018;100014;51.53;600;11313192601;B
20241018;100014;51.53;2590;11313192602;B
20241018;100014;51.47;20;11313192630;S
20241018;100014;51.46;600;11313192631;S
20241018;100014;51.46;420;11313192632;S
20241018;100014;51.46;520;11313192633;S
20241018;100015;51.47;600;11313192726;S
20241018;100015;51.46;1200;11313192727;S
20241018;100015;51.52;500;11313192728;B
20241018;100015;51.52;50;11313192753;B
20241018;100015;51.52;50;11313192866;B
20241018;100015;51.53;50;11313192867;B
20241018;100015;51.51;10;11313192936;B
20241018;100015;51.49;60;11313193035;S
20241018;100015;51.47;600;11313193036;S
20241018;100015;51.47;2840;11313193037;S
20241018;100016;51.51;1000;11313193091;B
20241018;100016;51.5;400;11313193093;B
20241018;100016;51.51;600;11313193094;B
20241018;100016;51.51;1000;11313193099;B
20241018;100016;51.51;190;11313193103;B
20241018;100016;51.52;200;11313193105;B
20241018;100016;51.51;810;11313193106;S
20241018;100016;51.51;1000;11313193107;S
20241018;100016;51.52;400;11313193111;B
20241018;100016;51.52;500;11313193112;B
20241018;100016;51.52;100;11313193113;B
20241018;100016;51.53;310;11313193116;B
20241018;100016;51.52;600;11313193118;B
20241018;100016;51.53;1000;11313193120;B
20241018;100016;51.53;1000;11313193122;B
20241018;100016;51.53;480;11313193124;B
20241018;100016;51.53;100;11313193125;B
20241018;100016;51.54;1000;11313193128;B
20241018;100016;51.54;1000;11313193131;B
20241018;100016;51.54;1000;11313193151;B
20241018;100016;51.54;1000;11313193153;B
20241018;100016;51.53;420;11313193216;S
20241018;100016;51.53;580;11313193217;B
20241018;100016;51.54;1000;11313193218;B
20241018;100016;51.54;1000;11313193219;B
20241018;100016;51.54;1000;11313193220;B
20241018;100016;51.54;430;11313193221;B
20241018;100016;51.54;200;11313193222;B
20241018;100016;51.54;100;11313193223;S
20241018;100016;51.55;100;11313193224;B
20241018;100016;51.55;300;11313193225;B
20241018;100016;51.55;200;11313193226;B
20241018;100016;51.55;800;11313193227;B
20241018;100016;51.54;270;11313193249;S
20241018;100016;51.54;1000;11313193250;S
20241018;100016;51.53;420;11313193251;S
20241018;100016;51.51;400;11313193252;S
20241018;100016;51.51;600;11313193253;S
20241018;100016;51.48;1310;11313193254;S
20241018;100016;51.54;600;11313193279;B
20241018;100016;51.54;2800;11313193280;B
20241018;100016;51.55;4600;11313193281;B
20241018;100016;51.51;2000;11313193353;B
20241018;100016;51.51;800;11313193357;B
20241018;100016;51.52;600;11313193358;B
20241018;100017;51.49;10;11313193490;S
20241018;100017;51.51;700;11313193580;B
20241018;100017;51.51;700;11313193584;B
20241018;100017;51.5;160;11313193689;S
20241018;100017;51.5;760;11313193701;S
20241018;100017;51.48;600;11313193702;S
20241018;100017;51.48;5430;11313193703;S
20241018;100017;51.48;10;11313193704;S
20241018;100017;51.47;2160;11313193705;S
20241018;100017;51.45;40;11313193706;S
20241018;100017;51.45;300;11313193707;S
20241018;100017;51.44;700;11313193708;S
20241018;100017;51.46;600;11313193721;S
20241018;100017;51.46;210;11313193722;S
20241018;100018;51.5;600;11313193748;B
20241018;100018;51.51;1000;11313193749;B
20241018;100018;51.51;1000;11313193750;B
20241018;100018;51.51;10;11313193768;B
20241018;100018;51.51;10;11313193987;B
20241018;100018;51.5;30;11313193995;S
20241018;100018;51.51;10;11313194123;B
20241018;100019;51.51;70;11313194229;B
20241018;100019;51.5;370;11313194267;S
20241018;100019;51.5;1000;11313194268;S
20241018;100019;51.5;1000;11313194269;S
20241018;100019;51.5;60;11313194270;S
20241018;100019;51.5;100;11313194271;S
20241018;100019;51.47;5430;11313194272;S
20241018;100019;51.46;600;11313194273;S
20241018;100019;51.46;10;11313194274;S
20241018;100019;51.45;200;11313194275;S
20241018;100019;51.44;3300;11313194276;S
20241018;100019;51.43;600;11313194277;S
20241018;100019;51.42;3890;11313194278;S
20241018;100020;51.47;50;11313194473;S
20241018;100020;51.46;950;11313194474;S
20241018;100020;51.5;600;11313194476;B
20241018;100020;51.5;20;11313194477;B
20241018;100020;51.51;700;11313194478;B
20241018;100020;51.52;840;11313194480;B
20241018;100020;51.51;300;11313194481;S
20241018;100020;51.51;1000;11313194482;S
20241018;100020;51.51;380;11313194484;B
20241018;100020;51.5;600;11313194486;B
20241018;100020;51.51;400;11313194487;B
20241018;100020;51.51;720;11313194530;B
20241018;100020;51.52;1000;11313194531;B
20241018;100020;51.51;280;11313194532;S
20241018;100020;51.51;1000;11313194597;B
20241018;100020;51.51;1000;11313194598;B
20241018;100020;51.51;200;11313194599;B
20241018;100020;51.51;320;11313194629;B
20241018;100020;51.52;1000;11313194631;B
20241018;100020;51.51;680;11313194632;S
20241018;100020;51.51;1000;11313194633;B
20241018;100020;51.51;1000;11313194634;B
20241018;100020;51.51;120;11313194635;B
20241018;100020;51.51;880;11313194638;S
20241018;100020;51.51;1000;11313194639;S
20241018;100020;51.51;920;11313194649;B
20241018;100020;51.51;80;11313194650;S
20241018;100020;51.5;920;11313194651;S
20241018;100020;51.51;1000;11313194652;S
20241018;100020;51.51;900;11313194653;S
20241018;100020;51.51;100;11313194654;B
20241018;100020;51.51;800;11313194694;B
20241018;100020;51.5;80;11313194695;S
20241018;100020;51.5;2920;11313194696;S
20241018;100020;51.51;200;11313194697;B
20241018;100020;51.51;60;11313194698;B
20241018;100021;51.51;740;11313194934;B
20241018;100021;51.51;1000;11313194935;B
20241018;100021;51.51;2800;11313194936;B
20241018;100021;51.52;160;11313194937;B
20241018;100022;51.52;1000;11313195065;B
20241018;100022;51.52;1000;11313195066;B
20241018;100022;51.52;1000;11313195067;B
20241018;100022;51.51;460;11313195068;S
20241018;100022;51.51;440;11313195069;S
20241018;100022;51.52;20;11313195070;B
20241018;100022;51.52;500;11313195071;B
20241018;100022;51.52;480;11313195072;B
20241018;100022;51.52;1000;11313195073;B
20241018;100022;51.52;1000;11313195074;B
20241018;100022;51.52;320;11313195075;B
20241018;100022;51.52;680;11313195076;S
20241018;100022;51.52;1000;11313195077;S
20241018;100022;51.52;1000;11313195078;B
20241018;100022;51.52;120;11313195079;B
20241018;100022;51.52;880;11313195083;S
20241018;100022;51.52;1000;11313195084;S
20241018;100022;51.52;1000;11313195085;S
20241018;100022;51.52;120;11313195086;S
20241018;100022;51.53;1000;11313195087;B
20241018;100022;51.53;1000;11313195088;B
20241018;100022;51.53;1000;11313195090;B
20241018;100022;51.53;1000;11313195113;B
20241018;100022;51.53;1000;11313195114;B
20241018;100022;51.53;1000;11313195115;B
20241018;100022;51.53;1000;11313195227;B
20241018;100022;51.53;1000;11313195228;B
20241018;100022;51.53;1000;11313195246;B
20241018;100022;51.53;1000;11313195247;B
20241018;100022;51.52;880;11313195263;S
20241018;100022;51.52;1000;11313195264;S
20241018;100022;51.51;880;11313195265;S
20241018;100022;51.5;990;11313195266;S
20241018;100022;51.53;1000;11313195267;B
20241018;100022;51.53;1000;11313195268;B
20241018;100022;51.53;1000;11313195298;B
20241018;100022;51.53;1000;11313195299;B
20241018;100022;51.53;1000;11313195300;B
20241018;100022;51.53;450;11313195301;B
20241018;100022;51.53;550;11313195302;B
20241018;100022;51.53;1000;11313195303;B
20241018;100022;51.53;910;11313195304;B
20241018;100022;51.53;10;11313195305;B
20241018;100022;51.53;80;11313195306;B
20241018;100022;51.53;1000;11313195315;B
20241018;100022;51.53;1000;11313195316;B
20241018;100022;51.53;720;11313195319;B
20241018;100022;51.53;280;11313195320;S
20241018;100022;51.53;880;11313195321;S
20241018;100022;51.53;1000;11313195322;S
20241018;100022;51.52;640;11313195323;B
20241018;100022;51.53;360;11313195324;S
20241018;100022;51.53;1000;11313195325;S
20241018;100022;51.51;1000;11313195326;B
20241018;100022;51.51;440;11313195328;B
20241018;100022;51.53;1000;11313195332;B
20241018;100022;51.53;1000;11313195348;B
20241018;100022;51.53;800;11313195349;B
20241018;100022;51.53;200;11313195350;S
20241018;100022;51.53;880;11313195351;S
20241018;100022;51.53;1000;11313195352;S
20241018;100022;51.53;720;11313195353;B
20241018;100022;51.54;100;11313195354;B
20241018;100022;51.54;180;11313195355;B
20241018;100022;51.52;200;11313195357;S
20241018;100022;51.54;320;11313195408;B
20241018;100022;51.54;680;11313195409;B
20241018;100022;51.54;1000;11313195411;B
20241018;100022;51.54;1000;11313195412;B
20241018;100022;51.54;1000;11313195413;B
20241018;100022;51.54;1000;11313195414;B
20241018;100022;51.54;750;11313195415;B
20241018;100022;51.54;170;11313195416;B
20241018;100022;51.55;600;11313195417;B
20241018;100022;51.55;400;11313195418;B
20241018;100022;51.55;1000;11313195419;B
20241018;100022;51.55;360;11313195420;B
20241018;100023;51.54;80;11313195467;S
20241018;100023;51.54;1000;11313195468;S
20241018;100023;51.54;30;11313195469;S
20241018;100023;51.53;290;11313195470;S
20241018;100023;51.54;50;11313195531;B
20241018;100023;51.55;950;11313195532;B
20241018;100023;51.52;20;11313195540;S
20241018;100023;51.51;600;11313195541;S
20241018;100023;51.51;880;11313195542;S
20241018;100023;51.5;1540;11313195543;S
20241018;100023;51.5;800;11313195544;S
20241018;100023;51.5;200;11313195545;S
20241018;100023;51.5;10;11313195546;S
20241018;100023;51.49;950;11313195547;B
20241018;100023;51.53;10;11313195562;B
20241018;100023;51.51;100;11313195626;S
20241018;100024;51.54;1000;11313195653;B
20241018;100024;51.51;100;11313195789;S
20241018;100025;51.51;1640;11313196046;S
20241018;100025;51.5;3660;11313196047;S
