<DATE>;<TIME>;<LAST>;<VOL>;<ID>;<OPER>
20241011;095935;53.89;20;11286720663;S
20241011;095935;53.89;20;11286720664;B
20241011;095935;53.89;10;11286720665;B
20241011;095935;53.89;110;11286720666;S
20241011;095935;53.89;30;11286720667;S
20241011;095935;53.89;1360;11286720668;S
20241011;095935;53.89;1000;11286720669;S
20241011;095935;53.89;1000;11286720670;S
20241011;095935;53.89;640;11286720671;S
20241011;095935;53.89;360;11286720672;S
20241011;095935;53.89;1000;11286720673;S
20241011;095935;53.89;440;11286720674;S
20241011;095935;53.89;10;11286720675;S
20241011;095935;53.89;260;11286720676;S
20241011;095935;53.89;200;11286720677;S
20241011;095935;53.89;10;11286720678;S
20241011;095935;53.89;10;11286720679;S
20241011;095935;53.89;70;11286720680;S
20241011;095935;53.89;210;11286720681;S
20241011;095935;53.89;100;11286720682;S
20241011;095935;53.89;170;11286720683;S
20241011;095935;53.89;70;11286720684;S
20241011;095935;53.89;30;11286720685;B
20241011;095935;53.89;10;11286720686;B
20241011;095935;53.89;20;11286720687;S
20241011;095935;53.89;10;11286720688;S
20241011;095935;53.89;30;11286720689;S
20241011;095935;53.89;10;11286720690;S
20241011;095935;53.89;70;11286720691;S
20241011;095935;53.89;10;11286720692;S
20241011;095935;53.89;10;11286720693;S
20241011;095935;53.89;200;11286720694;S
20241011;095935;53.89;10;11286720695;S
20241011;095935;53.89;10;11286720696;S
20241011;095935;53.89;10;11286720697;S
20241011;095935;53.89;10;11286720698;S
20241011;095935;53.89;10;11286720699;S
20241011;095935;53.89;10;11286720700;B
20241011;095935;53.89;10;11286720701;B
20241011;095935;53.89;10;11286720702;B
20241011;095935;53.89;10;11286720703;B
20241011;095935;53.89;10;11286720704;B
20241011;095935;53.89;10;11286720705;B
20241011;095935;53.89;20;11286720706;B
20241011;095935;53.89;10;11286720707;B
20241011;095935;53.89;10;11286720708;B
20241011;095935;53.89;10;11286720709;B
20241011;095935;53.89;20;11286720710;B
20241011;095935;53.89;10;11286720711;B
20241011;095935;53.89;10;11286720712;B
20241011;095935;53.89;30;11286720713;B
20241011;095935;53.89;10;11286720714;B
20241011;095935;53.89;20;11286720715;S
20241011;095935;53.89;10;11286720716;S
20241011;095935;53.89;10;11286720717;B
20241011;095935;53.89;10;11286720718;S
20241011;095935;53.89;30;11286720719;S
20241011;095935;53.89;10;11286720720;S
20241011;095935;53.89;30;11286720721;S
20241011;095935;53.89;50;11286720722;S
20241011;095935;53.89;10;11286720723;S
20241011;095935;53.89;20;11286720724;S
20241011;095935;53.89;20;11286720725;S
20241011;095935;53.89;40;11286720726;S
20241011;095935;53.89;10;11286720727;S
20241011;095935;53.89;10;11286720728;S
20241011;095935;53.89;20;11286720729;S
20241011;095935;53.89;10;11286720730;S
20241011;095935;53.89;40;11286720731;S
20241011;095935;53.89;10;11286720732;B
20241011;095935;53.89;10;11286720733;B
20241011;095935;53.89;210;11286720734;B
20241011;100004;53.89;500;11286730727;S
20241011;100004;53.89;500;11286730730;S
20241011;100004;53.89;500;11286730741;S
20241011;100004;53.89;500;11286730752;S
20241011;100004;53.89;500;11286730773;S
20241011;100004;53.89;500;11286730785;S
20241011;100004;53.89;100;11286730794;S
20241011;100004;53.89;400;11286730796;S
20241011;100004;53.89;500;11286730797;S
20241011;100004;53.89;500;11286730799;S
20241011;100004;53.89;500;11286730802;S
20241011;100004;53.89;500;11286730808;S
20241011;100004;53.89;500;11286730809;S
20241011;100004;53.89;500;11286730810;S
20241011;100004;53.89;100;11286730812;S
20241011;100004;53.89;400;11286730813;S
20241011;100004;53.89;500;11286730814;S
20241011;100004;53.89;500;11286730815;S
20241011;100004;53.89;500;11286730816;S
20241011;100004;53.89;500;11286730817;S
20241011;100004;53.89;500;11286730819;S
20241011;100004;53.89;500;11286730821;S
20241011;100004;53.89;100;11286730823;S
20241011;100004;53.89;400;11286730824;S
20241011;100004;53.89;500;11286730825;S
20241011;100004;53.89;500;11286730826;S
20241011;100004;53.89;500;11286730830;S
20241011;100004;53.89;500;11286730833;S
20241011;100004;53.89;500;11286730837;S
20241011;100004;53.89;500;11286730840;S
20241011;100004;53.89;100;11286730842;S
20241011;100004;53.89;400;11286730843;S
20241011;100004;53.89;500;11286730845;S
20241011;100004;53.89;500;11286730846;S
20241011;100004;53.9;10;11286731055;B
20241011;100004;53.9;10;11286731056;B
20241011;100004;53.9;10;11286731061;B
20241011;100004;53.9;20;11286731074;B
20241011;100004;53.89;20;11286731399;S
20241011;100004;53.89;30;11286731402;S
20241011;100004;53.9;10;11286731816;B
20241011;100004;53.9;10;11286731830;B
20241011;100004;53.9;10;11286731837;B
20241011;100004;53.89;400;11286731849;S
20241011;100004;53.89;10;11286731854;S
20241011;100004;53.89;40;11286731863;S
20241011;100004;53.9;10;11286731883;B
20241011;100004;53.89;1200;11286731940;S
20241011;100004;53.89;10;11286732008;S
20241011;100004;53.89;30;11286732016;S
20241011;100004;53.89;20;11286732024;S
20241011;100004;53.89;30;11286732026;S
20241011;100004;53.9;20;11286732365;B
20241011;100004;53.9;10;11286732371;B
20241011;100004;53.89;50;11286732377;S
20241011;100004;53.9;20;11286732380;B
20241011;100004;53.89;30;11286732383;S
20241011;100004;53.89;20;11286732391;S
20241011;100004;53.9;10;11286732402;B
20241011;100004;53.89;20;11286732407;S
20241011;100005;53.9;10;11286732667;B
20241011;100005;53.89;10;11286732671;S
20241011;100005;53.89;20;11286732680;S
20241011;100005;53.89;30;11286732683;S
20241011;100005;53.9;10;11286732694;B
20241011;100005;53.89;20;11286732797;S
20241011;100005;53.89;20;11286732804;S
20241011;100005;53.89;10;11286732807;S
20241011;100005;53.9;10;11286732811;B
20241011;100005;53.89;20;11286733357;S
20241011;100005;53.89;20;11286733463;S
20241011;100005;53.9;10;11286733472;B
20241011;100005;53.9;10;11286733480;B
20241011;100005;53.89;40;11286733489;S
20241011;100005;53.89;10;11286733502;S
20241011;100005;53.89;20;11286733509;S
20241011;100005;53.9;10;11286733609;B
20241011;100005;53.89;20;11286733616;S
20241011;100005;53.89;140;11286733994;S
20241011;100005;53.89;10;11286733995;S
20241011;100005;53.89;10;11286733996;S
20241011;100005;53.88;10;11286733997;S
20241011;100005;53.88;300;11286733998;S
20241011;100005;53.85;10;11286733999;S
20241011;100005;53.85;10;11286734000;S
20241011;100005;53.85;10;11286734001;S
20241011;100005;53.85;200;11286734002;S
20241011;100005;53.85;50;11286734003;S
20241011;100005;53.84;10;11286734533;S
20241011;100005;53.84;50;11286734534;S
20241011;100005;53.84;70;11286734535;S
20241011;100005;53.83;10;11286734536;S
20241011;100005;53.82;10;11286734537;S
20241011;100005;53.82;10;11286734538;S
20241011;100005;53.81;10;11286734539;S
20241011;100005;53.81;4000;11286734540;S
20241011;100005;53.81;3740;11286734541;S
20241011;100005;53.81;240;11286734542;S
20241011;100005;53.8;1000;11286734543;S
20241011;100005;53.79;10;11286734544;S
20241011;100005;53.76;10;11286734545;S
20241011;100005;53.76;250;11286734546;S
20241011;100005;53.76;460;11286734547;S
20241011;100005;53.76;120;11286734548;S
20241011;100006;53.76;300;11286735226;S
20241011;100006;53.84;10;11286735442;B
20241011;100006;53.84;10;11286735447;B
20241011;100006;53.84;10;11286735454;B
20241011;100006;53.84;10;11286735465;B
20241011;100006;53.84;10;11286735476;B
20241011;100006;53.84;10;11286735483;B
20241011;100006;53.84;10;11286735501;B
20241011;100006;53.84;20;11286735504;B
20241011;100006;53.84;10;11286736123;B
20241011;100006;53.84;20;11286736140;B
20241011;100006;53.84;10;11286736383;B
20241011;100006;53.76;30;11286736387;S
20241011;100006;53.84;10;11286736391;B
20241011;100006;53.76;10;11286736395;S
20241011;100006;53.76;200;11286736479;S
20241011;100006;53.84;80;11286737005;B
20241011;100006;53.76;100;11286737006;S
20241011;100006;53.84;30;11286737145;B
20241011;100007;53.77;420;11286737228;S
20241011;100007;53.76;80;11286737229;S
20241011;100007;53.8;50;11286737646;S
20241011;100007;53.78;70;11286737647;S
20241011;100007;53.76;410;11286737648;S
20241011;100007;53.76;70;11286737649;S
20241011;100007;53.75;180;11286737650;S
20241011;100007;53.75;200;11286737656;S
20241011;100007;53.75;500;11286737883;S
20241011;100007;53.9;1470;11286737886;B
20241011;100007;53.75;20;11286737887;S
20241011;100007;53.86;10;11286738311;B
20241011;100007;53.86;10;11286738312;B
20241011;100007;53.86;10;11286738313;B
20241011;100007;53.85;10;11286738314;B
20241011;100008;53.76;10;11286739646;S
20241011;100008;53.85;10;11286739649;B
20241011;100008;53.76;10;11286739657;S
20241011;100008;53.75;100;11286739658;S
20241011;100008;53.75;50;11286739659;S
20241011;100008;53.75;10;11286739668;S
20241011;100008;53.84;10;11286739676;B
20241011;100008;53.85;10;11286739692;B
20241011;100008;53.84;10;11286739701;B
20241011;100008;53.84;10;11286739719;B
20241011;100008;53.75;10;11286739723;S
20241011;100008;53.75;20;11286739729;S
20241011;100008;53.75;10;11286739737;S
20241011;100008;53.75;10;11286739748;S
20241011;100008;53.75;20;11286739754;S
20241011;100008;53.75;10;11286739758;S
20241011;100008;53.75;720;11286739794;S
20241011;100008;53.75;10;11286739795;S
20241011;100008;53.75;10;11286739796;S
20241011;100008;53.74;120;11286739797;S
20241011;100008;53.74;10;11286739798;S
20241011;100008;53.72;10;11286739799;S
20241011;100008;53.72;50;11286739800;S
20241011;100008;53.84;10;11286740061;B
20241011;100008;53.73;10;11286740068;S
20241011;100008;53.73;10;11286740075;S
20241011;100008;53.73;20;11286740081;S
20241011;100008;53.73;460;11286740219;S
20241011;100008;53.71;140;11286740220;S
20241011;100008;53.71;30;11286740251;S
20241011;100008;53.71;10;11286740256;S
20241011;100008;53.7;10;11286740708;S
20241011;100008;53.7;10;11286740709;S
20241011;100008;53.7;30;11286740710;S
20241011;100008;53.7;10;11286740713;S
20241011;100009;53.82;70;11286741352;B
20241011;100009;53.73;20;11286741353;S
20241011;100009;53.82;10;11286741354;B
20241011;100009;53.82;10;11286741355;B
20241011;100009;53.73;30;11286741356;S
20241011;100009;53.73;780;11286741479;S
20241011;100010;53.78;20;11286741571;B
20241011;100010;53.78;240;11286741805;B
20241011;100010;53.73;70;11286741937;S
20241011;100010;53.78;200;11286741962;B
20241011;100011;53.78;190;11286742156;B
20241011;100013;53.78;500;11286742711;B
20241011;100016;53.78;500;11286743361;B
20241011;100017;53.78;210;11286743617;B
20241011;100017;53.78;770;11286743650;B
20241011;100018;53.78;210;11286743959;B
20241011;100018;53.78;110;11286744081;B
20241011;100018;53.78;50;11286744154;B
20241011;100018;53.78;100;11286744228;B
20241011;100018;53.78;100;11286744254;B
20241011;100019;53.78;1200;11286744418;B
20241011;100019;53.78;200;11286744640;B
20241011;100020;53.78;60;11286745208;B
20241011;100020;53.78;260;11286745287;B
20241011;100020;53.78;280;11286745331;B
20241011;100020;53.79;20;11286745332;B
20241011;100020;53.79;500;11286745352;S
20241011;100020;53.79;380;11286745357;S
20241011;100020;53.79;120;11286745358;B
20241011;100020;53.84;210;11286745372;B
20241011;100025;53.82;60;11286746467;B
20241011;100026;53.82;580;11286746760;B
20241011;100026;53.82;310;11286746838;B
20241011;100027;53.82;60;11286747111;B
20241011;100027;53.82;50;11286747170;B
20241011;100028;53.82;50;11286747391;B
20241011;100029;53.82;1000;11286747892;B
20241011;100030;53.82;210;11286747975;B
20241011;100030;53.82;20;11286748078;B
20241011;100030;53.82;10;11286748212;B
20241011;100032;53.82;50;11286748725;B
20241011;100033;53.82;1110;11286748994;B
20241011;100034;53.82;60;11286749113;B
20241011;100040;53.81;10;11286750664;S
20241011;100041;53.81;10;11286751066;S
20241011;100041;53.81;10;11286751067;S
20241011;100041;53.81;390;11286751069;S
20241011;100044;53.8;160;11286751741;B
20241011;100046;53.8;100;11286752220;B
20241011;100047;53.8;260;11286752535;B
20241011;100050;53.79;400;11286753257;B
20241011;100058;53.8;100;11286755392;B
20241011;100059;53.81;420;11286755623;B
20241011;100059;53.81;530;11286755667;B
20241011;100106;53.79;40;11286757622;S
20241011;100107;53.82;500;11286757765;B
20241011;100108;53.79;10;11286757917;S
20241011;100108;53.79;10;11286757951;S
20241011;100108;53.82;530;11286758019;B
20241011;100109;53.79;10;11286758147;S
20241011;100109;53.79;390;11286758148;S
20241011;100114;53.78;70;11286758958;S
20241011;100120;53.8;1500;11286760023;B
20241011;100120;53.8;10;11286760037;B
20241011;100121;53.8;500;11286760138;B
20241011;100121;53.8;100;11286760175;B
20241011;100123;53.8;10;11286760527;B
20241011;100126;53.8;30;11286760884;B
20241011;100126;53.8;10;11286760935;B
20241011;100127;53.8;950;11286761141;B
20241011;100127;53.8;2090;11286761146;B
20241011;100127;53.81;100;11286761147;B
20241011;100127;53.82;730;11286761148;B
20241011;100127;53.83;730;11286761149;B
20241011;100127;53.84;880;11286761150;B
20241011;100127;53.85;100;11286761151;B
20241011;100127;53.85;2800;11286761152;B
20241011;100127;53.85;240;11286761153;B
20241011;100127;53.86;500;11286761154;B
20241011;100127;53.86;3350;11286761155;B
20241011;100127;53.86;100;11286761156;B
20241011;100127;53.86;180;11286761157;B
20241011;100127;53.87;4590;11286761158;B
20241011;100127;53.87;70;11286761249;B
20241011;100128;53.86;500;11286761373;B
20241011;100130;53.86;100;11286761802;B
20241011;100131;53.86;20;11286761906;B
20241011;100136;53.86;2600;11286762613;B
20241011;100137;53.82;500;11286762996;S
20241011;100140;53.86;400;11286763396;B
20241011;100140;53.86;10;11286763534;B
20241011;100144;53.86;10;11286764038;B
20241011;100146;53.86;400;11286764473;B
20241011;100146;53.86;140;11286764506;B
20241011;100146;53.86;790;11286764727;B
20241011;100150;53.87;760;11286765502;B
20241011;100150;53.87;1210;11286765678;B
20241011;100150;53.87;310;11286765779;B
20241011;100154;53.87;1520;11286766604;B
20241011;100154;53.87;20;11286766691;B
20241011;100154;53.87;190;11286766773;B
20241011;100156;53.87;1190;11286767235;B
20241011;100156;53.88;200;11286767238;B
20241011;100156;53.88;130;11286767239;B
20241011;100201;53.88;10;11286768435;B
20241011;100201;53.88;560;11286768509;B
20241011;100201;53.88;220;11286768596;B
20241011;100209;53.88;40;11286770341;B
20241011;100210;53.88;560;11286770763;B
20241011;100215;53.88;200;11286771624;B
20241011;100222;53.85;300;11286773166;S
20241011;100222;53.88;100;11286773278;B
20241011;100223;53.88;650;11286773391;B
20241011;100224;53.85;580;11286773617;S
20241011;100224;53.85;530;11286773618;S
20241011;100224;53.84;490;11286773619;S
20241011;100224;53.84;260;11286773620;S
20241011;100224;53.84;200;11286773621;S
20241011;100224;53.82;3720;11286773622;S
20241011;100224;53.82;240;11286773623;S
20241011;100224;53.81;5000;11286773624;S
20241011;100224;53.81;3980;11286773625;S
20241011;100226;53.86;100;11286774235;B
20241011;100231;53.82;10;11286775093;B
20241011;100232;53.82;110;11286775250;B
20241011;100232;53.82;650;11286775343;B
20241011;100233;53.82;210;11286775606;B
20241011;100233;53.82;100;11286775698;B
20241011;100233;53.82;20;11286775705;B
20241011;100233;53.81;10;11286775844;S
20241011;100234;53.82;100;11286775920;B
20241011;100235;53.82;100;11286776187;B
20241011;100235;53.8;400;11286776236;S
20241011;100235;53.8;10;11286776237;S
20241011;100235;53.8;10;11286776238;S
20241011;100235;53.8;880;11286776239;S
20241011;100235;53.79;270;11286776240;S
20241011;100235;53.79;2230;11286776241;S
20241011;100235;53.78;2700;11286776242;S
20241011;100239;53.8;20;11286777067;B
20241011;100239;53.8;80;11286777068;S
20241011;100241;53.8;10;11286777494;B
20241011;100243;53.78;20;11286777748;S
20241011;100248;53.79;200;11286778552;B
20241011;100248;53.79;10;11286778652;B
20241011;100249;53.79;100;11286778828;B
20241011;100253;53.79;200;11286779551;B
20241011;100254;53.78;100;11286779690;S
20241011;100254;53.78;100;11286779692;S
20241011;100254;53.78;100;11286779693;S
20241011;100254;53.78;100;11286779694;S
20241011;100254;53.78;100;11286779695;S
20241011;100254;53.78;500;11286779696;S
20241011;100254;53.78;210;11286779697;S
20241011;100254;53.78;290;11286779698;S
20241011;100254;53.78;260;11286779699;S
20241011;100254;53.78;240;11286779700;S
20241011;100254;53.78;500;11286779701;S
20241011;100254;53.78;500;11286779702;S
20241011;100254;53.78;100;11286779703;S
20241011;100254;53.78;100;11286779704;S
20241011;100254;53.78;100;11286779705;S
20241011;100254;53.78;100;11286779706;S
20241011;100254;53.78;100;11286779708;S
20241011;100254;53.78;500;11286779709;S
20241011;100254;53.78;500;11286779710;S
20241011;100254;53.78;500;11286779711;S
20241011;100254;53.78;500;11286779712;S
20241011;100254;53.78;500;11286779713;S
20241011;100254;53.78;100;11286779714;S
20241011;100254;53.78;100;11286779715;S
20241011;100254;53.78;100;11286779716;S
20241011;100254;53.78;100;11286779718;S
20241011;100254;53.78;100;11286779719;S
20241011;100254;53.78;100;11286779720;S
20241011;100254;53.78;400;11286779721;S
20241011;100254;53.78;500;11286779722;S
20241011;100254;53.78;500;11286779723;S
20241011;100254;53.78;500;11286779724;S
20241011;100254;53.78;500;11286779725;S
20241011;100254;53.78;200;11286779726;S
20241011;100254;53.78;1760;11286779727;S
20241011;100254;53.78;100;11286779734;S
20241011;100254;53.78;700;11286779735;S
20241011;100254;53.76;80;11286779745;S
20241011;100254;53.75;500;11286779747;S
20241011;100254;53.75;500;11286779749;S
20241011;100254;53.75;500;11286779750;S
20241011;100254;53.75;500;11286779752;S
20241011;100254;53.74;1400;11286779756;S
20241011;100254;53.74;100;11286779922;B
20241011;100254;53.73;800;11286779923;S
20241011;100254;53.73;300;11286779924;S
20241011;100254;53.72;1760;11286779933;S
20241011;100255;53.72;1330;11286779935;S
20241011;100255;53.72;430;11286779936;S
20241011;100255;53.73;5000;11286779991;B
20241011;100259;53.73;210;11286780672;B
20241011;100259;53.73;40;11286780673;B
20241011;100300;53.73;10;11286780865;B
20241011;100300;53.73;400;11286780992;B
20241011;100302;53.73;100;11286781214;B
20241011;100305;53.73;30;11286781787;B
20241011;100306;53.72;50;11286781911;S
20241011;100306;53.72;20;11286782080;S
20241011;100306;53.72;30;11286782081;S
20241011;100307;53.73;100;11286782103;B
20241011;100310;53.72;400;11286782618;S
20241011;100311;53.72;1570;11286782909;S
20241011;100311;53.72;30;11286782910;S
20241011;100312;53.71;100;11286783131;B
20241011;100313;53.71;200;11286783280;B
20241011;100318;53.71;200;11286784536;B
20241011;100319;53.7;60;11286784675;S
20241011;100319;53.7;160;11286784676;S
20241011;100319;53.7;70;11286784677;S
20241011;100319;53.7;10;11286784678;S
20241011;100319;53.7;10;11286784679;S
20241011;100319;53.7;50;11286784680;S
20241011;100319;53.7;10;11286784681;S
20241011;100319;53.7;20;11286784682;S
20241011;100319;53.7;100;11286784683;S
20241011;100319;53.7;100;11286784684;S
20241011;100319;53.71;50;11286784725;B
20241011;100319;53.69;10;11286784755;S
20241011;100322;53.71;60;11286785346;B
20241011;100322;53.71;750;11286785578;B
20241011;100323;53.71;730;11286785761;B
20241011;100323;53.7;10;11286785801;S
20241011;100323;53.69;10;11286785802;S
20241011;100323;53.69;10;11286785803;S
20241011;100323;53.71;30;11286785843;B
20241011;100328;53.71;960;11286786727;B
20241011;100330;53.71;20;11286787063;B
20241011;100331;53.71;80;11286787327;B
20241011;100335;53.71;760;11286788416;B
20241011;100335;53.71;1020;11286788554;B
20241011;100335;53.71;10;11286788594;B
20241011;100336;53.71;200;11286788900;B
20241011;100338;53.71;30;11286789146;B
20241011;100338;53.71;10;11286789255;B
20241011;100338;53.71;990;11286789256;B
20241011;100342;53.71;10;11286789716;B
20241011;100342;53.71;90;11286789717;B
20241011;100342;53.71;300;11286789801;B
20241011;100343;53.71;30;11286790066;B
20241011;100344;53.71;2450;11286790134;B
20241011;100344;53.71;1000;11286790187;B
20241011;100347;53.71;1340;11286790788;B
20241011;100347;53.71;1660;11286790789;B
20241011;100348;53.71;1000;11286791202;B
20241011;100353;53.71;10;11286791935;B
20241011;100354;53.7;10;11286792021;S
20241011;100354;53.7;490;11286792022;S
20241011;100354;53.7;100;11286792023;S
20241011;100354;53.7;100;11286792024;S
20241011;100354;53.7;310;11286792025;S
20241011;100354;53.7;10;11286792026;S
20241011;100354;53.7;180;11286792027;S
20241011;100354;53.7;500;11286792028;S
20241011;100354;53.7;100;11286792029;S
20241011;100354;53.7;100;11286792030;S
20241011;100354;53.7;100;11286792031;S
20241011;100354;53.7;20;11286792032;S
20241011;100354;53.7;80;11286792033;S
20241011;100354;53.7;100;11286792034;S
20241011;100356;53.71;20;11286792389;B
20241011;100403;53.71;250;11286793649;B
20241011;100403;53.71;300;11286793718;B
20241011;100405;53.71;10;11286793923;B
20241011;100405;53.71;870;11286793997;B
20241011;100407;53.71;90;11286794233;B
20241011;100407;53.7;30;11286794246;S
20241011;100407;53.7;10;11286794262;S
20241011;100408;53.7;780;11286794331;S
20241011;100408;53.7;100;11286794332;S
20241011;100408;53.7;100;11286794333;S
20241011;100408;53.7;20;11286794334;S
20241011;100408;53.7;100;11286794335;S
20241011;100409;53.71;1750;11286794504;B
20241011;100410;53.7;20;11286794635;S
20241011;100412;53.71;150;11286794890;B
20241011;100421;53.71;1020;11286796340;B
20241011;100422;53.71;10;11286796414;B
20241011;100424;53.71;5000;11286796647;B
20241011;100425;53.7;270;11286796869;S
20241011;100427;53.71;20;11286797137;B
20241011;100428;53.71;200;11286797272;B
20241011;100430;53.7;1000;11286797754;S
20241011;100435;53.71;750;11286798862;B
20241011;100440;53.71;20;11286799823;B
20241011;100450;53.71;690;11286802082;B
20241011;100451;53.71;70;11286802258;B
20241011;100457;53.71;10;11286803296;B
20241011;100457;53.71;100;11286803413;B
20241011;100513;53.7;1110;11286806593;S
20241011;100513;53.7;100;11286806594;S
20241011;100513;53.7;150;11286806595;S
20241011;100513;53.7;100;11286806596;S
20241011;100513;53.7;100;11286806597;S
20241011;100513;53.7;5000;11286806598;S
20241011;100513;53.69;290;11286806604;S
20241011;100513;53.69;100;11286806605;S
20241011;100513;53.69;400;11286806606;S
20241011;100513;53.7;500;11286806608;B
20241011;100513;53.69;400;11286806609;B
20241011;100513;53.7;30;11286806618;B
20241011;100519;53.69;250;11286807743;B
20241011;100521;53.68;10;11286808188;S
20241011;100521;53.68;10;11286808189;S
20241011;100521;53.68;10;11286808190;S
20241011;100521;53.68;70;11286808191;S
20241011;100521;53.68;100;11286808192;S
20241011;100523;53.68;20;11286808440;B
20241011;100523;53.67;10;11286808627;S
20241011;100523;53.67;10;11286808628;S
20241011;100523;53.67;20;11286808629;S
20241011;100523;53.66;10;11286808630;S
20241011;100523;53.66;10;11286808631;S
20241011;100523;53.65;10;11286808632;S
20241011;100523;53.65;10;11286808633;S
20241011;100523;53.65;60;11286808634;S
20241011;100523;53.65;40;11286808635;S
20241011;100523;53.64;20;11286808636;S
20241011;100523;53.64;80;11286808637;S
20241011;100523;53.64;20;11286808638;S
20241011;100523;53.63;10;11286808639;S
20241011;100523;53.63;40;11286808640;S
20241011;100523;53.63;120;11286808641;S
20241011;100523;53.63;10;11286808642;S
20241011;100523;53.63;1020;11286808643;S
20241011;100523;53.63;80;11286808660;S
20241011;100524;53.64;10;11286808719;B
20241011;100524;53.64;100;11286808740;B
20241011;100524;53.62;10;11286808783;S
20241011;100524;53.62;20;11286808853;S
20241011;100524;53.62;10;11286808854;S
20241011;100524;53.62;220;11286808855;S
20241011;100524;53.61;10;11286808856;S
20241011;100524;53.61;40;11286808857;S
20241011;100524;53.61;20;11286808858;S
20241011;100524;53.61;500;11286808859;S
20241011;100524;53.61;2180;11286808860;S
20241011;100525;53.64;30;11286809013;B
20241011;100526;53.64;690;11286809277;B
20241011;100527;53.63;30;11286809834;B
20241011;100533;53.62;10;11286811083;S
20241011;100533;53.62;100;11286811084;S
20241011;100533;53.62;10;11286811085;S
20241011;100533;53.62;880;11286811086;S
20241011;100533;53.61;1000;11286811087;S
20241011;100534;53.63;60;11286811567;B
20241011;100534;53.63;20;11286811636;B
20241011;100535;53.63;20;11286811901;B
20241011;100536;53.64;10;11286812153;B
20241011;100536;53.64;70;11286812396;B
20241011;100536;53.64;690;11286812473;B
20241011;100537;53.64;70;11286812553;B
20241011;100539;53.64;80;11286813008;B
20241011;100543;53.64;100;11286814084;B
20241011;100547;53.64;250;11286815000;B
20241011;100549;53.64;100;11286815188;B
20241011;100550;53.63;150;11286815395;S
20241011;100551;53.63;60;11286815769;S
20241011;100552;53.64;500;11286815913;B
20241011;100555;53.64;250;11286816469;B
20241011;100556;53.63;50;11286816993;S
20241011;100557;53.63;610;11286817016;S
20241011;100557;53.64;500;11286817180;B
20241011;100558;53.63;50;11286817291;S
20241011;100558;53.63;10;11286817306;S
20241011;100559;53.63;50;11286817793;S
20241011;100559;53.64;60;11286817810;B
20241011;100600;53.64;130;11286817951;B
20241011;100600;53.63;50;11286818109;S
20241011;100601;53.64;50;11286818180;B
20241011;100603;53.63;60;11286818778;S
20241011;100603;53.63;180;11286818779;S
20241011;100603;53.63;260;11286818780;S
20241011;100604;53.63;10;11286818970;S
20241011;100606;53.64;10;11286819390;B
20241011;100608;53.64;50;11286819858;B
20241011;100608;53.64;100;11286819937;B
20241011;100610;53.64;500;11286820238;B
20241011;100613;53.64;200;11286821364;B
20241011;100613;53.64;30;11286821409;B
20241011;100614;53.64;630;11286821582;B
20241011;100614;53.64;370;11286821583;B
20241011;100615;53.64;20;11286821771;S
20241011;100617;53.64;20;11286822252;S
20241011;100617;53.65;30;11286822333;B
20241011;100619;53.65;20;11286822644;B
20241011;100619;53.65;30;11286822717;B
20241011;100620;53.65;50;11286822811;B
20241011;100620;53.65;80;11286822867;B
20241011;100620;53.65;170;11286822978;B
20241011;100622;53.65;10;11286823374;B
20241011;100622;53.65;250;11286823391;B
20241011;100622;53.65;10;11286823545;B
20241011;100623;53.65;760;11286823803;B
20241011;100624;53.65;60;11286823967;B
20241011;100624;53.65;10;11286824083;B
20241011;100626;53.65;4120;11286824328;B
20241011;100626;53.65;880;11286824329;B
20241011;100628;53.64;70;11286825051;S
20241011;100629;53.64;500;11286825342;S
20241011;100630;53.65;50;11286825407;B
20241011;100630;53.64;160;11286825441;S
20241011;100632;53.65;500;11286825813;B
20241011;100632;53.65;210;11286825834;B
20241011;100635;53.64;20;11286826588;S
20241011;100641;53.64;500;11286827812;S
20241011;100641;53.65;20;11286827898;B
20241011;100642;53.64;900;11286828139;S
20241011;100644;53.65;500;11286828370;B
20241011;100647;53.65;10;11286829052;B
20241011;100648;53.65;630;11286829249;B
20241011;100648;53.65;130;11286829250;B
20241011;100648;53.65;20;11286829257;B
20241011;100648;53.64;1810;11286829267;S
20241011;100648;53.64;110;11286829268;S
20241011;100648;53.64;20;11286829269;S
20241011;100648;53.64;30;11286829270;S
20241011;100648;53.64;100;11286829271;S
20241011;100648;53.64;1940;11286829302;S
20241011;100651;53.64;90;11286829860;B
20241011;100651;53.64;50;11286829917;B
20241011;100651;53.64;60;11286830028;B
20241011;100652;53.64;150;11286830103;B
20241011;100652;53.64;500;11286830195;B
20241011;100653;53.64;1110;11286830392;B
20241011;100654;53.64;10;11286830670;B
20241011;100655;53.64;100;11286830831;B
20241011;100656;53.64;270;11286830917;B
20241011;100656;53.64;230;11286830918;B
20241011;100658;53.65;980;11286831302;B
20241011;100700;53.65;760;11286831480;B
20241011;100703;53.65;320;11286832110;B
20241011;100704;53.65;760;11286832273;B
20241011;100704;53.65;760;11286832348;B
20241011;100705;53.65;20;11286832580;B
20241011;100710;53.65;500;11286833280;B
20241011;100710;53.65;10;11286833287;B
20241011;100718;53.64;50;11286834383;S
20241011;100718;53.65;2270;11286834388;B
20241011;100718;53.65;2800;11286834389;S
20241011;100718;53.67;130;11286834390;B
20241011;100718;53.69;200;11286834391;B
20241011;100723;53.7;10;11286835403;B
20241011;100726;53.71;10000;11286835761;B
20241011;100726;53.72;200;11286835826;B
20241011;100726;53.73;300;11286835827;B
20241011;100727;53.73;10;11286836116;B
20241011;100730;53.73;180;11286836736;B
20241011;100733;53.73;2000;11286837434;B
20241011;100734;53.73;510;11286837671;B
20241011;100735;53.74;100;11286837934;B
20241011;100738;53.74;150;11286838351;B
20241011;100738;53.74;50;11286838352;B
20241011;100740;53.74;1060;11286838953;B
20241011;100741;53.74;10;11286839144;B
20241011;100741;53.74;4000;11286839311;B
20241011;100741;53.74;90;11286839313;B
20241011;100741;53.76;450;11286839326;B
20241011;100741;53.76;10;11286839343;B
20241011;100742;53.76;710;11286839466;B
20241011;100745;53.76;10;11286840062;B
20241011;100749;53.76;90;11286840966;B
20241011;100749;53.76;50;11286840967;B
20241011;100753;53.76;10;11286841597;B
20241011;100754;53.76;10;11286841790;B
20241011;100757;53.76;2000;11286842303;B
20241011;100759;53.76;40;11286842723;B
20241011;100800;53.76;180;11286842884;B
20241011;100800;53.75;10;11286843023;B
20241011;100800;53.76;270;11286843024;B
20241011;100801;53.76;30;11286843068;B
20241011;100801;53.76;290;11286843267;B
20241011;100803;53.76;30;11286843725;B
20241011;100806;53.76;100;11286844098;B
20241011;100806;53.76;750;11286844100;B
20241011;100809;53.76;20;11286844710;B
20241011;100812;53.76;10;11286845158;B
20241011;100819;53.75;4900;11286846301;B
20241011;100823;53.75;10;11286846842;B
20241011;100827;53.73;10;11286847619;S
20241011;100827;53.72;110;11286847620;S
20241011;100836;53.75;70;11286849963;B
20241011;100839;53.75;10;11286850471;B
20241011;100840;53.75;10;11286850571;B
20241011;100840;53.75;40;11286850572;B
20241011;100847;53.74;110;11286851500;B
20241011;100847;53.74;10;11286851514;B
20241011;100849;53.75;740;11286851940;B
20241011;100850;53.74;10;11286852207;S
20241011;100851;53.75;10;11286852427;B
20241011;100853;53.74;500;11286852672;S
20241011;100855;53.71;880;11286852954;S
20241011;100855;53.7;130;11286852955;S
20241011;100902;53.7;30;11286854430;S
20241011;100902;53.69;50;11286854431;S
20241011;100904;53.68;1030;11286854654;S
20241011;100907;53.72;10;11286855154;B
20241011;100909;53.72;10;11286855424;B
20241011;100910;53.68;20;11286855543;S
20241011;100916;53.71;10;11286856459;B
20241011;100918;53.71;10;11286856644;B
20241011;100926;53.71;50;11286858097;B
20241011;100927;53.71;760;11286858225;B
20241011;100929;53.7;10;11286858582;B
20241011;100930;53.68;20;11286858802;S
20241011;100934;53.68;50;11286859416;S
20241011;100934;53.7;40;11286859427;B
20241011;100934;53.71;10;11286859428;B
20241011;100939;53.68;10;11286860165;S
20241011;100943;53.68;100;11286860854;S
20241011;100945;53.71;100;11286861348;B
20241011;100951;53.69;10;11286862318;B
20241011;100956;53.69;10;11286863009;B
20241011;100956;53.69;10;11286863118;B
20241011;101000;53.69;30;11286863692;B
20241011;101007;53.69;20;11286864943;B
20241011;101007;53.69;750;11286865039;B
20241011;101011;53.69;10;11286865638;B
20241011;101017;53.69;220;11286866484;B
20241011;101017;53.69;10;11286866520;B
20241011;101017;53.69;1510;11286866654;B
20241011;101022;53.69;20;11286867692;B
20241011;101022;53.69;110;11286867693;B
20241011;101022;53.69;30;11286867694;B
20241011;101022;53.69;10;11286867695;B
20241011;101022;53.69;20;11286867696;B
20241011;101022;53.69;30;11286867697;B
20241011;101022;53.69;30;11286867698;B
20241011;101022;53.69;30;11286867699;B
20241011;101022;53.69;10;11286867700;B
20241011;101022;53.69;300;11286867701;B
20241011;101022;53.7;3070;11286867702;B
20241011;101027;53.7;80;11286868514;B
20241011;101028;53.68;100;11286868562;S
20241011;101029;53.68;12320;11286868789;S
20241011;101029;53.68;880;11286868790;S
20241011;101029;53.68;100;11286868791;S
20241011;101029;53.68;1290;11286868792;S
20241011;101029;53.67;1160;11286868793;S
20241011;101029;53.66;20;11286868794;S
20241011;101029;53.65;15200;11286868795;S
20241011;101029;53.64;1000;11286868796;S
20241011;101029;53.64;5210;11286868797;S
20241011;101029;53.64;10000;11286868798;S
20241011;101029;53.64;5000;11286868799;S
20241011;101029;53.64;100;11286868800;S
20241011;101029;53.63;1230;11286868801;S
20241011;101029;53.63;40;11286868802;S
20241011;101029;53.63;100;11286868803;S
20241011;101029;53.63;10;11286868804;S
20241011;101029;53.63;2000;11286868805;S
20241011;101029;53.63;10;11286868806;S
20241011;101029;53.62;10;11286868807;S
20241011;101029;53.62;5000;11286868808;S
20241011;101029;53.62;100;11286868809;S
20241011;101029;53.61;30;11286868810;S
20241011;101029;53.61;10;11286868811;S
20241011;101029;53.61;2000;11286868812;S
20241011;101029;53.6;10;11286868813;S
20241011;101029;53.6;40;11286868814;S
20241011;101029;53.6;30;11286868815;S
20241011;101029;53.6;10;11286868816;S
20241011;101029;53.6;100;11286868817;S
20241011;101029;53.6;20;11286868818;S
20241011;101029;53.6;70;11286868819;S
20241011;101029;53.6;8600;11286868820;S
20241011;101029;53.6;2000;11286868821;S
20241011;101029;53.6;20;11286868822;S
20241011;101029;53.6;2000;11286868823;S
20241011;101029;53.6;10;11286868824;S
20241011;101029;53.6;10;11286868825;S
20241011;101029;53.6;1000;11286868826;S
20241011;101029;53.6;30;11286868827;S
20241011;101029;53.59;10;11286868828;S
20241011;101029;53.59;50;11286868829;S
20241011;101029;53.58;300;11286868830;S
20241011;101029;53.58;20;11286868831;S
20241011;101029;53.58;2230;11286868832;S
20241011;101029;53.57;10;11286868833;S
20241011;101029;53.57;100;11286868834;S
20241011;101029;53.57;10000;11286868835;S
20241011;101029;53.56;10;11286868836;S
20241011;101029;53.56;60;11286868837;S
20241011;101029;53.56;440;11286868838;S
20241011;101029;53.57;50;11286868847;S
20241011;101029;53.59;200;11286868881;S
20241011;101030;53.59;500;11286868926;S
20241011;101030;53.58;500;11286868927;S
20241011;101032;53.63;10;11286869293;B
20241011;101036;53.63;60;11286869710;B
20241011;101036;53.63;10;11286869809;B
20241011;101037;53.63;30;11286869917;B
20241011;101038;53.63;60;11286870017;B
20241011;101038;53.63;40;11286870022;S
20241011;101043;53.63;10;11286870704;B
20241011;101045;53.64;20;11286871105;B
20241011;101045;53.65;240;11286871107;B
20241011;101046;53.67;50;11286871289;B
20241011;101048;53.68;400;11286871591;B
20241011;101048;53.68;190;11286871592;B
20241011;101048;53.63;20;11286871722;S
20241011;101048;53.63;170;11286871723;S
20241011;101049;53.69;240;11286871750;B
20241011;101049;53.69;70;11286871848;B
20241011;101049;53.63;10;11286871870;S
20241011;101053;53.69;10;11286872247;B
20241011;101107;53.69;3680;11286874025;B
20241011;101107;53.69;880;11286874026;B
20241011;101107;53.69;560;11286874027;B
20241011;101107;53.69;1300;11286874028;B
20241011;101107;53.69;10000;11286874029;B
20241011;101107;53.7;4850;11286874030;B
20241011;101107;53.7;50;11286874031;B
20241011;101107;53.7;560;11286874032;B
20241011;101107;53.71;11000;11286874033;B
20241011;101107;53.72;2800;11286874034;B
20241011;101107;53.73;5210;11286874035;B
20241011;101107;53.74;2230;11286874036;B
20241011;101107;53.74;800;11286874037;B
20241011;101107;53.75;10;11286874038;B
20241011;101107;53.75;10;11286874039;B
20241011;101107;53.75;50;11286874040;B
20241011;101107;53.75;900;11286874041;B
20241011;101107;53.75;600;11286874042;B
20241011;101107;53.75;10000;11286874043;B
20241011;101107;53.76;6000;11286874044;B
20241011;101107;53.76;5000;11286874045;B
20241011;101107;53.76;70;11286874046;B
20241011;101107;53.78;2000;11286874047;B
20241011;101107;53.78;200;11286874048;B
20241011;101107;53.78;10000;11286874049;B
20241011;101107;53.78;350;11286874050;B
20241011;101107;53.79;10;11286874051;B
20241011;101107;53.79;250;11286874052;B
20241011;101107;53.79;20000;11286874053;B
20241011;101107;53.79;80630;11286874054;S
20241011;101107;53.8;6510;11286874055;B
20241011;101107;53.8;10;11286874056;B
20241011;101107;53.8;10;11286874057;B
20241011;101107;53.76;100;11286874059;S
20241011;101107;53.76;450;11286874076;S
20241011;101107;53.8;140;11286874135;B
20241011;101107;53.8;860;11286874136;B
20241011;101108;53.79;500;11286874179;B
20241011;101108;53.79;200;11286874180;B
20241011;101108;53.79;300;11286874181;S
20241011;101110;53.81;60;11286874478;B
20241011;101116;53.77;20;11286875167;S
20241011;101117;53.79;10;11286875309;B
20241011;101123;53.79;10;11286875979;B
20241011;101126;53.77;10;11286876403;S
20241011;101126;53.76;20;11286876404;S
20241011;101126;53.76;20;11286876405;S
20241011;101126;53.75;190;11286876406;S
20241011;101126;53.76;9810;11286876407;S
20241011;101126;53.75;470;11286876408;S
20241011;101129;53.72;10;11286876749;B
20241011;101131;53.72;10;11286876909;B
20241011;101136;53.72;110;11286877324;B
20241011;101136;53.7;10;11286877401;S
20241011;101138;53.7;190;11286877638;S
20241011;101138;53.7;3830;11286877639;S
20241011;101138;53.7;1170;11286877640;S
20241011;101138;53.7;10;11286877641;S
20241011;101138;53.7;660;11286877648;B
20241011;101138;53.7;2040;11286877649;S
20241011;101138;53.7;2510;11286877660;S
20241011;101138;53.7;5210;11286877671;S
20241011;101152;53.7;190;11286879230;B
20241011;101152;53.7;10;11286879250;B
20241011;101152;53.71;20;11286879304;B
20241011;101152;53.72;20;11286879453;B
20241011;101152;53.73;40;11286879454;B
20241011;101152;53.73;620;11286879457;B
20241011;101152;53.75;20;11286879557;B
20241011;101152;53.77;20;11286879561;B
20241011;101152;53.77;310;11286879562;B
20241011;101153;53.77;40;11286879702;B
20241011;101153;53.77;780;11286879703;B
20241011;101153;53.77;20;11286879737;B
20241011;101153;53.77;170;11286879738;B
20241011;101153;53.77;550;11286879740;B
20241011;101153;53.77;610;11286879782;B
20241011;101157;53.73;10;11286880369;S
20241011;101204;53.77;300;11286881148;B
20241011;101204;53.77;30;11286881205;B
20241011;101208;53.77;150;11286881686;B
20241011;101210;53.77;10;11286881853;B
20241011;101217;53.77;240;11286882813;B
20241011;101217;53.77;760;11286882876;B
20241011;101219;53.77;510;11286883216;B
20241011;101219;53.78;250;11286883218;B
20241011;101230;53.77;10;11286884569;B
20241011;101235;53.77;200;11286885236;B
20241011;101236;53.77;50;11286885425;B
20241011;101236;53.74;20;11286885478;S
20241011;101237;53.77;10;11286885607;B
20241011;101240;53.77;50;11286885946;B
20241011;101242;53.77;100;11286886274;B
20241011;101243;53.77;180;11286886438;B
20241011;101250;53.77;10;11286887055;B
20241011;101250;53.77;10;11286887107;B
20241011;101256;53.77;500;11286887602;B
20241011;101306;53.77;20;11286888589;B
20241011;101306;53.77;10;11286888630;B
20241011;101308;53.77;10;11286888867;B
20241011;101309;53.75;10;11286888956;S
20241011;101309;53.75;10;11286888996;S
20241011;101318;53.77;10;11286890057;B
20241011;101318;53.76;30;11286890119;S
20241011;101318;53.75;10;11286890120;S
20241011;101318;53.74;350;11286890121;S
20241011;101318;53.73;100;11286890122;S
20241011;101318;53.73;880;11286890123;S
20241011;101318;53.73;420;11286890124;S
20241011;101318;53.72;10;11286890125;S
20241011;101335;53.73;10;11286892414;B
20241011;101338;53.72;70;11286892799;S
20241011;101343;53.73;20;11286893475;B
20241011;101343;53.73;10;11286893476;B
20241011;101349;53.72;70;11286894156;S
20241011;101349;53.72;130;11286894157;S
20241011;101356;53.73;10;11286894934;B
20241011;101356;53.72;4870;11286895123;S
20241011;101356;53.72;20;11286895124;S
20241011;101358;53.71;120;11286895374;B
20241011;101408;53.71;20;11286896325;B
20241011;101411;53.7;10;11286896566;S
20241011;101411;53.7;100;11286896567;S
20241011;101411;53.7;100;11286896568;S
20241011;101413;53.68;10;11286896891;S
20241011;101413;53.67;60;11286896892;S
20241011;101414;53.68;1000;11286896952;B
20241011;101417;53.68;100;11286897201;B
20241011;101417;53.67;30;11286897221;S
20241011;101417;53.68;10;11286897230;B
20241011;101417;53.68;190;11286897231;B
20241011;101423;53.68;10;11286897718;B
20241011;101431;53.68;10;11286898584;B
20241011;101434;53.7;10;11286899174;B
20241011;101435;53.67;10;11286899276;S
20241011;101437;53.7;110;11286899517;B
20241011;101442;53.7;760;11286900445;B
20241011;101444;53.71;150;11286900726;B
20241011;101451;53.71;20;11286902006;B
20241011;101454;53.67;10;11286902413;S
20241011;101455;53.71;20;11286902494;B
20241011;101457;53.69;40;11286902794;B
20241011;101458;53.69;100;11286902922;B
20241011;101458;53.69;110;11286902962;B
20241011;101500;53.69;20;11286903239;B
20241011;101502;53.69;140;11286903642;B
20241011;101503;53.68;10;11286903713;B
20241011;101503;53.69;10;11286903762;B
20241011;101506;53.69;10;11286904445;B
20241011;101510;53.67;10;11286905286;S
20241011;101510;53.67;70;11286905287;S
20241011;101510;53.67;50;11286905288;S
20241011;101510;53.67;50;11286905289;S
20241011;101510;53.67;50;11286905290;S
20241011;101510;53.67;100;11286905291;S
20241011;101510;53.67;2960;11286905292;S
20241011;101510;53.67;5210;11286905293;S
20241011;101510;53.67;100;11286905294;S
20241011;101511;53.66;10;11286905783;S
20241011;101512;53.66;10;11286905969;S
20241011;101512;53.66;10;11286906073;S
20241011;101515;53.66;10;11286907293;S
20241011;101515;53.66;10;11286907300;S
20241011;101516;53.66;10;11286907671;S
20241011;101516;53.65;100;11286907694;B
20241011;101516;53.63;10;11286907712;S
20241011;101518;53.66;10;11286908297;B
20241011;101520;53.63;10;11286908620;S
20241011;101522;53.63;10;11286909089;S
20241011;101522;53.65;10;11286909237;B
20241011;101524;53.63;10;11286909721;S
20241011;101527;53.63;10;11286910186;S
20241011;101531;53.63;10;11286911136;S
20241011;101531;53.63;60;11286911294;S
20241011;101532;53.63;20;11286911348;S
20241011;101533;53.66;10;11286911709;B
20241011;101534;53.63;250;11286912085;S
20241011;101537;53.66;1920;11286912699;B
20241011;101537;53.66;810;11286912700;B
20241011;101537;53.66;30;11286912701;B
20241011;101537;53.66;880;11286912702;B
20241011;101537;53.66;20;11286912703;B
20241011;101537;53.66;10;11286912704;B
20241011;101537;53.67;950;11286912705;B
20241011;101537;53.69;30;11286912706;B
20241011;101537;53.69;110;11286912707;B
20241011;101537;53.69;10;11286912708;B
20241011;101537;53.69;20;11286912709;B
20241011;101537;53.69;40;11286912710;B
20241011;101537;53.69;40;11286912711;B
20241011;101537;53.7;500;11286912712;B
20241011;101537;53.7;1190;11286912713;B
20241011;101537;53.7;5000;11286912714;B
20241011;101537;53.71;10000;11286912715;B
20241011;101537;53.74;3720;11286912716;B
20241011;101537;53.75;7520;11286912717;B
20241011;101537;53.76;7200;11286912718;B
20241011;101537;53.76;70;11286912865;B
20241011;101538;53.76;500;11286912897;B
20241011;101539;53.76;20;11286913152;B
20241011;101540;53.77;10;11286913308;B
20241011;101544;53.73;20;11286914170;B
20241011;101547;53.71;10;11286914706;S
20241011;101548;53.72;20;11286914852;B
20241011;101553;53.76;10;11286915817;B
20241011;101553;53.7;250;11286915824;S
20241011;101554;53.7;10;11286915931;S
20241011;101556;53.77;10;11286916285;B
20241011;101557;53.77;210;11286916297;B
20241011;101557;53.77;10;11286916298;B
20241011;101557;53.77;20;11286916380;B
20241011;101558;53.76;20;11286916569;B
20241011;101559;53.76;30;11286916743;B
20241011;101605;53.72;10;11286917585;B
20241011;101608;53.7;50;11286917899;S
20241011;101609;53.76;50;11286918105;B
20241011;101609;53.77;20;11286918259;B
20241011;101609;53.77;20;11286918260;B
20241011;101609;53.77;460;11286918261;B
20241011;101610;53.77;60;11286918405;B
20241011;101612;53.76;60;11286918713;B
20241011;101613;53.76;100;11286918894;B
20241011;101623;53.77;100;11286920126;B
20241011;101630;53.77;380;11286920941;B
20241011;101630;53.77;20;11286920942;B
20241011;101630;53.78;1390;11286920943;B
20241011;101630;53.78;60;11286920944;B
20241011;101630;53.78;270;11286920945;B
20241011;101630;53.79;250;11286920946;B
20241011;101630;53.79;950;11286920947;B
20241011;101630;53.79;270;11286920948;B
20241011;101630;53.8;10;11286920949;B
20241011;101630;53.8;1000;11286920950;B
20241011;101630;53.81;10;11286920951;B
20241011;101630;53.81;500;11286920952;B
20241011;101630;53.81;480;11286920953;B
20241011;101631;53.81;20;11286921173;B
20241011;101631;53.81;730;11286921174;B
20241011;101635;53.78;30;11286921823;S
20241011;101636;53.78;80;11286922037;S
20241011;101704;53.78;30;11286925812;B
20241011;101733;53.78;20;11286929243;S
20241011;101733;53.78;80;11286929244;S
20241011;101733;53.77;30;11286929245;S
20241011;101733;53.77;50;11286929246;S
20241011;101733;53.77;200;11286929247;S
20241011;101733;53.76;200;11286929248;S
20241011;101733;53.76;880;11286929249;S
20241011;101733;53.76;200;11286929250;B
20241011;101735;53.76;20;11286929472;B
20241011;101754;53.76;10;11286932368;B
20241011;101756;53.76;10;11286932655;B
20241011;101809;53.74;10;11286934640;S
20241011;101809;53.74;10;11286934641;S
20241011;101809;53.74;300;11286934642;S
20241011;101809;53.73;210;11286934643;S
20241011;101809;53.73;470;11286934644;S
20241011;101811;53.75;10;11286935016;B
20241011;101813;53.73;10;11286935241;B
20241011;101814;53.75;490;11286935327;B
20241011;101815;53.75;370;11286935587;B
20241011;101815;53.76;800;11286935588;B
20241011;101815;53.76;10;11286935589;B
20241011;101815;53.76;310;11286935590;B
20241011;101815;53.76;1000;11286935591;B
20241011;101817;53.76;1110;11286935850;S
20241011;101827;53.78;460;11286936937;B
20241011;101829;53.78;400;11286937407;B
20241011;101835;53.76;20;11286938264;S
20241011;101842;53.76;10;11286939036;S
20241011;101848;53.77;10;11286939998;B
20241011;101856;53.77;140;11286941314;B
20241011;101859;53.77;10;11286941744;B
20241011;101902;53.77;10;11286942134;B
20241011;101903;53.77;10;11286942299;B
20241011;101905;53.77;10;11286942706;B
20241011;101907;53.76;1000;11286942849;S
20241011;101909;53.77;10;11286943104;B
20241011;101916;53.77;20;11286943997;B
20241011;101916;53.76;30;11286944007;S
20241011;101925;53.77;10;11286945161;B
20241011;101928;53.77;300;11286945568;B
20241011;101935;53.77;200;11286946441;B
20241011;101955;53.77;20;11286948413;B
20241011;102015;53.76;340;11286951101;S
20241011;102015;53.76;10;11286951102;S
20241011;102015;53.76;10;11286951103;S
20241011;102015;53.76;90;11286951104;S
20241011;102015;53.76;10;11286951105;S
20241011;102016;53.76;90;11286951162;B
20241011;102020;53.76;90;11286951989;S
20241011;102023;53.77;10;11286952445;B
20241011;102025;53.77;310;11286952882;B
20241011;102025;53.77;450;11286952990;B
20241011;102029;53.77;30;11286953637;B
20241011;102030;53.76;20;11286953707;S
20241011;102030;53.76;10;11286953708;S
20241011;102030;53.76;70;11286953709;S
20241011;102036;53.77;100;11286954467;B
20241011;102038;53.76;20;11286954650;S
20241011;102038;53.76;40;11286954651;S
20241011;102038;53.76;10;11286954652;S
20241011;102038;53.76;10;11286954653;S
20241011;102038;53.76;20;11286954654;S
20241011;102038;53.76;80;11286954655;S
20241011;102038;53.76;10;11286954656;S
20241011;102038;53.76;10;11286954657;S
20241011;102038;53.76;10;11286954658;S
20241011;102038;53.75;290;11286954659;S
20241011;102040;53.77;1500;11286954988;B
20241011;102042;53.77;100;11286955186;B
20241011;102043;53.77;10;11286955306;B
20241011;102046;53.77;10;11286955746;B
20241011;102052;53.77;70;11286956520;B
20241011;102103;53.76;50;11286957962;S
20241011;102104;53.76;10;11286958149;S
20241011;102119;53.77;260;11286961147;B
20241011;102119;53.77;10;11286961148;B
20241011;102119;53.77;10;11286961149;B
20241011;102119;53.77;40;11286961150;B
20241011;102119;53.77;80;11286961151;B
20241011;102124;53.76;30;11286961979;S
20241011;102124;53.76;10;11286961980;S
20241011;102124;53.77;110;11286962100;B
20241011;102124;53.77;40;11286962101;B
20241011;102124;53.77;20;11286962102;B
20241011;102124;53.77;10;11286962103;B
20241011;102124;53.77;40;11286962104;B
20241011;102124;53.77;10;11286962105;B
20241011;102124;53.77;40;11286962106;B
20241011;102124;53.77;10;11286962107;B
20241011;102124;53.77;50;11286962108;B
20241011;102124;53.77;50;11286962109;B
20241011;102124;53.77;10;11286962110;B
20241011;102124;53.77;10;11286962111;B
20241011;102124;53.77;10;11286962112;B
20241011;102124;53.77;10;11286962113;B
20241011;102124;53.77;10;11286962114;B
20241011;102124;53.77;620;11286962115;B
20241011;102124;53.77;10;11286962116;B
20241011;102124;53.77;10;11286962117;B
20241011;102124;53.77;430;11286962118;B
20241011;102124;53.76;20;11286962203;S
20241011;102130;53.76;10;11286964479;S
20241011;102130;53.76;10;11286964480;S
20241011;102130;53.76;20;11286964481;S
20241011;102130;53.76;10;11286964482;S
20241011;102130;53.76;10;11286964483;S
20241011;102130;53.76;10;11286964484;S
20241011;102130;53.76;10;11286964485;S
20241011;102130;53.76;10;11286964486;S
20241011;102130;53.76;20;11286964487;S
20241011;102130;53.76;90;11286964488;S
20241011;102131;53.76;10;11286964587;B
20241011;102131;53.76;10;11286964592;B
20241011;102131;53.76;10;11286964593;B
20241011;102131;53.76;20;11286964599;B
20241011;102131;53.76;90;11286964600;B
20241011;102131;53.76;10;11286964604;B
20241011;102138;53.76;40;11286967890;S
20241011;102138;53.76;10;11286967891;S
20241011;102138;53.76;20;11286967892;S
20241011;102138;53.76;30;11286967893;S
20241011;102143;53.76;60;11286970270;S
20241011;102143;53.76;10;11286970271;S
20241011;102143;53.76;20;11286970272;S
20241011;102143;53.76;40;11286970273;S
20241011;102143;53.76;20;11286970274;S
20241011;102143;53.75;4710;11286970275;S
20241011;102143;53.75;10;11286970276;S
20241011;102143;53.76;90;11286970284;B
20241011;102143;53.76;10;11286970285;B
20241011;102143;53.76;20;11286970286;B
20241011;102143;53.76;40;11286970287;B
20241011;102143;53.76;20;11286970288;B
20241011;102143;53.76;90;11286970301;B
20241011;102143;53.76;10;11286970303;B
20241011;102143;53.76;20;11286970307;B
20241011;102143;53.76;40;11286970316;B
20241011;102143;53.76;20;11286970318;B
20241011;102143;53.76;20;11286970330;B
20241011;102143;53.76;10;11286970331;B
20241011;102143;53.76;20;11286970333;B
20241011;102143;53.76;40;11286970335;B
20241011;102143;53.76;20;11286970351;S
20241011;102143;53.76;10;11286970364;S
20241011;102143;53.76;10;11286970374;S
20241011;102143;53.76;40;11286970376;S
20241011;102143;53.76;10;11286970382;S
20241011;102143;53.76;10;11286970397;S
20241011;102143;53.76;40;11286970414;S
20241011;102144;53.76;10;11286970431;S
20241011;102152;53.76;10;11286974065;S
20241011;102159;53.74;10;11286975212;S
20241011;102203;53.76;500;11286975931;B
20241011;102221;53.75;300;11286980311;B
20241011;102227;53.75;10;11286981602;B
20241011;102228;53.75;590;11286981682;B
20241011;102228;53.75;410;11286981683;B
20241011;102231;53.75;10;11286982589;B
20241011;102237;53.76;80;11286983433;B
20241011;102248;53.72;500;11286986840;S
20241011;102250;53.72;100;11286987040;S
20241011;102251;53.76;10;11286987593;B
20241011;102252;53.72;200;11286987802;S
20241011;102256;53.75;100;11286989859;B
20241011;102257;53.75;100;11286990415;B
20241011;102259;53.75;10;11286990879;B
20241011;102308;53.77;10;11286994859;B
20241011;102308;53.77;10;11286995281;B
20241011;102310;53.75;10;11286996009;S
20241011;102326;53.75;10;11287002753;B
20241011;102329;53.75;10;11287003919;B
20241011;102337;53.75;10;11287007407;B
20241011;102344;53.75;160;11287010805;B
20241011;102346;53.77;10;11287011707;B
20241011;102351;53.77;10;11287013971;B
20241011;102357;53.77;10;11287014824;B
20241011;102357;53.77;10;11287014825;B
20241011;102357;53.77;10;11287014826;B
20241011;102357;53.77;10;11287014827;B
20241011;102357;53.77;10;11287014828;B
20241011;102357;53.77;170;11287014829;B
20241011;102402;53.77;80;11287015753;B
20241011;102402;53.77;10;11287015754;B
20241011;102402;53.77;10;11287015755;B
20241011;102402;53.77;10;11287015756;B
20241011;102402;53.77;10;11287015757;B
20241011;102402;53.77;10;11287015758;B
20241011;102402;53.77;10;11287015759;B
20241011;102402;53.77;10;11287015773;S
20241011;102402;53.77;10;11287015775;S
20241011;102402;53.77;10;11287015776;S
20241011;102402;53.77;10;11287015777;S
20241011;102402;53.77;10;11287015805;S
20241011;102402;53.77;10;11287015810;S
20241011;102411;53.77;2800;11287017114;S
20241011;102411;53.77;140;11287017115;S
20241011;102414;53.77;4000;11287017575;B
20241011;102415;53.77;10;11287017614;B
20241011;102420;53.77;10;11287018208;B
20241011;102428;53.77;10;11287019264;B
20241011;102432;53.77;390;11287019888;B
20241011;102442;53.76;60;11287021169;B
20241011;102444;53.75;140;11287021402;S
20241011;102451;53.76;10;11287022271;B
20241011;102500;53.76;10;11287023997;B
20241011;102502;53.76;10;11287024995;B
20241011;102511;53.76;10;11287026514;B
20241011;102512;53.76;20;11287026535;B
20241011;102512;53.75;10;11287026648;S
20241011;102515;53.76;20;11287027081;B
20241011;102520;53.76;10;11287027571;B
20241011;102523;53.76;810;11287027885;B
20241011;102523;53.76;380;11287027886;B
20241011;102523;53.76;90;11287027887;B
20241011;102523;53.76;30;11287027888;B
20241011;102523;53.76;100;11287027889;B
20241011;102523;53.76;390;11287027890;B
20241011;102523;53.76;1000;11287027891;B
20241011;102523;53.76;100;11287027892;B
20241011;102523;53.76;20;11287027893;B
20241011;102523;53.76;70;11287027894;B
20241011;102523;53.76;10;11287027895;B
20241011;102523;53.76;120;11287027896;B
20241011;102523;53.76;120;11287027897;B
20241011;102523;53.76;1500;11287027898;B
20241011;102524;53.76;260;11287028018;S
20241011;102531;53.75;240;11287029051;S
20241011;102531;53.75;10;11287029052;S
20241011;102531;53.75;50;11287029053;S
20241011;102532;53.75;20;11287029187;S
20241011;102532;53.75;40;11287029188;S
20241011;102532;53.75;10;11287029189;S
20241011;102542;53.73;40;11287030454;B
20241011;102543;53.72;220;11287030481;S
20241011;102543;53.72;20;11287030482;S
20241011;102543;53.72;10;11287030483;S
20241011;102543;53.72;10;11287030484;S
20241011;102543;53.71;10;11287030485;S
20241011;102543;53.71;10;11287030486;S
20241011;102543;53.71;320;11287030487;S
20241011;102543;53.7;100;11287030488;S
20241011;102543;53.7;30;11287030489;S
20241011;102543;53.7;10;11287030490;S
20241011;102543;53.7;90;11287030491;S
20241011;102543;53.7;3080;11287030492;S
20241011;102548;53.73;60;11287030944;B
20241011;102548;53.74;690;11287030945;B
20241011;102548;53.74;460;11287030946;B
20241011;102548;53.75;460;11287030947;B
20241011;102548;53.75;1210;11287030948;B
20241011;102548;53.75;1000;11287030949;B
20241011;102548;53.75;1690;11287030950;B
20241011;102552;53.7;500;11287031520;S
20241011;102557;53.74;10;11287032062;B
20241011;102600;53.74;10;11287032500;B
20241011;102602;53.69;100;11287032727;S
20241011;102609;53.72;10;11287033775;B
20241011;102613;53.7;200;11287034615;S
20241011;102613;53.69;300;11287034616;S
20241011;102622;53.71;1000;11287036452;S
20241011;102622;53.7;5000;11287036453;S
20241011;102622;53.7;50;11287036543;S
20241011;102623;53.72;100;11287036563;B
20241011;102631;53.72;130;11287037796;B
20241011;102631;53.72;10;11287037836;B
20241011;102635;53.71;80;11287038534;S
20241011;102635;53.71;50;11287038573;S
20241011;102635;53.72;10;11287038646;B
20241011;102639;53.72;10;11287039100;B
20241011;102639;53.72;200;11287039170;B
20241011;102640;53.72;10;11287039385;B
20241011;102641;53.72;30;11287039574;B
20241011;102642;53.71;120;11287039712;S
20241011;102642;53.7;160;11287039713;S
20241011;102642;53.7;10;11287039714;S
20241011;102642;53.7;500;11287039715;S
20241011;102642;53.7;490;11287039716;S
20241011;102642;53.7;720;11287039717;S
20241011;102642;53.72;400;11287039773;B
20241011;102643;53.72;20;11287039876;B
20241011;102645;53.72;270;11287040202;B
20241011;102645;53.72;20;11287040226;B
20241011;102649;53.7;40;11287040716;S
20241011;102650;53.72;10;11287040744;B
20241011;102654;53.72;10;11287041184;B
20241011;102700;53.72;60;11287041673;B
20241011;102705;53.71;10;11287042602;S
20241011;102705;53.7;620;11287042603;S
20241011;102727;53.72;50;11287045497;B
20241011;102739;53.72;10;11287047268;B
20241011;102739;53.71;10;11287047283;B
20241011;102746;53.7;730;11287048146;S
20241011;102748;53.7;3820;11287048402;S
20241011;102748;53.7;10;11287048403;S
20241011;102748;53.7;10;11287048404;S
20241011;102748;53.7;10;11287048405;S
20241011;102748;53.7;70;11287048406;S
20241011;102748;53.7;880;11287048407;S
20241011;102748;53.7;10;11287048408;S
20241011;102748;53.69;10;11287048409;S
20241011;102748;53.69;480;11287048410;S
20241011;102748;53.68;520;11287048411;S
20241011;102748;53.68;650;11287048412;S
20241011;102804;53.71;80;11287050860;B
20241011;102804;53.71;480;11287050861;B
20241011;102806;53.72;200;11287051392;B
20241011;102807;53.72;530;11287051442;B
20241011;102807;53.72;50;11287051593;B
20241011;102808;53.72;10;11287051644;B
20241011;102820;53.71;50;11287053461;S
20241011;102820;53.71;880;11287053462;S
20241011;102820;53.71;30;11287053477;S
20241011;102821;53.71;930;11287053618;S
20241011;102825;53.72;850;11287054243;B
20241011;102825;53.72;10;11287054244;B
20241011;102825;53.72;220;11287054245;B
20241011;102825;53.72;20;11287054246;B
20241011;102831;53.74;3000;11287055019;S
20241011;102835;53.74;740;11287055675;S
20241011;102841;53.76;10;11287056710;B
20241011;102841;53.76;2000;11287056711;B
20241011;102841;53.76;10;11287056712;B
20241011;102845;53.77;810;11287057390;B
20241011;102851;53.75;500;11287058372;S
20241011;102852;53.77;520;11287058450;B
20241011;102852;53.77;530;11287058524;B
20241011;102852;53.77;2780;11287058594;B
20241011;102852;53.78;20;11287058603;B
20241011;102853;53.79;30;11287058832;B
20241011;102853;53.79;20;11287058902;B
20241011;102853;53.79;100;11287058949;B
20241011;102853;53.78;480;11287059002;S
20241011;102853;53.78;1510;11287059003;S
20241011;102853;53.79;100;11287059031;B
20241011;102853;53.79;10;11287059040;B
20241011;102854;53.79;10;11287059134;B
20241011;102854;53.8;10;11287059135;B
20241011;102857;53.8;80;11287059764;B
20241011;102857;53.81;30;11287059765;B
20241011;102931;53.79;150;11287064966;S
20241011;102931;53.75;10;11287064976;S
20241011;102931;53.78;30;11287064995;B
20241011;102949;53.78;100;11287067177;B
20241011;102949;53.79;500;11287067178;B
20241011;102949;53.79;780;11287067179;B
20241011;102949;53.79;10;11287067180;B
20241011;102949;53.8;1000;11287067181;B
20241011;102949;53.8;1000;11287067182;B
20241011;102949;53.8;580;11287067183;B
20241011;102949;53.81;880;11287067184;B
20241011;102951;53.81;20;11287067385;S
20241011;102953;53.82;50;11287067595;B
20241011;102953;53.82;50;11287067596;B
20241011;102954;53.81;10;11287067659;S
20241011;103004;53.81;100;11287068873;S
20241011;103004;53.82;180;11287068877;B
20241011;103005;53.81;30;11287069073;S
20241011;103010;53.81;1000;11287069553;S
20241011;103010;53.81;1570;11287069577;S
20241011;103014;53.81;500;11287069998;S
20241011;103022;53.82;100;11287070920;B
20241011;103022;53.82;60;11287070921;B
20241011;103026;53.82;20;11287071680;B
20241011;103026;53.82;10;11287071701;B
20241011;103029;53.82;10;11287072085;B
20241011;103029;53.82;10;11287072109;B
20241011;103045;53.82;10;11287074045;B
20241011;103055;53.82;80;11287075225;B
20241011;103055;53.82;30;11287075226;B
20241011;103055;53.82;70;11287075227;B
20241011;103055;53.82;10;11287075228;B
20241011;103055;53.82;110;11287075229;B
20241011;103055;53.82;100;11287075230;B
20241011;103059;53.82;10;11287075800;B
20241011;103059;53.82;80;11287075801;B
20241011;103059;53.82;10;11287075802;B
20241011;103106;53.82;340;11287076446;B
20241011;103107;53.83;260;11287076554;B
20241011;103107;53.83;100;11287076555;B
20241011;103107;53.83;10;11287076556;B
20241011;103107;53.83;790;11287076557;B
20241011;103107;53.84;400;11287076558;B
20241011;103107;53.84;250;11287076559;B
20241011;103107;53.84;70;11287076560;B
20241011;103107;53.84;1000;11287076561;B
20241011;103107;53.84;280;11287076562;B
20241011;103107;53.84;1270;11287076563;B
20241011;103107;53.84;3000;11287076564;B
20241011;103107;53.85;200;11287076565;B
20241011;103107;53.85;10;11287076566;B
20241011;103107;53.85;10;11287076567;B
20241011;103107;53.85;2800;11287076568;B
20241011;103107;53.85;800;11287076569;B
20241011;103107;53.85;290;11287076570;B
20241011;103107;53.86;20;11287076600;B
20241011;103108;53.85;2500;11287076730;S
20241011;103108;53.86;30;11287076792;B
20241011;103119;53.85;10;11287077885;S
20241011;103119;53.86;50;11287077889;B
20241011;103119;53.86;140;11287077890;B
20241011;103119;53.86;5000;11287077893;B
20241011;103125;53.86;1700;11287078418;B
20241011;103129;53.87;2000;11287078806;B
20241011;103129;53.87;200;11287078807;B
20241011;103129;53.87;1890;11287078889;B
20241011;103129;53.87;1100;11287078890;B
20241011;103129;53.87;900;11287078949;S
20241011;103134;53.88;10;11287079444;B
20241011;103139;53.88;10;11287080040;B
20241011;103139;53.88;20;11287080049;B
20241011;103143;53.88;20;11287080519;B
20241011;103143;53.88;20;11287080520;B
20241011;103149;53.88;80;11287081402;B
20241011;103149;53.88;120;11287081403;B
20241011;103150;53.88;20;11287081554;B
20241011;103151;53.87;10;11287081633;S
20241011;103151;53.88;500;11287081658;B
20241011;103155;53.88;10;11287082053;B
20241011;103155;53.88;90;11287082054;B
20241011;103155;53.87;1100;11287082102;S
20241011;103155;53.87;40;11287082103;S
20241011;103155;53.87;840;11287082104;S
20241011;103220;53.87;110;11287085072;S
20241011;103220;53.88;520;11287085149;B
20241011;103229;53.89;20;11287086236;B
20241011;103229;53.89;20;11287086237;B
20241011;103230;53.89;230;11287086261;B
20241011;103230;53.89;80;11287086262;B
20241011;103230;53.89;100;11287086263;B
20241011;103230;53.89;1000;11287086264;B
20241011;103230;53.9;390;11287086265;B
20241011;103230;53.9;20;11287086359;B
20241011;103230;53.9;510;11287086432;B
20241011;103231;53.9;10;11287086591;B
20241011;103232;53.88;740;11287086679;S
20241011;103232;53.88;880;11287086680;S
20241011;103232;53.88;10;11287086681;S
20241011;103232;53.88;1070;11287086682;S
20241011;103234;53.88;80;11287086867;B
20241011;103234;53.89;20;11287086868;B
20241011;103236;53.9;10;11287086973;B
20241011;103237;53.9;50;11287087102;B
20241011;103240;53.9;20;11287087453;B
20241011;103242;53.91;20;11287087576;B
20241011;103242;53.89;130;11287087580;S
20241011;103243;53.9;10;11287087681;B
20241011;103244;53.88;20;11287087744;S
20241011;103244;53.9;20;11287087801;B
20241011;103246;53.9;250;11287087944;B
20241011;103248;53.9;10;11287088155;B
20241011;103249;53.9;20;11287088205;B
20241011;103250;53.9;10;11287088320;B
20241011;103251;53.9;10;11287088484;B
20241011;103254;53.9;20;11287088763;B
20241011;103258;53.9;500;11287089107;B
20241011;103302;53.9;10;11287089503;B
20241011;103307;53.9;8640;11287090026;B
20241011;103307;53.9;25000;11287090027;B
20241011;103307;53.9;50;11287090028;B
20241011;103307;53.9;10;11287090029;B
20241011;103307;53.9;10;11287090030;B
20241011;103307;53.9;10;11287090031;B
20241011;103307;53.91;400;11287090032;B
20241011;103307;53.91;2450;11287090033;B
20241011;103307;53.91;460;11287090034;B
20241011;103307;53.91;50;11287090035;B
20241011;103307;53.91;50;11287090036;B
20241011;103307;53.91;50;11287090037;B
20241011;103307;53.91;6420;11287090038;B
20241011;103307;53.91;2090;11287090039;B
20241011;103307;53.92;70;11287090040;B
20241011;103307;53.92;10000;11287090041;B
20241011;103307;53.92;880;11287090042;B
20241011;103307;53.92;2090;11287090043;B
20241011;103307;53.93;100;11287090044;B
20241011;103307;53.93;180;11287090045;B
20241011;103307;53.93;40;11287090046;B
20241011;103307;53.93;4620;11287090047;B
20241011;103307;53.94;250;11287090048;B
20241011;103307;53.94;10;11287090049;B
20241011;103307;53.94;2800;11287090050;B
20241011;103307;53.94;5190;11287090051;B
20241011;103307;53.95;10;11287090052;B
20241011;103307;53.95;10;11287090053;B
20241011;103307;53.96;10;11287090054;B
20241011;103307;53.96;3000;11287090055;B
20241011;103307;53.96;1500;11287090056;B
20241011;103307;53.96;1500;11287090057;B
20241011;103307;53.97;10;11287090058;B
20241011;103307;53.97;210;11287090059;B
20241011;103307;53.97;3000;11287090060;B
20241011;103307;53.97;12580;11287090061;B
20241011;103308;53.95;100;11287090103;B
20241011;103308;53.95;100;11287090104;B
20241011;103308;53.95;100;11287090111;B
20241011;103308;53.95;100;11287090112;B
20241011;103308;53.95;100;11287090113;B
20241011;103308;53.95;100;11287090121;B
20241011;103308;53.95;100;11287090122;B
20241011;103308;53.95;100;11287090123;B
20241011;103308;53.95;100;11287090134;B
20241011;103321;53.94;80;11287091741;B
20241011;103321;53.94;10;11287091742;B
20241011;103321;53.95;160;11287091743;B
20241011;103324;53.95;50;11287092193;B
20241011;103325;53.95;180;11287092390;B
20241011;103328;53.95;1000;11287092717;B
20241011;103330;53.94;100;11287092954;S
20241011;103332;53.95;10;11287093149;B
20241011;103340;53.95;10;11287094097;B
20241011;103343;53.95;530;11287094396;B
20241011;103343;53.94;9900;11287094499;S
20241011;103343;53.94;100;11287094500;S
20241011;103349;53.94;170;11287095148;B
20241011;103349;53.92;10;11287095225;S
20241011;103353;53.92;9990;11287095864;S
20241011;103353;53.92;1010;11287095865;S
20241011;103353;53.92;310;11287095866;S
20241011;103353;53.92;880;11287095867;S
20241011;103353;53.92;110;11287095868;S
20241011;103353;53.91;1020;11287095869;S
20241011;103353;53.9;1000;11287095870;S
20241011;103353;53.9;30;11287095871;S
20241011;103353;53.9;1000;11287095872;S
20241011;103353;53.9;1000;11287095873;S
20241011;103353;53.89;2110;11287095874;S
20241011;103353;53.92;100;11287095875;B
20241011;103356;53.89;10;11287096290;S
20241011;103400;53.92;100;11287096762;B
20241011;103403;53.93;10;11287097088;B
20241011;103405;53.92;500;11287097318;B
20241011;103410;53.91;10;11287097817;S
20241011;103413;53.91;40;11287098226;S
20241011;103413;53.9;100;11287098229;B
20241011;103413;53.9;100;11287098230;B
20241011;103413;53.9;100;11287098231;B
20241011;103413;53.9;100;11287098232;B
20241011;103413;53.9;100;11287098233;B
20241011;103413;53.92;20;11287098272;B
20241011;103416;53.92;10;11287098588;B
20241011;103421;53.92;10;11287099252;B
20241011;103423;53.91;30;11287099487;B
20241011;103426;53.91;10;11287099890;B
20241011;103434;53.88;10;11287101238;S
20241011;103434;53.88;690;11287101239;S
20241011;103451;53.89;20;11287103618;S
20241011;103451;53.88;90;11287103619;S
20241011;103451;53.88;340;11287103620;S
20241011;103456;53.91;880;11287104294;B
20241011;103456;53.91;430;11287104295;B
20241011;103456;53.91;1060;11287104296;B
20241011;103456;53.92;10;11287104297;B
20241011;103456;53.92;50;11287104298;B
20241011;103456;53.92;2890;11287104299;B
20241011;103500;53.93;100;11287104830;B
20241011;103501;53.88;10;11287105086;S
20241011;103501;53.88;70;11287105087;S
20241011;103501;53.87;220;11287105088;S
20241011;103502;53.87;10;11287105115;S
20241011;103507;53.91;20;11287105885;B
20241011;103512;53.91;20;11287106680;B
20241011;103517;53.88;5000;11287107122;S
20241011;103517;53.89;580;11287107148;B
20241011;103517;53.89;880;11287107149;B
20241011;103517;53.89;210;11287107150;B
20241011;103517;53.9;3720;11287107151;B
20241011;103517;53.9;1000;11287107152;B
20241011;103517;53.91;13610;11287107153;B
20241011;103521;53.87;10;11287107542;S
20241011;103523;53.87;4760;11287107760;S
20241011;103523;53.87;60;11287107761;S
20241011;103523;53.87;100;11287107762;B
20241011;103523;53.87;100;11287107763;B
20241011;103523;53.87;100;11287107764;B
20241011;103523;53.87;100;11287107765;B
20241011;103523;53.87;100;11287107766;B
20241011;103523;53.87;100;11287107767;B
20241011;103523;53.87;100;11287107768;B
20241011;103523;53.87;100;11287107769;B
20241011;103523;53.87;90;11287107770;B
20241011;103524;53.88;100;11287107847;B
20241011;103524;53.88;10;11287107848;B
20241011;103529;53.86;20;11287108468;S
20241011;103529;53.86;1000;11287108513;S
20241011;103529;53.86;20;11287108514;B
20241011;103530;53.88;100;11287108545;B
20241011;103530;53.88;20;11287108546;B
20241011;103530;53.88;10;11287108547;B
20241011;103530;53.88;70;11287108548;B
20241011;103530;53.88;30;11287108549;B
20241011;103530;53.88;50;11287108550;B
20241011;103530;53.88;100;11287108551;B
20241011;103530;53.88;100;11287108552;B
20241011;103530;53.85;10;11287108673;S
20241011;103537;53.88;30;11287109495;B
20241011;103541;53.88;410;11287109811;B
20241011;103541;53.88;360;11287109812;B
20241011;103541;53.89;3720;11287109813;B
20241011;103541;53.89;510;11287109814;B
20241011;103551;53.86;10;11287110820;S
20241011;103558;53.9;10;11287111670;B
20241011;103559;53.86;50;11287111747;S
20241011;103559;53.86;10;11287111748;S
20241011;103559;53.86;10;11287111749;S
20241011;103559;53.86;10;11287111750;S
20241011;103559;53.86;10;11287111751;S
20241011;103559;53.86;10;11287111752;S
20241011;103559;53.86;10;11287111753;S
20241011;103559;53.86;10;11287111754;S
20241011;103559;53.86;10;11287111755;S
20241011;103559;53.86;10;11287111756;S
20241011;103559;53.86;10;11287111757;S
20241011;103559;53.86;10;11287111758;S
20241011;103559;53.86;10;11287111759;S
20241011;103559;53.86;170;11287111760;S
20241011;103605;53.86;10;11287112530;S
20241011;103605;53.86;10;11287112531;S
20241011;103605;53.86;10;11287112533;S
20241011;103605;53.86;10;11287112534;S
20241011;103605;53.86;10;11287112535;S
20241011;103605;53.86;10;11287112536;S
20241011;103605;53.86;10;11287112537;S
20241011;103605;53.86;170;11287112538;S
20241011;103605;53.86;20;11287112539;B
20241011;103606;53.89;100;11287112651;B
20241011;103606;53.89;100;11287112652;B
20241011;103606;53.89;80;11287112653;B
20241011;103606;53.89;20;11287112654;B
20241011;103607;53.9;80;11287112742;B
20241011;103607;53.9;100;11287112743;B
20241011;103610;53.86;10;11287113350;S
20241011;103624;53.86;10;11287114913;S
20241011;103624;53.86;10;11287114914;S
20241011;103624;53.86;10;11287114915;S
20241011;103624;53.86;170;11287114967;S
20241011;103624;53.86;10;11287114968;S
20241011;103624;53.86;10;11287114969;S
20241011;103624;53.85;20;11287114970;S
20241011;103624;53.85;370;11287114971;S
20241011;103624;53.85;110;11287114972;S
20241011;103628;53.86;170;11287115587;S
20241011;103628;53.85;100;11287115604;B
20241011;103628;53.85;70;11287115605;B
20241011;103630;53.88;10;11287115795;B
20241011;103632;53.88;10;11287116082;B
20241011;103648;53.86;170;11287118125;S
20241011;103648;53.84;10;11287118126;B
20241011;103648;53.84;140;11287118127;B
20241011;103648;53.85;20;11287118128;B
20241011;103649;53.84;170;11287118131;B
20241011;103649;53.84;170;11287118140;B
20241011;103649;53.84;140;11287118169;B
20241011;103656;53.82;20;11287119183;S
20241011;103657;53.82;10;11287119265;S
20241011;103657;53.84;10;11287119288;B
20241011;103658;53.82;10;11287119422;S
20241011;103659;53.82;10;11287119558;S
20241011;103701;53.82;20;11287119753;S
20241011;103705;53.82;70;11287120173;S
20241011;103715;53.82;20;11287121206;S
20241011;103715;53.82;30;11287121207;S
20241011;103715;53.82;10;11287121208;S
20241011;103715;53.82;20;11287121209;S
20241011;103715;53.81;1920;11287121210;S
20241011;103715;53.81;10;11287121211;S
20241011;103715;53.81;20;11287121212;S
20241011;103715;53.81;10;11287121213;S
20241011;103715;53.81;2920;11287121214;S
20241011;103723;53.81;10;11287122153;S
20241011;103729;53.83;10;11287122979;B
20241011;103729;53.83;10;11287122980;B
20241011;103729;53.83;10;11287122981;B
20241011;103729;53.83;10;11287122982;B
20241011;103729;53.83;120;11287122983;B
20241011;103729;53.83;20;11287122984;B
20241011;103729;53.83;20;11287122985;B
20241011;103737;53.83;10;11287124067;B
20241011;103739;53.83;70;11287124296;B
20241011;103739;53.83;80;11287124297;B
20241011;103739;53.83;140;11287124298;B
20241011;103739;53.83;880;11287124299;B
20241011;103739;53.83;20;11287124300;B
20241011;103739;53.83;10;11287124301;B
20241011;103739;53.83;10;11287124302;B
20241011;103739;53.83;60;11287124303;B
20241011;103739;53.84;910;11287124304;B
20241011;103739;53.84;140;11287124305;B
20241011;103739;53.85;1000;11287124306;B
20241011;103739;53.87;3260;11287124307;B
20241011;103744;53.81;10;11287124882;S
20241011;103757;53.83;40;11287126302;S
20241011;103811;53.83;330;11287127984;S
20241011;103822;53.81;60;11287128863;S
20241011;103822;53.81;30;11287128864;S
20241011;103825;53.83;10;11287129160;B
20241011;103835;53.82;10;11287130090;B
20241011;103844;53.82;20;11287131000;B
20241011;103856;53.82;10;11287131977;B
20241011;103909;53.82;10;11287133109;B
20241011;103913;53.81;110;11287133482;S
20241011;103918;53.82;10;11287133941;B
20241011;103926;53.82;10;11287134807;B
20241011;103926;53.82;10;11287134820;B
20241011;103927;53.82;10;11287134881;B
20241011;103936;53.81;30;11287135630;S
20241011;103936;53.81;30;11287135631;S
20241011;103937;53.82;100;11287135663;B
20241011;103945;53.82;40;11287136287;B
20241011;103948;53.82;20;11287136597;B
20241011;103951;53.81;80;11287136777;S
20241011;103951;53.82;10;11287136799;B
20241011;103954;53.81;100;11287137120;S
20241011;103956;53.82;10;11287137319;B
20241011;104000;53.81;40;11287137570;S
20241011;104000;53.81;190;11287137571;S
20241011;104000;53.8;80;11287137572;S
20241011;104000;53.8;100;11287137573;S
20241011;104000;53.8;90;11287137574;S
20241011;104000;53.82;10;11287137588;B
20241011;104009;53.82;10;11287138568;B
20241011;104010;53.82;20;11287138647;B
20241011;104010;53.82;10;11287138648;B
20241011;104010;53.82;340;11287138649;B
20241011;104010;53.82;180;11287138650;B
20241011;104010;53.82;10;11287138692;B
20241011;104010;53.82;200;11287138742;B
20241011;104010;53.82;280;11287138790;B
20241011;104011;53.82;60;11287138896;B
20241011;104014;53.82;10;11287139321;B
20241011;104017;53.8;10;11287139614;S
20241011;104017;53.8;10;11287139615;S
20241011;104017;53.79;30;11287139616;S
20241011;104024;53.82;10;11287140184;B
20241011;104025;53.82;20;11287140304;B
20241011;104028;53.82;180;11287140579;B
20241011;104028;53.82;50;11287140722;B
20241011;104030;53.8;120;11287141082;S
20241011;104040;53.8;10;11287142077;S
20241011;104047;53.82;10;11287142766;B
20241011;104056;53.8;90;11287143580;S
20241011;104107;53.82;10;11287144760;B
20241011;104110;53.82;60;11287145042;B
20241011;104111;53.8;70;11287145172;S
20241011;104113;53.8;30;11287145316;S
20241011;104113;53.79;400;11287145317;S
20241011;104113;53.78;10;11287145318;S
20241011;104113;53.78;340;11287145319;S
20241011;104113;53.78;30;11287145320;S
20241011;104113;53.78;1000;11287145321;S
20241011;104113;53.77;800;11287145322;S
20241011;104113;53.77;460;11287145323;S
20241011;104113;53.77;240;11287145324;S
20241011;104113;53.77;5000;11287145325;S
20241011;104113;53.77;880;11287145326;S
20241011;104114;53.76;1000;11287145411;S
20241011;104114;53.76;70;11287145412;S
20241011;104114;53.76;100;11287145413;S
20241011;104114;53.75;10;11287145414;S
20241011;104114;53.75;440;11287145415;S
20241011;104114;53.75;180;11287145416;S
20241011;104115;53.77;100;11287145583;B
20241011;104115;53.77;10;11287145620;B
20241011;104121;53.77;10;11287146029;B
20241011;104121;53.77;90;11287146064;B
20241011;104121;53.77;10;11287146065;B
20241011;104128;53.77;10;11287146892;B
20241011;104131;53.75;10;11287147186;S
20241011;104132;53.77;10;11287147405;B
20241011;104133;53.75;150;11287147450;S
20241011;104138;53.77;10;11287148086;B
20241011;104139;53.77;100;11287148227;B
20241011;104149;53.75;20;11287149831;S
20241011;104149;53.75;30;11287149857;S
20241011;104158;53.77;10;11287151069;B
20241011;104211;53.75;20;11287152969;S
20241011;104217;53.75;80;11287153856;S
20241011;104218;53.75;10;11287154137;S
20241011;104225;53.77;10;11287154927;B
20241011;104234;53.77;170;11287156117;B
20241011;104234;53.77;600;11287156118;B
20241011;104234;53.77;70;11287156119;B
20241011;104234;53.77;90;11287156120;B
20241011;104234;53.77;20;11287156121;B
20241011;104234;53.77;100;11287156122;B
20241011;104234;53.77;100;11287156123;B
20241011;104234;53.77;10;11287156124;B
20241011;104234;53.77;10;11287156125;B
20241011;104234;53.77;130;11287156126;B
20241011;104234;53.77;380;11287156127;B
20241011;104234;53.77;10;11287156189;S
20241011;104234;53.77;10;11287156194;S
20241011;104234;53.77;10;11287156200;S
20241011;104234;53.77;10;11287156203;S
20241011;104236;53.77;100;11287156332;S
20241011;104237;53.77;180;11287156536;S
20241011;104237;53.77;50;11287156537;S
20241011;104248;53.77;30;11287158106;B
20241011;104249;53.77;100;11287158617;B
20241011;104258;53.77;10;11287159931;B
20241011;104301;53.77;10;11287160209;B
20241011;104308;53.77;10;11287161025;B
20241011;104309;53.75;80;11287161143;S
20241011;104311;53.77;50;11287161339;B
20241011;104312;53.77;20;11287161452;B
20241011;104314;53.77;140;11287161699;B
20241011;104316;53.75;50;11287161821;S
20241011;104320;53.77;100;11287162437;B
20241011;104327;53.75;30;11287163123;S
20241011;104328;53.77;170;11287163271;B
20241011;104329;53.77;10;11287163296;B
20241011;104332;53.77;50;11287163722;B
20241011;104358;53.77;10;11287166884;B
20241011;104400;53.77;10;11287167135;B
20241011;104403;53.75;30;11287167456;S
20241011;104403;53.75;10;11287167457;S
20241011;104406;53.75;10;11287167733;S
20241011;104406;53.75;200;11287167734;S
20241011;104406;53.75;10;11287167735;S
20241011;104406;53.75;10;11287167736;S
20241011;104410;53.74;60;11287168106;S
20241011;104410;53.74;10;11287168107;S
20241011;104410;53.73;10;11287168108;S
20241011;104410;53.73;10;11287168109;S
20241011;104410;53.72;10;11287168110;S
20241011;104410;53.72;110;11287168111;S
20241011;104415;53.74;10;11287168796;B
20241011;104419;53.72;60;11287169225;S
20241011;104421;53.73;1340;11287169487;B
20241011;104421;53.73;100;11287169488;B
20241011;104422;53.72;20;11287169523;S
20241011;104422;53.72;10;11287169524;S
20241011;104422;53.71;50;11287169525;S
20241011;104422;53.71;920;11287169526;S
20241011;104427;53.72;10;11287170204;S
20241011;104427;53.71;420;11287170205;S
20241011;104427;53.73;10;11287170208;B
20241011;104438;53.73;10;11287171496;S
20241011;104446;53.74;20;11287172655;B
20241011;104446;53.74;30;11287172656;B
20241011;104446;53.74;230;11287172657;B
20241011;104448;53.73;40;11287172889;S
20241011;104448;53.71;50;11287172890;S
20241011;104455;53.74;10;11287173959;B
20241011;104455;53.74;40;11287173960;B
20241011;104455;53.74;450;11287173961;B
20241011;104514;53.74;10;11287176436;B
20241011;104522;53.72;10;11287177136;S
20241011;104526;53.74;10;11287177570;B
20241011;104527;53.74;10;11287177614;B
20241011;104534;53.74;20;11287178632;B
20241011;104539;53.74;140;11287179199;B
20241011;104548;53.74;30;11287180377;B
20241011;104556;53.73;10;11287181629;S
20241011;104556;53.73;10;11287181630;S
20241011;104556;53.72;10;11287181631;S
20241011;104556;53.72;10;11287181632;S
20241011;104559;53.72;10;11287182147;S
20241011;104602;53.71;10;11287182589;S
20241011;104607;53.71;20;11287183396;S
20241011;104612;53.73;40;11287184905;B
20241011;104617;53.73;10;11287185737;B
20241011;104619;53.71;150;11287186257;S
20241011;104620;53.71;80;11287186410;S
20241011;104620;53.73;10;11287186452;B
20241011;104627;53.72;20;11287187511;B
20241011;104633;53.71;10;11287188314;S
20241011;104635;53.72;20;11287188541;B
20241011;104637;53.72;100;11287188941;B
20241011;104639;53.71;30;11287189143;S
20241011;104644;53.71;10;11287189820;S
20241011;104644;53.71;10;11287189821;S
20241011;104644;53.71;400;11287189822;S
20241011;104644;53.71;10;11287189823;S
20241011;104644;53.71;60;11287189830;B
20241011;104701;53.71;20;11287191663;B
20241011;104706;53.71;10;11287192155;B
20241011;104706;53.71;10;11287192182;B
20241011;104713;53.7;10;11287192963;S
20241011;104713;53.7;10;11287192964;S
20241011;104713;53.7;10;11287192965;S
20241011;104713;53.7;5900;11287192966;S
20241011;104713;53.7;10;11287192967;S
20241011;104713;53.7;100;11287192968;S
20241011;104713;53.7;10;11287192969;S
20241011;104713;53.7;40;11287192970;S
20241011;104713;53.69;190;11287192971;S
20241011;104713;53.69;10;11287192972;S
20241011;104713;53.69;20;11287192973;S
20241011;104713;53.69;730;11287192974;S
20241011;104713;53.68;180;11287192975;S
20241011;104713;53.68;70;11287192976;S
20241011;104713;53.68;60;11287192977;S
20241011;104713;53.68;20;11287192978;S
20241011;104713;53.68;2630;11287192979;S
20241011;104713;53.67;10;11287193054;S
20241011;104713;53.67;500;11287193055;S
20241011;104713;53.67;110;11287193056;S
20241011;104713;53.67;20;11287193057;S
20241011;104713;53.66;50;11287193058;S
20241011;104713;53.66;20;11287193059;S
20241011;104713;53.66;100;11287193060;S
20241011;104713;53.66;10;11287193061;S
20241011;104713;53.66;1000;11287193062;S
20241011;104713;53.66;20;11287193063;S
20241011;104713;53.66;50;11287193064;S
20241011;104713;53.66;600;11287193065;S
20241011;104713;53.66;10;11287193066;S
20241011;104713;53.66;3720;11287193067;S
20241011;104713;53.65;200;11287193068;S
20241011;104713;53.65;200;11287193069;S
20241011;104713;53.65;500;11287193070;S
20241011;104713;53.65;30;11287193071;S
20241011;104713;53.65;10;11287193072;S
20241011;104713;53.65;500;11287193073;S
20241011;104713;53.65;880;11287193074;S
20241011;104713;53.65;410;11287193075;S
20241011;104713;53.66;10;11287193078;S
20241011;104713;53.66;2500;11287193084;S
20241011;104714;53.69;660;11287193188;B
20241011;104714;53.7;30;11287193189;B
20241011;104714;53.7;20;11287193190;B
20241011;104714;53.7;10;11287193247;B
20241011;104716;53.7;60;11287193619;B
20241011;104716;53.71;60;11287193698;B
20241011;104716;53.71;140;11287193702;B
20241011;104716;53.71;390;11287193726;B
20241011;104716;53.69;100;11287193825;S
20241011;104716;53.71;150;11287193842;B
20241011;104716;53.71;50;11287193934;B
20241011;104717;53.71;50;11287194034;B
20241011;104717;53.71;20;11287194060;B
20241011;104717;53.71;10;11287194061;B
20241011;104717;53.71;10;11287194153;B
20241011;104718;53.71;70;11287194370;B
20241011;104718;53.71;30;11287194371;B
20241011;104718;53.71;10;11287194372;B
20241011;104718;53.71;200;11287194373;B
20241011;104725;53.71;90;11287195448;B
20241011;104725;53.71;110;11287195449;B
20241011;104725;53.7;20;11287195451;S
20241011;104725;53.7;180;11287195452;S
20241011;104733;53.7;700;11287196275;S
20241011;104733;53.7;440;11287196276;S
20241011;104733;53.69;860;11287196277;S
20241011;104733;53.69;20;11287196283;S
20241011;104736;53.71;10;11287196723;B
20241011;104739;53.7;5210;11287197114;S
20241011;104739;53.7;880;11287197115;S
20241011;104739;53.7;410;11287197116;S
20241011;104739;53.69;410;11287197117;S
20241011;104739;53.69;1000;11287197118;S
20241011;104739;53.67;420;11287197119;S
20241011;104739;53.66;1670;11287197120;S
20241011;104742;53.69;2000;11287197556;S
20241011;104743;53.71;30;11287197723;B
20241011;104743;53.71;50;11287197761;B
20241011;104743;53.71;60;11287197762;B
20241011;104745;53.71;140;11287197979;S
20241011;104745;53.7;30;11287197980;S
20241011;104747;53.69;10;11287198182;S
20241011;104750;53.69;20;11287198492;S
20241011;104752;53.71;10;11287198815;S
20241011;104752;53.69;20;11287198828;S
20241011;104758;53.72;10;11287199433;B
20241011;104800;53.72;40;11287199646;B
20241011;104804;53.72;20;11287200059;B
20241011;104807;53.72;10;11287200282;B
20241011;104815;53.72;10;11287201054;B
20241011;104819;53.72;10;11287201513;B
20241011;104819;53.72;10;11287201514;B
20241011;104819;53.72;60;11287201515;B
20241011;104828;53.72;340;11287202196;B
20241011;104828;53.73;10;11287202197;B
20241011;104828;53.73;1000;11287202198;B
20241011;104828;53.73;290;11287202199;B
20241011;104828;53.74;10;11287202200;B
20241011;104828;53.74;10;11287202201;B
20241011;104828;53.74;10;11287202202;B
20241011;104828;53.74;10;11287202203;B
20241011;104828;53.74;30;11287202204;B
20241011;104828;53.74;10;11287202205;B
20241011;104828;53.74;3500;11287202206;B
20241011;104828;53.74;120;11287202207;B
20241011;104828;53.74;20;11287202208;B
20241011;104828;53.74;20;11287202209;B
20241011;104828;53.74;520;11287202210;B
20241011;104855;53.74;10;11287204799;B
20241011;104855;53.74;10;11287204804;S
20241011;104855;53.74;10;11287204808;S
20241011;104856;53.74;200;11287204816;S
20241011;104856;53.75;10;11287204877;B
20241011;104911;53.75;80;11287206458;B
20241011;104914;53.75;40;11287206825;B
20241011;104930;53.75;30;11287208192;B
20241011;104931;53.74;70;11287208299;S
20241011;104931;53.74;10;11287208300;S
20241011;104931;53.73;90;11287208393;B
20241011;104948;53.73;20;11287210098;B
20241011;104950;53.73;10;11287210364;B
20241011;104953;53.73;10;11287210705;B
20241011;104953;53.73;120;11287210762;B
20241011;104954;53.72;10;11287210859;S
20241011;104954;53.72;10;11287210860;S
20241011;104954;53.71;10;11287210861;S
20241011;104954;53.71;10;11287210862;S
20241011;105013;53.72;10;11287212933;B
20241011;105014;53.72;10;11287212980;B
20241011;105014;53.72;10;11287213088;B
20241011;105016;53.72;40;11287213334;B
20241011;105020;53.72;10;11287214070;B
20241011;105043;53.71;10;11287216930;S
20241011;105043;53.7;10;11287216931;S
20241011;105043;53.7;70;11287216932;S
20241011;105058;53.72;10;11287218558;B
20241011;105058;53.72;10;11287218559;B
20241011;105058;53.72;60;11287218560;B
20241011;105058;53.72;90;11287218561;B
20241011;105058;53.72;90;11287218562;B
20241011;105058;53.72;70;11287218563;B
20241011;105058;53.72;70;11287218564;B
20241011;105109;53.7;80;11287219932;S
20241011;105114;53.72;10;11287220541;B
20241011;105120;53.72;50;11287221078;B
20241011;105133;53.72;10;11287222215;B
20241011;105143;53.72;170;11287223300;B
20241011;105143;53.72;6000;11287223301;B
20241011;105143;53.72;50;11287223302;B
20241011;105143;53.72;10;11287223303;B
20241011;105143;53.72;1010;11287223304;B
20241011;105143;53.72;880;11287223305;B
20241011;105143;53.73;170;11287223306;B
20241011;105143;53.73;100;11287223307;B
20241011;105143;53.73;770;11287223308;B
20241011;105143;53.74;20;11287223309;B
20241011;105143;53.74;20;11287223310;B
20241011;105143;53.74;10;11287223311;B
20241011;105143;53.75;55790;11287223312;B
20241011;105145;53.75;10;11287223602;B
20241011;105147;53.75;10;11287223773;B
20241011;105149;53.73;880;11287224084;S
20241011;105149;53.73;940;11287224085;S
20241011;105149;53.72;30;11287224086;S
20241011;105154;53.75;10;11287224546;B
20241011;105155;53.75;10;11287224642;B
20241011;105156;53.72;20;11287224719;S
20241011;105200;53.72;10;11287225199;S
20241011;105207;53.72;20;11287225933;S
20241011;105208;53.75;10;11287226066;B
20241011;105218;53.75;10;11287227161;B
20241011;105218;53.75;10;11287227174;B
20241011;105221;53.75;20;11287227546;B
20241011;105227;53.75;10;11287227953;B
20241011;105233;53.74;20;11287228575;S
20241011;105235;53.75;10;11287228730;B
20241011;105238;53.75;20;11287229071;B
20241011;105244;53.74;40;11287229686;S
20241011;105244;53.73;110;11287229687;S
20241011;105256;53.75;10;11287230889;B
20241011;105258;53.74;10;11287231085;B
20241011;105258;53.75;20;11287231086;B
20241011;105300;53.73;860;11287231307;S
20241011;105300;53.72;50;11287231308;S
20241011;105300;53.72;2080;11287231309;S
20241011;105315;53.74;30;11287233109;S
20241011;105319;53.74;20;11287233753;S
20241011;105329;53.75;7660;11287234822;B
20241011;105329;53.75;30;11287234823;B
20241011;105329;53.75;30;11287234824;B
20241011;105329;53.76;880;11287234825;B
20241011;105329;53.77;1400;11287234826;B
20241011;105329;53.77;10;11287234840;B
20241011;105330;53.77;8590;11287234938;B
20241011;105330;53.79;10;11287234941;B
20241011;105330;53.78;100;11287234946;S
20241011;105336;53.79;120;11287235633;B
20241011;105339;53.79;120;11287236069;B
20241011;105342;53.8;10;11287236319;B
20241011;105343;53.8;10;11287236443;S
20241011;105348;53.81;10;11287237020;B
20241011;105348;53.82;10;11287237021;B
20241011;105348;53.82;1000;11287237022;B
20241011;105348;53.82;10;11287237023;B
20241011;105348;53.82;630;11287237024;B
20241011;105348;53.83;2430;11287237025;B
20241011;105348;53.83;100;11287237026;B
20241011;105348;53.83;5200;11287237027;B
20241011;105348;53.83;600;11287237028;B
20241011;105348;53.84;250;11287237029;B
20241011;105348;53.84;70;11287237030;B
20241011;105348;53.84;40;11287237031;B
20241011;105348;53.84;600;11287237032;B
20241011;105350;53.85;120;11287237261;B
20241011;105400;53.85;20;11287238513;B
20241011;105401;53.84;580;11287238769;S
20241011;105401;53.84;880;11287238770;S
20241011;105401;53.83;540;11287238771;S
20241011;105403;53.85;460;11287238971;B
20241011;105410;53.85;50;11287239785;B
20241011;105412;53.85;20;11287239946;B
20241011;105416;53.84;40;11287240310;B
20241011;105417;53.82;20;11287240447;S
20241011;105428;53.82;10;11287241569;B
20241011;105443;53.82;10;11287242935;B
20241011;105445;53.8;160;11287243064;S
20241011;105459;53.82;30;11287244579;B
20241011;105504;53.8;10;11287245008;S
20241011;105511;53.8;10;11287245722;S
20241011;105519;53.82;20;11287246516;B
20241011;105538;53.82;10;11287248416;B
20241011;105538;53.82;10;11287248417;B
20241011;105541;53.8;10;11287248604;S
20241011;105546;53.8;10;11287248990;S
20241011;105549;53.82;30;11287249285;B
20241011;105551;53.82;60;11287249424;B
20241011;105551;53.82;70;11287249425;B
20241011;105605;53.82;310;11287250770;B
20241011;105605;53.82;100;11287250771;B
20241011;105605;53.82;30;11287250772;B
20241011;105605;53.82;70;11287250773;B
20241011;105605;53.82;10;11287250774;B
20241011;105605;53.82;110;11287250775;B
20241011;105605;53.82;110;11287250776;B
20241011;105605;53.82;10;11287250777;B
20241011;105605;53.82;20;11287250778;B
20241011;105605;53.83;430;11287250779;B
20241011;105605;53.84;7250;11287250780;B
20241011;105605;53.84;1740;11287250781;B
20241011;105605;53.84;880;11287250782;B
20241011;105605;53.84;440;11287250783;B
20241011;105605;53.85;1330;11287250784;B
20241011;105605;53.85;460;11287250785;B
20241011;105605;53.85;5200;11287250786;B
20241011;105605;53.85;240;11287250787;B
20241011;105605;53.85;100;11287250788;B
20241011;105605;53.85;5000;11287250789;B
20241011;105605;53.86;240;11287250790;B
20241011;105605;53.87;1000;11287250791;B
20241011;105605;53.87;3720;11287250792;B
20241011;105605;53.88;180;11287250793;B
20241011;105605;53.88;60;11287250794;B
20241011;105605;53.88;600;11287250795;B
20241011;105605;53.88;800;11287250796;B
20241011;105605;53.88;3000;11287250797;B
20241011;105605;53.88;3000;11287250798;B
20241011;105605;53.88;3310;11287250799;B
20241011;105605;53.89;10;11287250800;B
20241011;105605;53.89;10;11287250801;B
20241011;105605;53.89;10;11287250802;B
20241011;105605;53.89;250;11287250803;B
20241011;105605;53.89;3000;11287250804;B
20241011;105605;53.89;3000;11287250805;B
20241011;105605;53.89;20;11287250806;B
20241011;105605;53.89;2230;11287250807;B
20241011;105605;53.9;210;11287250808;B
20241011;105605;53.9;8270;11287250809;B
20241011;105605;53.9;3000;11287250810;B
20241011;105605;53.9;5000;11287250811;B
20241011;105605;53.91;240;11287250812;B
20241011;105605;53.89;20;11287250814;B
20241011;105605;53.84;10;11287250815;S
20241011;105605;53.89;1800;11287250837;B
20241011;105606;53.89;90;11287250849;B
20241011;105609;53.89;10;11287251176;B
20241011;105609;53.89;3080;11287251190;B
20241011;105609;53.89;80;11287251191;B
20241011;105609;53.9;5200;11287251192;B
20241011;105609;53.9;1000;11287251193;B
20241011;105609;53.9;700;11287251194;B
20241011;105609;53.91;6150;11287251195;B
20241011;105609;53.91;3000;11287251196;B
20241011;105609;53.91;700;11287251197;B
20241011;105609;53.92;60;11287251198;B
20241011;105609;53.92;30;11287251199;B
20241011;105618;53.87;10;11287252010;S
20241011;105625;53.89;20;11287252597;B
20241011;105628;53.87;110;11287253225;S
20241011;105646;53.83;10;11287254713;S
20241011;105646;53.85;10;11287254742;B
20241011;105649;53.86;50;11287254929;B
20241011;105652;53.84;20;11287255066;S
20241011;105652;53.84;80;11287255067;B
20241011;105700;53.84;10;11287255516;B
20241011;105720;53.84;110;11287257275;B
20241011;105726;53.84;10;11287257917;B
20241011;105729;53.84;10;11287258193;B
20241011;105742;53.82;10;11287259427;S
20241011;105745;53.82;20;11287259749;S
20241011;105745;53.81;40;11287259750;S
20241011;105755;53.84;1000;11287260763;B
20241011;105758;53.84;10;11287260960;B
20241011;105801;53.84;10;11287261381;B
20241011;105815;53.84;30;11287262772;B
20241011;105837;53.84;20;11287264506;B
20241011;105840;53.82;10;11287264781;S
20241011;105840;53.82;30;11287264782;S
20241011;105844;53.84;10;11287265296;B
20241011;105845;53.84;10;11287265447;B
20241011;105849;53.84;30;11287266047;B
20241011;105849;53.84;750;11287266141;B
20241011;105851;53.84;10;11287266401;B
20241011;105854;53.84;20;11287266799;B
20241011;105854;53.84;30;11287266805;B
20241011;105856;53.84;10;11287266998;B
20241011;105908;53.83;20;11287268070;S
20241011;105909;53.84;10;11287268117;B
20241011;105932;53.84;340;11287270665;B
20241011;105949;53.85;30;11287275969;S
20241011;105949;53.85;70;11287275970;S
20241011;105949;53.87;30;11287276005;B
20241011;105953;53.87;10;11287280850;B
20241011;105954;53.87;760;11287281028;B
20241011;105954;53.87;180;11287281095;B
20241011;105954;53.89;60;11287281499;B
20241011;105954;53.89;100;11287281500;B
20241011;105954;53.89;60;11287281501;B
20241011;105954;53.89;130;11287281962;B
20241011;105954;53.89;630;11287282168;B
20241011;105955;53.89;30;11287282353;B
20241011;105957;53.89;310;11287284820;B
20241011;105959;53.89;570;11287287236;S
20241011;110003;53.88;10;11287291266;S
20241011;110003;53.9;1090;11287291656;B
20241011;110003;53.9;600;11287291657;B
20241011;110003;53.91;310;11287291658;B
20241011;110015;53.88;400;11287304173;S
20241011;110040;53.88;10;11287327335;B
20241011;110052;53.86;100;11287337479;S
20241011;110103;53.85;10;11287346267;B
20241011;110109;53.84;10;11287351240;S
20241011;110112;53.85;20;11287353937;B
20241011;110122;53.85;10;11287363928;B
20241011;110122;53.85;110;11287363929;B
20241011;110122;53.85;140;11287363930;B
20241011;110122;53.85;880;11287363931;B
20241011;110122;53.85;140;11287363932;B
20241011;110122;53.85;110;11287363933;B
20241011;110122;53.85;350;11287363934;B
20241011;110123;53.86;30;11287364270;B
20241011;110124;53.86;10;11287365683;B
20241011;110126;53.85;190;11287367933;S
20241011;110134;53.85;2370;11287375784;S
20241011;110134;53.84;3240;11287375786;S
20241011;110134;53.84;10;11287375787;S
20241011;110134;53.83;100;11287375793;S
20241011;110134;53.82;10;11287375799;S
20241011;110134;53.81;50;11287375804;S
20241011;110134;53.81;4500;11287375805;S
20241011;110134;53.8;1300;11287375811;S
20241011;110134;53.8;10;11287375812;S
20241011;110134;53.8;2060;11287375813;S
20241011;110134;53.8;1900;11287375814;S
20241011;110134;53.8;10;11287375815;S
20241011;110134;53.8;1300;11287375816;S
20241011;110134;53.8;450;11287375817;S
20241011;110134;53.8;500;11287375818;S
20241011;110134;53.8;10;11287375819;S
20241011;110134;53.8;200;11287375820;S
20241011;110134;53.8;10;11287375821;S
20241011;110134;53.8;6640;11287375822;S
20241011;110135;53.78;10;11287376312;S
20241011;110135;53.78;10;11287376313;S
20241011;110135;53.78;180;11287376314;S
20241011;110135;53.78;1800;11287376615;S
20241011;110137;53.78;10;11287378421;B
20241011;110138;53.78;40;11287379265;B
20241011;110139;53.77;100;11287380502;S
20241011;110139;53.76;10;11287380503;S
20241011;110139;53.76;60;11287380504;S
20241011;110142;53.75;10;11287383761;S
20241011;110142;53.75;220;11287383762;S
20241011;110146;53.75;300;11287387563;S
20241011;110152;53.76;30;11287393415;B
20241011;110156;53.75;140;11287397406;S
20241011;110200;53.75;20;11287401054;S
20241011;110210;53.75;50;11287411198;S
20241011;110219;53.77;10;11287419917;B
20241011;110220;53.77;50;11287420734;B
20241011;110220;53.77;150;11287420735;B
20241011;110220;53.76;220;11287421262;S
20241011;110224;53.76;10;11287425265;S
20241011;110229;53.76;10;11287429720;B
20241011;110230;53.77;10;11287431052;B
20241011;110230;53.77;20;11287431053;B
20241011;110231;53.76;20;11287432081;S
20241011;110237;53.77;30;11287438457;B
20241011;110237;53.77;410;11287438459;B
20241011;110237;53.77;170;11287438460;B
20241011;110242;53.76;120;11287442916;S
20241011;110244;53.76;70;11287445385;S
20241011;110245;53.77;140;11287445891;B
20241011;110245;53.78;370;11287445892;B
20241011;110245;53.79;90;11287445893;B
20241011;110249;53.76;70;11287450484;S
20241011;110250;53.76;40;11287451126;S
20241011;110259;53.78;60;11287460928;B
20241011;110308;53.79;60;11287469043;B
20241011;110314;53.77;30;11287474860;S
20241011;110314;53.77;40;11287474861;S
20241011;110316;53.78;100;11287476955;S
20241011;110321;53.78;2500;11287481152;S
20241011;110325;53.79;10;11287485314;B
20241011;110330;53.78;400;11287490133;S
20241011;110330;53.78;50;11287490134;S
20241011;110330;53.77;400;11287490135;S
20241011;110330;53.77;1170;11287490136;S
20241011;110335;53.76;10;11287495251;S
20241011;110340;53.79;20;11287500242;B
20241011;110352;53.78;10;11287511632;S
20241011;110411;53.79;10;11287527839;B
20241011;110411;53.79;100;11287527979;S
20241011;110411;53.79;1560;11287528065;S
20241011;110411;53.79;880;11287528066;S
20241011;110411;53.79;160;11287528067;S
20241011;110442;53.78;100;11287553653;S
20241011;110443;53.78;100;11287554295;S
20241011;110447;53.78;2450;11287558404;S
20241011;110455;53.79;10;11287566487;B
20241011;110456;53.76;880;11287567261;S
20241011;110456;53.75;770;11287567262;S
20241011;110456;53.75;10;11287567263;S
20241011;110456;53.75;3340;11287567264;S
20241011;110459;53.79;1400;11287569841;B
20241011;110509;53.75;500;11287579907;S
20241011;110522;53.76;400;11287592534;S
20241011;110523;53.76;100;11287593036;S
20241011;110523;53.76;800;11287593120;S
20241011;110523;53.76;310;11287593392;S
20241011;110523;53.76;1010;11287593393;S
20241011;110523;53.76;10;11287593394;S
20241011;110534;53.76;30;11287604443;B
20241011;110535;53.76;20;11287605906;B
20241011;110536;53.76;60;11287606193;B
20241011;110545;53.76;10;11287615239;B
20241011;110547;53.76;50;11287617320;B
20241011;110547;53.76;1000;11287617321;B
20241011;110547;53.76;80;11287617322;B
20241011;110547;53.76;100;11287617323;B
20241011;110547;53.76;40;11287617324;B
20241011;110549;53.76;50;11287619302;B
20241011;110549;53.76;100;11287619303;B
20241011;110549;53.76;10;11287619304;B
20241011;110549;53.76;40;11287619305;B
20241011;110552;53.76;310;11287621958;B
20241011;110552;53.76;10;11287621959;B
20241011;110552;53.76;20;11287621960;B
20241011;110552;53.76;430;11287621961;B
20241011;110552;53.76;70;11287621962;B
20241011;110552;53.77;160;11287621963;B
20241011;110558;53.77;10;11287627994;B
20241011;110602;53.75;10;11287632705;S
20241011;110607;53.77;20;11287637245;B
20241011;110607;53.78;10;11287637346;B
20241011;110609;53.78;10;11287639563;B
20241011;110610;53.77;20;11287640028;B
20241011;110611;53.76;10;11287641319;S
20241011;110611;53.76;10;11287641719;S
20241011;110611;53.76;40;11287641720;S
20241011;110654;53.8;10;11287685026;B
20241011;110655;53.81;20;11287685950;B
20241011;110709;53.82;10;11287700023;B
20241011;110710;53.82;10;11287701284;B
20241011;110711;53.82;90;11287701383;B
20241011;110711;53.83;120;11287701385;B
20241011;110727;53.83;710;11287714724;B
20241011;110727;53.82;30;11287715236;S
20241011;110728;53.83;100;11287715702;B
20241011;110728;53.83;880;11287715706;B
20241011;110728;53.83;3390;11287715712;B
20241011;110728;53.84;1000;11287715716;B
20241011;110728;53.84;70;11287715717;B
20241011;110731;53.86;30;11287718216;B
20241011;110731;53.86;30;11287718217;B
20241011;110731;53.87;10;11287718220;B
