<DATE>;<TIME>;<LAST>;<VOL>;<ID>;<OPER>
20241101;095944;47.29;10;11370547158;B
20241101;095944;47.29;200;11370547159;B
20241101;095944;47.29;10;11370547160;B
20241101;095944;47.29;200;11370547161;S
20241101;095944;47.29;10;11370547162;B
20241101;095944;47.29;10;11370547163;B
20241101;095944;47.29;10;11370547164;B
20241101;095944;47.29;50;11370547165;B
20241101;095944;47.29;10;11370547166;B
20241101;095944;47.29;10;11370547167;B
20241101;095944;47.29;80;11370547168;B
20241101;095944;47.29;400;11370547169;B
20241101;095944;47.29;20;11370547170;B
20241101;095944;47.29;10;11370547171;B
20241101;095944;47.29;100;11370547172;B
20241101;095944;47.29;10;11370547173;B
20241101;095944;47.29;50;11370547174;B
20241101;095944;47.29;100;11370547175;S
20241101;095944;47.29;10;11370547176;B
20241101;095944;47.29;630;11370547177;B
20241101;095944;47.29;50;11370547178;B
20241101;095944;47.29;610;11370547179;B
20241101;095944;47.29;10;11370547180;B
20241101;095944;47.29;210;11370547181;B
20241101;095944;47.29;200;11370547182;B
20241101;095944;47.29;30;11370547183;B
20241101;100001;47.27;320;11370549965;B
20241101;100001;47.27;180;11370550023;B
20241101;100001;47.27;30;11370550024;B
20241101;100001;47.28;210;11370550072;B
20241101;100001;47.28;740;11370550114;B
20241101;100001;47.25;100;11370550228;S
20241101;100001;47.25;300;11370550229;S
20241101;100002;47.25;50;11370550408;S
20241101;100002;47.24;10;11370550409;S
20241101;100002;47.24;10;11370550410;S
20241101;100002;47.24;10;11370550411;S
20241101;100002;47.24;10;11370550412;S
20241101;100002;47.24;50;11370550413;S
20241101;100002;47.24;10;11370550414;S
20241101;100002;47.24;10;11370550415;S
20241101;100002;47.24;10;11370550416;S
20241101;100002;47.24;10;11370550417;S
20241101;100002;47.24;10;11370550418;S
20241101;100002;47.24;10;11370550419;S
20241101;100003;47.28;10;11370550741;B
20241101;100003;47.27;10;11370550772;S
20241101;100003;47.27;110;11370550970;S
20241101;100003;47.27;40;11370550974;S
20241101;100003;47.28;10;11370550977;B
20241101;100003;47.27;10;11370550979;S
20241101;100003;47.27;330;11370550983;S
20241101;100003;47.27;200;11370550984;S
20241101;100003;47.26;10;11370550985;S
20241101;100003;47.25;10;11370550986;S
20241101;100003;47.25;200;11370550987;S
20241101;100003;47.25;100;11370550988;S
20241101;100003;47.24;10;11370550989;S
20241101;100003;47.24;20;11370550990;S
20241101;100003;47.24;120;11370550991;S
20241101;100003;47.24;10;11370551129;S
20241101;100003;47.24;10;11370551131;S
20241101;100003;47.24;80;11370551135;S
20241101;100003;47.28;10;11370551138;B
20241101;100003;47.24;20;11370551303;S
20241101;100004;47.28;10;11370551608;B
20241101;100004;47.28;20;11370551615;B
20241101;100004;47.28;20;11370552506;B
20241101;100004;47.28;10;11370552715;B
20241101;100004;47.28;10;11370552720;B
20241101;100004;47.28;20;11370552737;B
20241101;100004;47.24;10;11370552745;S
20241101;100004;47.28;20;11370552749;B
20241101;100004;47.28;10;11370552835;B
20241101;100004;47.28;10;11370552844;B
20241101;100004;47.24;10;11370552917;S
20241101;100004;47.28;10;11370552924;B
20241101;100004;47.28;20;11370552929;B
20241101;100004;47.24;30;11370552939;S
20241101;100004;47.28;10;11370553199;B
20241101;100004;47.28;10;11370553203;B
20241101;100004;47.24;10;11370553205;S
20241101;100004;47.28;10;11370553259;B
20241101;100004;47.28;10;11370553662;B
20241101;100004;47.28;10;11370554010;B
20241101;100004;47.28;10;11370554011;B
20241101;100004;47.24;10;11370554013;S
20241101;100004;47.28;10;11370554015;B
20241101;100004;47.24;10;11370554016;S
20241101;100004;47.28;10;11370554017;B
20241101;100004;47.28;10;11370554018;B
20241101;100005;47.28;3000;11370554379;B
20241101;100005;47.28;500;11370554380;B
20241101;100005;47.24;10;11370555683;S
20241101;100005;47.24;10;11370555687;S
20241101;100005;47.24;100;11370555769;S
20241101;100005;47.24;10;11370555771;S
20241101;100005;47.24;10;11370555775;S
20241101;100006;47.28;20;11370556113;B
20241101;100006;47.24;20;11370556116;S
20241101;100006;47.24;10;11370556119;S
20241101;100006;47.24;10;11370556121;S
20241101;100006;47.28;100;11370556361;B
20241101;100006;47.28;30;11370556395;B
20241101;100006;47.28;20;11370556472;B
20241101;100006;47.28;100;11370556502;B
20241101;100006;47.28;20;11370556634;B
20241101;100006;47.26;10;11370557226;S
20241101;100006;47.28;10;11370557227;B
20241101;100006;47.28;10;11370557229;B
20241101;100006;47.28;10;11370557230;B
20241101;100007;47.28;680;11370557291;B
20241101;100007;47.28;130;11370557292;B
20241101;100007;47.29;140;11370557293;B
20241101;100007;47.29;120;11370557350;B
20241101;100007;47.3;20;11370557351;B
20241101;100007;47.3;10;11370557352;B
20241101;100007;47.3;260;11370557353;B
20241101;100007;47.31;10;11370557354;B
20241101;100007;47.32;2930;11370557355;B
20241101;100008;47.33;790;11370557920;B
20241101;100008;47.33;790;11370557955;B
20241101;100010;47.3;10;11370558805;B
20241101;100010;47.3;20;11370558843;B
20241101;100010;47.3;20;11370558930;B
20241101;100010;47.3;20;11370558931;B
20241101;100010;47.33;40;11370558932;B
20241101;100010;47.35;10;11370558933;B
20241101;100010;47.36;60;11370558934;B
20241101;100011;47.36;530;11370559177;B
20241101;100012;47.36;950;11370559622;B
20241101;100012;47.36;700;11370559667;B
20241101;100012;47.37;10;11370559668;B
20241101;100012;47.37;50;11370559669;B
20241101;100012;47.39;10;11370559670;B
20241101;100012;47.39;10;11370559671;B
20241101;100012;47.39;100;11370559672;B
20241101;100012;47.39;70;11370559673;B
20241101;100013;47.31;10;11370559941;S
20241101;100015;47.39;100;11370560755;B
20241101;100017;47.4;10;11370561244;B
20241101;100017;47.4;190;11370561245;B
20241101;100017;47.32;10;11370561487;S
20241101;100017;47.32;100;11370561500;S
20241101;100018;47.4;150;11370561522;B
20241101;100018;47.4;40;11370561683;B
20241101;100027;47.33;880;11370564316;S
20241101;100027;47.33;500;11370564317;S
20241101;100027;47.32;90;11370564318;S
20241101;100027;47.32;7640;11370564319;S
20241101;100027;47.32;4240;11370564320;S
20241101;100027;47.31;4220;11370564321;S
20241101;100027;47.3;4280;11370564322;S
20241101;100028;47.36;900;11370564687;B
20241101;100030;47.36;100;11370565236;B
20241101;100031;47.3;20;11370565460;S
20241101;100040;47.31;100;11370567447;S
20241101;100041;47.31;150;11370567597;S
20241101;100041;47.35;1000;11370567615;B
20241101;100041;47.36;500;11370567616;B
20241101;100044;47.37;10;11370568279;B
20241101;100045;47.37;250;11370568372;B
20241101;100047;47.37;100;11370568863;B
20241101;100047;47.37;900;11370568864;B
20241101;100047;47.37;1000;11370568865;B
20241101;100053;47.34;10;11370570499;S
20241101;100057;47.33;10;11370571308;S
20241101;100103;47.36;300;11370572560;B
20241101;100103;47.37;510;11370572561;B
20241101;100103;47.38;690;11370572562;B
20241101;100103;47.32;880;11370572624;S
20241101;100103;47.32;560;11370572625;S
20241101;100103;47.31;510;11370572626;S
20241101;100103;47.31;1110;11370572627;S
20241101;100103;47.31;4000;11370572628;S
20241101;100106;47.35;20;11370573472;B
20241101;100112;47.33;10;11370574813;B
20241101;100112;47.34;460;11370574814;B
20241101;100112;47.35;1030;11370574815;B
20241101;100116;47.31;10;11370575762;S
20241101;100116;47.31;90;11370575763;S
20241101;100121;47.35;710;11370576690;B
20241101;100121;47.36;660;11370576691;B
20241101;100121;47.36;130;11370576692;B
20241101;100131;47.31;5000;11370579301;S
20241101;100131;47.3;1160;11370579494;S
20241101;100133;47.3;3060;11370579799;S
20241101;100133;47.29;2440;11370579800;S
20241101;100133;47.29;740;11370579801;S
20241101;100133;47.28;820;11370579802;S
20241101;100133;47.32;700;11370579808;B
20241101;100134;47.3;500;11370579962;B
20241101;100134;47.3;400;11370579963;B
20241101;100134;47.27;40;11370579967;S
20241101;100134;47.3;20;11370580003;B
20241101;100143;47.29;10;11370581640;B
20241101;100146;47.29;250;11370582355;B
20241101;100146;47.29;150;11370582356;B
20241101;100148;47.27;100;11370582765;S
20241101;100148;47.27;170;11370582806;S
20241101;100149;47.29;150;11370583030;B
20241101;100149;47.29;500;11370583085;B
20241101;100151;47.29;300;11370583542;B
20241101;100152;47.29;250;11370583853;B
20241101;100152;47.29;420;11370583854;B
20241101;100152;47.29;330;11370583855;B
20241101;100153;47.3;80;11370583964;B
20241101;100153;47.3;20;11370583965;B
20241101;100154;47.27;550;11370584195;S
20241101;100155;47.27;500;11370584508;S
20241101;100156;47.3;180;11370584754;B
20241101;100156;47.3;820;11370584755;B
20241101;100157;47.27;140;11370585100;S
20241101;100159;47.27;20;11370585377;S
20241101;100201;47.3;170;11370585732;B
20241101;100201;47.31;10;11370585745;B
20241101;100202;47.27;2740;11370586008;S
20241101;100202;47.27;3260;11370586009;S
20241101;100202;47.28;2200;11370586114;S
20241101;100203;47.28;280;11370586328;S
20241101;100203;47.32;880;11370586348;B
20241101;100203;47.32;630;11370586349;B
20241101;100203;47.32;500;11370586350;B
20241101;100203;47.32;650;11370586351;B
20241101;100203;47.33;2540;11370586352;B
20241101;100203;47.33;650;11370586353;B
20241101;100203;47.35;100;11370586354;B
20241101;100203;47.35;1190;11370586355;B
20241101;100206;47.35;170;11370586954;B
20241101;100206;47.35;230;11370586987;B
20241101;100207;47.35;10;11370587177;B
20241101;100208;47.35;360;11370587434;B
20241101;100212;47.32;30;11370588279;B
20241101;100213;47.35;10;11370588458;B
20241101;100213;47.35;30;11370588459;B
20241101;100213;47.35;260;11370588460;B
20241101;100217;47.34;30;11370589248;B
20241101;100217;47.34;480;11370589249;B
20241101;100217;47.34;1030;11370589250;B
20241101;100217;47.35;1460;11370589251;B
20241101;100220;47.32;10;11370589888;S
20241101;100220;47.32;10;11370589889;S
20241101;100220;47.32;3170;11370589890;S
20241101;100223;47.34;100;11370590587;B
20241101;100223;47.34;300;11370590588;B
20241101;100224;47.32;20;11370590821;S
20241101;100226;47.34;70;11370591222;B
20241101;100226;47.33;10;11370591350;S
20241101;100226;47.33;10;11370591351;S
20241101;100226;47.32;280;11370591352;S
20241101;100229;47.34;10;11370591982;B
20241101;100230;47.33;10;11370592001;S
20241101;100230;47.32;10;11370592002;S
20241101;100231;47.34;10;11370592411;B
20241101;100234;47.34;30;11370592886;B
20241101;100234;47.33;10;11370592935;S
20241101;100234;47.33;10;11370592936;S
20241101;100234;47.32;30;11370592937;S
20241101;100242;47.34;20;11370593943;B
20241101;100246;47.32;10;11370594478;S
20241101;100246;47.32;10;11370594479;S
20241101;100246;47.32;10;11370594480;S
20241101;100246;47.31;960;11370594481;S
20241101;100246;47.31;4010;11370594482;S
20241101;100247;47.32;10;11370594553;B
20241101;100247;47.32;10;11370594558;B
20241101;100251;47.32;300;11370595233;B
20241101;100254;47.32;50;11370595669;B
20241101;100256;47.31;20;11370596038;S
20241101;100301;47.31;150;11370596836;S
20241101;100302;47.32;50;11370597115;B
20241101;100305;47.32;10;11370597507;B
20241101;100309;47.32;70;11370598184;B
20241101;100316;47.31;40;11370599631;S
20241101;100316;47.31;10;11370599632;S
20241101;100316;47.31;150;11370599633;S
20241101;100318;47.32;320;11370600157;B
20241101;100318;47.32;550;11370600158;B
20241101;100325;47.32;40;11370601670;S
20241101;100326;47.32;10;11370601789;B
20241101;100327;47.32;10;11370601859;B
20241101;100329;47.32;90;11370602259;B
20241101;100331;47.32;10;11370602718;B
20241101;100335;47.31;370;11370603762;S
20241101;100335;47.31;30;11370603763;S
20241101;100346;47.32;10;11370605794;B
20241101;100401;47.31;170;11370608475;S
20241101;100401;47.3;90;11370608476;S
20241101;100401;47.29;310;11370608537;B
20241101;100401;47.29;800;11370608538;B
20241101;100401;47.3;40;11370608539;B
20241101;100401;47.3;310;11370608540;B
20241101;100401;47.3;880;11370608541;B
20241101;100401;47.31;2500;11370608542;B
20241101;100401;47.32;70;11370608543;B
20241101;100401;47.32;4090;11370608544;B
20241101;100401;47.32;10;11370608630;B
20241101;100402;47.27;650;11370608652;S
20241101;100403;47.27;120;11370608806;S
20241101;100405;47.3;100;11370609100;B
20241101;100408;47.3;10;11370609516;B
20241101;100410;47.31;20;11370609884;B
20241101;100414;47.3;10;11370610422;B
20241101;100418;47.29;560;11370610983;B
20241101;100421;47.27;260;11370611495;S
20241101;100426;47.28;40;11370612162;B
20241101;100433;47.28;50;11370613185;B
20241101;100434;47.3;90;11370613297;B
20241101;100434;47.3;20;11370613298;B
20241101;100440;47.28;10;11370614424;S
20241101;100440;47.28;1000;11370614425;S
20241101;100440;47.27;710;11370614426;S
20241101;100440;47.27;100;11370614427;S
20241101;100440;47.27;7000;11370614428;S
20241101;100440;47.27;1000;11370614429;S
20241101;100444;47.25;200;11370615257;S
20241101;100445;47.25;10;11370615570;S
20241101;100446;47.25;10;11370615601;S
20241101;100448;47.25;340;11370615902;S
20241101;100448;47.25;60;11370615903;S
20241101;100448;47.25;30;11370615904;S
20241101;100449;47.25;240;11370616140;S
20241101;100449;47.25;260;11370616141;S
20241101;100455;47.25;1740;11370617151;S
20241101;100455;47.25;80;11370617152;S
20241101;100455;47.25;110;11370617153;S
20241101;100455;47.24;90;11370617154;S
20241101;100456;47.25;20;11370617274;S
20241101;100456;47.24;390;11370617275;S
20241101;100456;47.24;20;11370617276;S
20241101;100456;47.24;780;11370617277;S
20241101;100456;47.24;1000;11370617278;S
20241101;100456;47.24;440;11370617341;B
20241101;100500;47.24;10;11370617930;B
20241101;100504;47.23;1600;11370618789;S
20241101;100504;47.22;1200;11370618790;S
20241101;100509;47.24;1000;11370619878;B
20241101;100510;47.24;1000;11370620091;B
20241101;100513;47.23;1260;11370620815;S
20241101;100513;47.23;1110;11370620816;S
20241101;100513;47.22;3020;11370620817;S
20241101;100513;47.22;610;11370620818;S
20241101;100513;47.24;1000;11370620953;B
20241101;100515;47.23;90;11370621383;S
20241101;100515;47.24;4340;11370621390;B
20241101;100515;47.24;300;11370621560;S
20241101;100516;47.24;2700;11370621582;S
20241101;100516;47.24;880;11370621583;S
20241101;100516;47.24;1000;11370621584;S
20241101;100516;47.24;420;11370621585;S
20241101;100518;47.25;300;11370622079;S
20241101;100520;47.24;30;11370622434;S
20241101;100520;47.24;120;11370622509;S
20241101;100524;47.25;50;11370623360;S
20241101;100524;47.27;1000;11370623423;B
20241101;100526;47.27;1000;11370623862;B
20241101;100526;47.25;170;11370623884;S
20241101;100527;47.27;1000;11370624189;B
20241101;100527;47.27;1000;11370624268;B
20241101;100528;47.27;1000;11370624474;B
20241101;100528;47.27;9830;11370624518;B
20241101;100533;47.3;20;11370625837;S
20241101;100537;47.31;1000;11370626620;B
20241101;100540;47.31;1000;11370627160;B
20241101;100540;47.31;3000;11370627161;B
20241101;100540;47.31;200;11370627162;B
20241101;100542;47.32;1000;11370627788;B
20241101;100542;47.32;4240;11370627862;B
20241101;100547;47.32;390;11370628982;B
20241101;100548;47.32;1000;11370629112;B
20241101;100548;47.32;250;11370629155;B
20241101;100550;47.32;16020;11370629727;B
20241101;100550;47.34;880;11370629728;B
20241101;100550;47.34;370;11370629729;B
20241101;100550;47.34;20;11370629730;B
20241101;100550;47.34;20;11370629731;B
20241101;100550;47.35;10;11370629732;B
20241101;100550;47.36;500;11370629733;B
20241101;100550;47.36;30;11370629734;B
20241101;100550;47.36;100;11370629735;B
20241101;100550;47.36;1370;11370629736;B
20241101;100550;47.36;680;11370629737;B
20241101;100553;47.38;30;11370630257;B
20241101;100553;47.38;1270;11370630258;B
20241101;100553;47.39;1000;11370630259;B
20241101;100553;47.39;4000;11370630260;B
20241101;100553;47.39;190;11370630261;B
20241101;100553;47.4;20;11370630262;B
20241101;100553;47.4;220;11370630263;B
20241101;100553;47.4;500;11370630264;B
20241101;100553;47.4;30;11370630265;B
20241101;100553;47.4;880;11370630266;B
20241101;100553;47.4;200;11370630267;B
20241101;100553;47.41;1000;11370630268;B
20241101;100553;47.41;460;11370630269;B
20241101;100553;47.41;2180;11370630270;B
20241101;100553;47.42;500;11370630271;B
20241101;100553;47.42;40;11370630272;B
20241101;100553;47.42;30;11370630273;B
20241101;100553;47.42;4220;11370630274;B
20241101;100553;47.42;810;11370630275;B
20241101;100553;47.43;1520;11370630276;B
20241101;100553;47.43;40;11370630277;B
20241101;100553;47.44;860;11370630278;B
20241101;100553;47.43;380;11370630403;B
20241101;100556;47.42;10;11370630904;B
20241101;100556;47.44;990;11370630905;B
20241101;100601;47.4;10;11370632050;S
20241101;100603;47.39;20;11370632547;S
20241101;100607;47.4;6000;11370633224;B
20241101;100607;47.41;450;11370633225;B
20241101;100607;47.41;1260;11370633226;B
20241101;100607;47.41;880;11370633227;B
20241101;100607;47.42;450;11370633228;B
20241101;100607;47.43;6980;11370633229;B
20241101;100607;47.44;1150;11370633230;B
20241101;100607;47.44;30;11370633231;B
20241101;100607;47.44;5000;11370633232;B
20241101;100607;47.45;10;11370633233;B
20241101;100607;47.45;50;11370633234;B
20241101;100607;47.45;50;11370633235;B
20241101;100607;47.45;10;11370633236;B
20241101;100607;47.45;880;11370633237;B
20241101;100607;47.45;3000;11370633238;B
20241101;100607;47.46;10;11370633239;B
20241101;100607;47.46;790;11370633240;B
20241101;100609;47.46;2210;11370633673;B
20241101;100609;47.46;30;11370633674;B
20241101;100609;47.46;220;11370633675;B
20241101;100609;47.47;500;11370633676;B
20241101;100609;47.47;10;11370633677;B
20241101;100609;47.47;30;11370633678;B
20241101;100610;47.44;10;11370633914;S
20241101;100616;47.44;50;11370635266;B
20241101;100616;47.44;880;11370635267;S
20241101;100616;47.44;20;11370635268;S
20241101;100616;47.47;20;11370635323;B
20241101;100617;47.47;10;11370635537;B
20241101;100619;47.47;100;11370635891;B
20241101;100624;47.47;170;11370636767;B
20241101;100624;47.47;800;11370636768;B
20241101;100625;47.46;100;11370636979;B
20241101;100626;47.46;900;11370637124;B
20241101;100626;47.47;100;11370637125;B
20241101;100628;47.44;10;11370637470;S
20241101;100630;47.45;10;11370637806;S
20241101;100632;47.46;500;11370638085;B
20241101;100632;47.47;700;11370638086;B
20241101;100633;47.47;10;11370638391;B
20241101;100635;47.45;1000;11370638791;S
20241101;100635;47.45;2800;11370638792;S
20241101;100635;47.45;1500;11370638793;S
20241101;100635;47.45;2000;11370638794;B
20241101;100635;47.45;2000;11370638795;B
20241101;100635;47.45;1200;11370638797;B
20241101;100635;47.45;2000;11370638798;B
20241101;100635;47.45;2000;11370638799;B
20241101;100635;47.45;2000;11370638800;B
20241101;100635;47.45;2000;11370638801;B
20241101;100636;47.45;2000;11370638879;B
20241101;100636;47.45;3500;11370638990;B
20241101;100636;47.47;210;11370638991;B
20241101;100636;47.48;100;11370638992;B
20241101;100636;47.48;30;11370638993;B
20241101;100636;47.48;110;11370638994;B
20241101;100636;47.49;10;11370638995;B
20241101;100636;47.49;10;11370638996;B
20241101;100636;47.49;100;11370638997;B
20241101;100636;47.49;3000;11370638998;B
20241101;100636;47.49;700;11370638999;B
20241101;100640;47.47;10;11370639534;B
20241101;100640;47.48;190;11370639591;B
20241101;100640;47.45;10;11370639648;S
20241101;100640;47.45;50;11370639649;S
20241101;100642;47.45;820;11370639828;S
20241101;100642;47.45;180;11370639829;S
20241101;100648;47.47;30;11370640780;B
20241101;100648;47.48;970;11370640781;B
20241101;100648;47.48;10;11370640813;B
20241101;100652;47.48;360;11370641389;B
20241101;100652;47.48;100;11370641404;B
20241101;100652;47.48;560;11370641452;B
20241101;100652;47.48;440;11370641453;B
20241101;100652;47.48;10;11370641498;B
20241101;100655;47.46;400;11370642025;S
20241101;100655;47.47;750;11370642127;B
20241101;100657;47.46;50;11370642401;S
20241101;100658;47.47;100;11370642445;B
20241101;100658;47.46;10;11370642487;S
20241101;100703;47.46;140;11370643188;S
20241101;100703;47.44;1500;11370643189;S
20241101;100703;47.44;100;11370643190;B
20241101;100703;47.44;200;11370643191;B
20241101;100706;47.42;4210;11370643624;B
20241101;100706;47.42;640;11370643625;B
20241101;100706;47.42;1590;11370643626;B
20241101;100706;47.42;100;11370643627;B
20241101;100706;47.43;640;11370643628;B
20241101;100706;47.43;260;11370643629;B
20241101;100706;47.43;880;11370643630;B
20241101;100706;47.45;860;11370643631;B
20241101;100706;47.46;570;11370643632;B
20241101;100706;47.46;60;11370643633;B
20241101;100706;47.46;3390;11370643634;B
20241101;100706;47.46;10;11370643635;B
20241101;100706;47.47;11790;11370643636;B
20241101;100709;47.41;40;11370644151;S
20241101;100709;47.4;440;11370644152;S
20241101;100710;47.45;500;11370644294;B
20241101;100713;47.41;40;11370644784;S
20241101;100713;47.4;440;11370644785;S
20241101;100713;47.4;10;11370644786;S
20241101;100713;47.39;20;11370644787;S
20241101;100713;47.39;490;11370644788;S
20241101;100716;47.45;10;11370645155;B
20241101;100717;47.44;20;11370645357;B
20241101;100717;47.45;500;11370645358;B
20241101;100717;47.46;480;11370645359;B
20241101;100721;47.47;10;11370646074;B
20241101;100721;47.47;30;11370646075;B
20241101;100721;47.47;90;11370646076;B
20241101;100721;47.47;270;11370646106;S
20241101;100723;47.41;30;11370646352;S
20241101;100723;47.4;500;11370646353;S
20241101;100723;47.39;4500;11370646354;S
20241101;100723;47.39;880;11370646355;S
20241101;100723;47.39;4090;11370646356;S
20241101;100730;47.45;880;11370647591;B
20241101;100730;47.45;30;11370647592;B
20241101;100730;47.45;980;11370647593;B
20241101;100732;47.46;200;11370648017;B
20241101;100732;47.45;40;11370648083;S
20241101;100734;47.45;200;11370648567;S
20241101;100736;47.45;100;11370648807;S
20241101;100736;47.46;530;11370648834;B
20241101;100736;47.47;2050;11370648835;B
20241101;100737;47.45;610;11370649003;S
20241101;100737;47.45;150;11370649191;S
20241101;100745;47.45;10;11370650644;S
20241101;100746;47.46;2760;11370650958;B
20241101;100746;47.45;1370;11370651075;S
20241101;100749;47.45;160;11370651610;S
20241101;100750;47.46;180;11370651849;B
20241101;100752;47.45;150;11370652224;S
20241101;100752;47.46;200;11370652285;B
20241101;100756;47.45;100;11370653181;S
20241101;100756;47.46;40;11370653185;B
20241101;100758;47.45;60;11370653407;S
20241101;100800;47.45;130;11370653844;S
20241101;100803;47.46;1820;11370654331;B
20241101;100803;47.47;1680;11370654332;B
20241101;100807;47.45;10;11370654899;S
20241101;100812;47.45;780;11370655806;S
20241101;100812;47.45;20;11370655912;S
20241101;100813;47.47;20;11370655970;B
20241101;100813;47.47;460;11370655971;B
20241101;100813;47.47;1000;11370655972;B
20241101;100813;47.48;550;11370655973;B
20241101;100813;47.48;50;11370655974;B
20241101;100813;47.48;330;11370655975;B
20241101;100813;47.49;1100;11370655976;B
20241101;100813;47.49;1000;11370655977;B
20241101;100813;47.49;210;11370655978;B
20241101;100813;47.49;1000;11370655979;B
20241101;100813;47.49;4000;11370655980;B
20241101;100813;47.49;1300;11370655981;B
20241101;100813;47.46;100;11370655994;S
20241101;100815;47.46;290;11370656306;S
20241101;100816;47.46;20;11370656686;S
20241101;100816;47.46;180;11370656687;S
20241101;100817;47.45;200;11370656808;S
20241101;100818;47.49;1000;11370656972;B
20241101;100818;47.49;2570;11370656973;B
20241101;100820;47.49;10;11370657344;B
20241101;100821;47.47;10;11370657531;S
20241101;100821;47.49;1630;11370657571;B
20241101;100821;47.5;10;11370657572;B
20241101;100821;47.5;10;11370657573;B
20241101;100821;47.5;300;11370657574;B
20241101;100821;47.5;150;11370657575;B
20241101;100821;47.5;20;11370657576;B
20241101;100821;47.5;80;11370657577;B
20241101;100821;47.5;350;11370657578;B
20241101;100821;47.5;5000;11370657579;B
20241101;100821;47.5;1500;11370657580;B
20241101;100821;47.5;2000;11370657581;B
20241101;100821;47.5;30;11370657582;B
20241101;100821;47.5;50;11370657583;B
20241101;100821;47.5;10;11370657584;B
20241101;100821;47.5;1170;11370657585;B
20241101;100821;47.5;3070;11370657586;B
20241101;100822;47.5;50;11370657699;S
20241101;100822;47.5;50;11370657731;S
20241101;100822;47.5;500;11370657766;S
20241101;100822;47.5;2000;11370657806;S
20241101;100822;47.5;1000;11370657817;S
20241101;100822;47.5;100;11370657821;S
20241101;100822;47.5;50;11370657827;S
20241101;100823;47.5;540;11370657998;S
20241101;100823;47.5;120;11370658105;S
20241101;100823;47.5;50;11370658184;S
20241101;100824;47.5;100;11370658249;S
20241101;100824;47.5;50;11370658272;S
20241101;100824;47.5;1600;11370658281;S
20241101;100824;47.51;10;11370658284;B
20241101;100824;47.5;10;11370658303;S
20241101;100825;47.51;10;11370658422;B
20241101;100826;47.5;50;11370658592;S
20241101;100826;47.5;560;11370658677;S
20241101;100826;47.5;210;11370658784;S
20241101;100827;47.5;50;11370658980;S
20241101;100828;47.5;550;11370659121;S
20241101;100831;47.5;60;11370659680;S
20241101;100831;47.5;710;11370659702;S
20241101;100831;47.5;50;11370659772;S
20241101;100835;47.51;3200;11370660619;B
20241101;100836;47.51;1010;11370660631;B
20241101;100836;47.51;1500;11370660632;B
20241101;100836;47.51;20;11370660633;B
20241101;100836;47.52;10;11370660634;B
20241101;100836;47.52;840;11370660635;B
20241101;100836;47.52;30;11370660636;B
20241101;100836;47.52;50;11370660637;B
20241101;100836;47.52;1000;11370660638;B
20241101;100836;47.52;1430;11370660639;B
20241101;100836;47.5;60;11370660720;S
20241101;100836;47.5;1500;11370660749;S
20241101;100836;47.5;100;11370660783;S
20241101;100836;47.52;600;11370660821;B
20241101;100836;47.51;10;11370660896;S
20241101;100836;47.5;130;11370660897;S
20241101;100836;47.5;10;11370660899;S
20241101;100837;47.5;1980;11370660982;S
20241101;100838;47.52;2000;11370661072;B
20241101;100838;47.5;100;11370661135;S
20241101;100838;47.5;50;11370661241;S
20241101;100839;47.5;150;11370661304;S
20241101;100841;47.51;10;11370661648;B
20241101;100846;47.51;50;11370662401;B
20241101;100846;47.51;1140;11370662445;B
20241101;100846;47.52;180;11370662446;B
20241101;100846;47.52;1180;11370662447;B
20241101;100850;47.5;50;11370663076;S
20241101;100856;47.5;360;11370664251;S
20241101;100856;47.5;410;11370664317;S
20241101;100856;47.5;590;11370664356;S
20241101;100856;47.5;350;11370664459;S
20241101;100856;47.5;60;11370664545;S
20241101;100856;47.5;710;11370664643;S
20241101;100857;47.5;70;11370664733;S
20241101;100857;47.5;50;11370664844;S
20241101;100858;47.5;50;11370665073;S
20241101;100859;47.5;3000;11370665212;S
20241101;100859;47.5;6520;11370665214;S
20241101;100859;47.5;10;11370665224;S
20241101;100900;47.51;3000;11370665343;B
20241101;100901;47.51;100;11370665510;B
20241101;100901;47.5;10;11370665515;S
20241101;100902;47.5;10;11370665732;S
20241101;100904;47.5;300;11370666036;S
20241101;100904;47.5;10;11370666114;S
20241101;100906;47.5;170;11370666352;S
20241101;100907;47.51;1000;11370666440;B
20241101;100907;47.5;50;11370666612;S
20241101;100908;47.5;720;11370666705;S
20241101;100909;47.5;90;11370666955;S
20241101;100911;47.5;8490;11370667325;S
20241101;100911;47.5;1000;11370667326;S
20241101;100911;47.5;500;11370667327;S
20241101;100915;47.47;10;11370667949;B
20241101;100915;47.47;10;11370667993;B
20241101;100916;47.45;500;11370668253;S
20241101;100916;47.46;10;11370668286;B
20241101;100916;47.48;40;11370668287;B
20241101;100918;47.45;160;11370668560;S
20241101;100918;47.45;180;11370668683;S
20241101;100918;47.45;10;11370668705;S
20241101;100919;47.45;50;11370668834;S
20241101;100922;47.45;90;11370669269;S
20241101;100922;47.46;10;11370669295;B
20241101;100922;47.46;2320;11370669296;B
20241101;100922;47.46;50;11370669297;B
20241101;100922;47.47;10;11370669298;B
20241101;100922;47.47;910;11370669299;B
20241101;100923;47.45;710;11370669597;S
20241101;100924;47.48;10;11370669650;B
20241101;100924;47.48;3000;11370669651;B
20241101;100924;47.49;4240;11370669652;B
20241101;100924;47.49;500;11370669653;B
20241101;100924;47.49;4210;11370669654;B
20241101;100924;47.49;40;11370669655;B
20241101;100928;47.46;40;11370670287;S
20241101;100928;47.46;10;11370670288;S
20241101;100928;47.47;10;11370670396;B
20241101;100928;47.47;10;11370670397;B
20241101;100928;47.48;1350;11370670398;B
20241101;100928;47.49;1000;11370670399;B
20241101;100928;47.49;4210;11370670400;B
20241101;100928;47.49;880;11370670401;B
20241101;100928;47.49;1350;11370670402;B
20241101;100928;47.51;50;11370670403;B
20241101;100928;47.51;1000;11370670404;B
20241101;100928;47.51;4090;11370670405;B
20241101;100928;47.52;400;11370670406;B
20241101;100928;47.52;500;11370670407;B
20241101;100928;47.52;4240;11370670408;B
20241101;100928;47.52;3000;11370670409;B
20241101;100928;47.52;500;11370670410;B
20241101;100928;47.52;100;11370670411;B
20241101;100928;47.53;10;11370670412;B
20241101;100928;47.53;10;11370670413;B
20241101;100928;47.53;1000;11370670414;B
20241101;100928;47.53;2800;11370670415;B
20241101;100928;47.53;10000;11370670416;B
20241101;100928;47.53;5000;11370670417;B
20241101;100928;47.54;30;11370670418;B
20241101;100928;47.54;50;11370670419;B
20241101;100928;47.54;10;11370670420;B
20241101;100928;47.54;1000;11370670421;B
20241101;100928;47.55;10;11370670422;B
20241101;100928;47.55;60;11370670423;B
20241101;100928;47.55;3000;11370670424;B
20241101;100928;47.55;20;11370670425;B
20241101;100928;47.55;7230;11370670426;B
20241101;100928;47.56;30;11370670427;B
20241101;100928;47.56;50;11370670428;B
20241101;100928;47.57;10;11370670429;B
20241101;100928;47.57;2440;11370670430;B
20241101;100928;47.57;10000;11370670431;B
20241101;100928;47.58;100;11370670432;B
20241101;100928;47.58;420;11370670433;B
20241101;100928;47.58;30;11370670434;B
20241101;100928;47.58;50;11370670435;B
20241101;100928;47.59;100;11370670436;B
20241101;100928;47.6;30;11370670437;B
20241101;100928;47.6;2500;11370670438;B
20241101;100928;47.6;7820;11370670439;B
20241101;100928;47.6;220;11370670440;B
20241101;100928;47.6;100;11370670441;B
20241101;100928;47.6;30;11370670442;B
20241101;100928;47.6;2500;11370670443;B
20241101;100928;47.6;50;11370670444;B
20241101;100928;47.6;10;11370670445;B
20241101;100928;47.61;7620;11370670446;B
20241101;100928;47.62;30;11370670447;B
20241101;100928;47.62;50;11370670448;B
20241101;100928;47.62;10;11370670449;B
20241101;100928;47.64;30;11370670450;B
20241101;100928;47.64;50;11370670451;B
20241101;100928;47.65;2500;11370670452;B
20241101;100928;47.65;3000;11370670453;B
20241101;100928;47.65;14800;11370670454;B
20241101;100928;47.59;2000;11370670456;B
20241101;100928;47.61;500;11370670457;B
20241101;100928;47.61;610;11370670458;B
20241101;100928;47.59;80;11370670464;S
20241101;100928;47.59;210;11370670465;S
20241101;100928;47.6;150;11370670475;B
20241101;100928;47.59;530;11370670476;S
20241101;100928;47.57;20;11370670477;S
20241101;100928;47.56;250;11370670478;S
20241101;100928;47.51;10;11370670498;S
20241101;100928;47.52;10;11370670500;B
20241101;100928;47.55;10;11370670501;B
20241101;100928;47.56;480;11370670502;B
20241101;100929;47.52;170;11370670512;S
20241101;100929;47.55;50;11370670524;B
20241101;100929;47.52;10;11370670549;S
20241101;100929;47.52;10;11370670604;S
20241101;100929;47.52;300;11370670623;S
20241101;100930;47.53;1000;11370670690;B
20241101;100930;47.54;480;11370670691;B
20241101;100930;47.54;100;11370670692;B
20241101;100930;47.55;320;11370670693;B
20241101;100931;47.51;10;11370670908;S
20241101;100933;47.51;10;11370671259;B
20241101;100933;47.52;10;11370671260;B
20241101;100933;47.52;10;11370671261;B
20241101;100933;47.53;10;11370671262;B
20241101;100933;47.53;880;11370671263;B
20241101;100933;47.54;4080;11370671264;B
20241101;100934;47.5;10;11370671326;S
20241101;100937;47.51;10;11370671885;S
20241101;100938;47.51;20;11370672113;S
20241101;100941;47.5;10;11370672500;B
20241101;100948;47.51;50;11370673569;B
20241101;100951;47.52;10;11370674290;B
20241101;100951;47.52;50;11370674291;B
20241101;100951;47.55;4240;11370674292;B
20241101;100951;47.55;700;11370674293;B
20241101;100951;47.51;900;11370674294;S
20241101;100951;47.51;840;11370674357;S
20241101;100955;47.51;30;11370674913;S
20241101;100955;47.51;600;11370674991;S
20241101;100957;47.52;10;11370675375;B
20241101;100957;47.52;150;11370675376;B
20241101;100958;47.53;10;11370675517;B
20241101;101001;47.54;10;11370675959;B
20241101;101003;47.51;1580;11370676230;S
20241101;101003;47.51;10;11370676231;S
20241101;101003;47.5;40;11370676232;S
20241101;101003;47.5;10;11370676233;S
20241101;101003;47.5;360;11370676234;S
20241101;101009;47.5;310;11370677027;S
20241101;101009;47.5;880;11370677028;S
20241101;101009;47.49;810;11370677029;S
20241101;101010;47.5;880;11370677106;S
20241101;101010;47.5;10;11370677107;S
20241101;101010;47.5;30;11370677108;S
20241101;101010;47.5;40;11370677109;S
20241101;101010;47.5;50;11370677110;S
20241101;101010;47.5;50;11370677111;S
20241101;101010;47.5;160;11370677112;S
20241101;101010;47.5;40;11370677113;S
20241101;101010;47.49;10;11370677114;S
20241101;101010;47.49;1880;11370677115;S
20241101;101013;47.49;10;11370677453;B
20241101;101013;47.5;70;11370677454;B
20241101;101015;47.45;500;11370677599;S
20241101;101015;47.45;100;11370677708;S
20241101;101017;47.45;110;11370677971;S
20241101;101020;47.45;50;11370678351;S
20241101;101021;47.46;10;11370678483;B
20241101;101023;47.47;770;11370678741;S
20241101;101023;47.47;1160;11370678893;S
20241101;101024;47.47;370;11370678967;S
20241101;101024;47.47;410;11370679029;S
20241101;101025;47.47;380;11370679215;S
20241101;101026;47.47;1110;11370679426;S
20241101;101026;47.47;10;11370679504;S
20241101;101034;47.47;110;11370680659;S
20241101;101035;47.47;50;11370680879;S
20241101;101036;47.47;10000;11370680911;S
20241101;101043;47.47;190;11370681711;S
20241101;101043;47.48;10;11370681712;B
20241101;101043;47.48;70;11370681713;B
20241101;101045;47.49;10;11370681870;B
20241101;101045;47.47;10;11370682010;S
20241101;101046;47.49;590;11370682140;B
20241101;101048;47.49;10;11370682433;B
20241101;101048;47.5;40;11370682434;B
20241101;101054;47.48;10;11370683146;B
20241101;101056;47.49;10;11370683359;B
20241101;101116;47.49;10;11370686139;B
20241101;101116;47.5;90;11370686140;B
20241101;101117;47.48;10;11370686180;B
20241101;101117;47.49;20;11370686181;B
20241101;101118;47.5;10;11370686323;B
20241101;101121;47.5;10;11370686822;B
20241101;101125;47.47;2400;11370687305;S
20241101;101126;47.49;10;11370687410;B
20241101;101131;47.48;10;11370687989;S
20241101;101131;47.47;8020;11370687990;S
20241101;101131;47.47;30;11370687991;S
20241101;101131;47.47;880;11370687992;S
20241101;101131;47.47;10;11370687993;S
20241101;101131;47.45;13560;11370687994;S
20241101;101131;47.45;10;11370687995;S
20241101;101131;47.45;10000;11370687996;S
20241101;101131;47.45;20;11370687997;S
20241101;101131;47.45;10;11370687998;S
20241101;101131;47.45;10;11370687999;S
20241101;101131;47.44;4200;11370688000;S
20241101;101131;47.44;10000;11370688001;S
20241101;101131;47.44;1000;11370688002;S
20241101;101131;47.43;1000;11370688003;S
20241101;101131;47.42;1240;11370688004;S
20241101;101134;47.45;10;11370688261;S
20241101;101135;47.43;10;11370688296;S
20241101;101135;47.43;10;11370688300;S
20241101;101136;47.43;20;11370688380;S
20241101;101140;47.43;100;11370688778;S
20241101;101141;47.43;10;11370688875;S
20241101;101141;47.43;10;11370688911;S
20241101;101141;47.44;10;11370688948;B
20241101;101144;47.42;270;11370689317;S
20241101;101144;47.42;510;11370689351;S
20241101;101144;47.42;250;11370689469;S
20241101;101144;47.44;10;11370689515;B
20241101;101144;47.44;50;11370689516;B
20241101;101153;47.43;10;11370690415;S
20241101;101200;47.43;990;11370691124;S
20241101;101203;47.42;2000;11370691545;S
20241101;101212;47.42;630;11370692547;S
20241101;101212;47.43;10;11370692576;B
20241101;101212;47.43;10;11370692577;B
20241101;101212;47.44;860;11370692578;B
20241101;101214;47.42;560;11370692907;S
20241101;101215;47.42;150;11370693025;S
20241101;101221;47.45;20;11370693675;B
20241101;101222;47.42;560;11370693820;S
20241101;101223;47.42;100;11370693947;S
20241101;101225;47.43;10;11370694230;B
20241101;101227;47.42;500;11370694504;S
20241101;101229;47.42;260;11370694874;S
20241101;101230;47.42;350;11370694978;S
20241101;101230;47.42;4710;11370695006;S
20241101;101231;47.41;460;11370695321;S
20241101;101231;47.41;10;11370695364;S
20241101;101231;47.41;200;11370695482;S
20241101;101232;47.4;500;11370695748;S
20241101;101232;47.4;10;11370695749;S
20241101;101232;47.4;200;11370695750;S
20241101;101232;47.4;2250;11370695757;S
20241101;101232;47.39;700;11370695794;S
20241101;101232;47.39;10;11370695795;S
20241101;101232;47.38;3290;11370695796;S
20241101;101232;47.38;920;11370695893;S
20241101;101232;47.37;30;11370695894;S
20241101;101232;47.37;10;11370695895;S
20241101;101232;47.37;240;11370695896;S
20241101;101232;47.37;10;11370695897;S
20241101;101232;47.36;3790;11370695898;S
20241101;101233;47.38;20;11370695972;B
20241101;101235;47.37;360;11370696379;S
20241101;101237;47.37;500;11370696752;S
20241101;101237;47.37;20;11370696792;S
20241101;101238;47.38;100;11370696928;S
20241101;101239;47.38;100;11370697075;S
20241101;101239;47.38;50;11370697166;S
20241101;101239;47.38;760;11370697307;S
20241101;101241;47.38;50;11370697588;S
20241101;101241;47.38;360;11370697788;S
20241101;101242;47.38;50;11370697860;S
20241101;101243;47.38;450;11370698136;S
20241101;101244;47.38;160;11370698271;S
20241101;101245;47.4;10;11370698575;B
20241101;101249;47.38;420;11370699286;S
20241101;101249;47.37;1580;11370699287;S
20241101;101249;47.37;920;11370699288;S
20241101;101249;47.37;1080;11370699289;S
20241101;101249;47.37;1420;11370699290;S
20241101;101249;47.36;200;11370699291;S
20241101;101249;47.36;500;11370699292;S
20241101;101249;47.36;800;11370699293;S
20241101;101253;47.36;800;11370699720;S
20241101;101253;47.36;1920;11370699817;S
20241101;101253;47.36;2500;11370699818;S
20241101;101253;47.35;780;11370699819;S
20241101;101253;47.34;780;11370699820;S
20241101;101253;47.33;2020;11370699821;S
20241101;101253;47.33;720;11370699822;S
20241101;101253;47.33;600;11370699823;S
20241101;101253;47.33;680;11370699824;S
20241101;101253;47.33;200;11370699825;S
20241101;101256;47.34;280;11370700189;B
20241101;101257;47.34;520;11370700305;B
20241101;101257;47.35;480;11370700306;B
20241101;101304;47.32;100;11370701418;S
20241101;101305;47.34;10;11370701478;B
20241101;101305;47.36;10;11370701555;B
20241101;101305;47.36;120;11370701593;B
20241101;101310;47.36;320;11370702145;B
20241101;101317;47.34;100;11370702974;S
20241101;101320;47.36;480;11370703289;B
20241101;101320;47.37;280;11370703290;B
20241101;101320;47.37;620;11370703291;B
20241101;101320;47.37;880;11370703292;B
20241101;101320;47.38;490;11370703293;B
20241101;101320;47.38;1520;11370703294;B
20241101;101320;47.39;6490;11370703295;B
20241101;101320;47.39;4240;11370703296;B
20241101;101320;47.39;500;11370703297;B
20241101;101320;47.4;2000;11370703298;B
20241101;101320;47.4;5000;11370703299;B
20241101;101320;47.42;4220;11370703300;B
20241101;101320;47.43;50;11370703301;B
20241101;101320;47.43;600;11370703302;B
20241101;101320;47.43;2800;11370703303;B
20241101;101320;47.44;10000;11370703304;B
20241101;101320;47.45;1000;11370703305;B
20241101;101320;47.45;160;11370703306;B
20241101;101320;47.45;3000;11370703307;B
20241101;101320;47.46;3510;11370703308;B
20241101;101320;47.46;320;11370703309;B
20241101;101320;47.46;1840;11370703310;B
20241101;101324;47.41;20;11370703901;S
20241101;101324;47.41;780;11370703902;S
20241101;101335;47.4;10;11370705478;S
20241101;101341;47.42;10;11370706223;B
20241101;101356;47.41;10;11370707905;S
20241101;101356;47.41;220;11370707906;S
20241101;101356;47.41;570;11370707907;S
20241101;101400;47.4;240;11370708362;S
20241101;101400;47.4;560;11370708363;S
20241101;101401;47.41;110;11370708386;B
20241101;101401;47.42;100;11370708387;B
20241101;101401;47.42;40;11370708388;B
20241101;101401;47.42;100;11370708389;B
20241101;101401;47.42;280;11370708390;B
20241101;101401;47.44;320;11370708391;B
20241101;101401;47.45;50;11370708392;B
20241101;101401;47.41;20;11370708394;S
20241101;101411;47.4;800;11370709369;S
20241101;101411;47.4;10;11370709551;S
20241101;101412;47.41;10;11370709602;B
20241101;101414;47.42;30;11370709769;S
20241101;101431;47.41;20;11370711391;B
20241101;101431;47.42;50;11370711494;B
20241101;101431;47.42;450;11370711495;B
20241101;101432;47.42;10;11370711568;B
20241101;101433;47.4;40;11370711780;S
20241101;101433;47.39;520;11370711781;S
20241101;101433;47.39;40;11370711798;S
20241101;101440;47.38;100;11370712620;B
20241101;101442;47.39;50;11370712833;B
20241101;101446;47.38;800;11370713223;B
20241101;101449;47.38;200;11370713501;S
20241101;101449;47.38;600;11370713502;S
20241101;101454;47.39;10;11370713945;B
20241101;101454;47.37;1000;11370713954;S
20241101;101455;47.37;70;11370714130;S
20241101;101456;47.39;20;11370714215;B
20241101;101501;47.38;20;11370714906;B
20241101;101503;47.36;30;11370715129;S
20241101;101503;47.35;20;11370715130;S
20241101;101503;47.38;40;11370715137;B
20241101;101504;47.35;180;11370715178;S
20241101;101504;47.35;90;11370715179;S
20241101;101504;47.34;60;11370715276;S
20241101;101504;47.35;20;11370715289;B
20241101;101505;47.35;10;11370715386;B
20241101;101505;47.34;4160;11370715405;S
20241101;101505;47.33;20;11370715406;S
20241101;101505;47.32;30;11370715407;S
20241101;101505;47.32;880;11370715408;S
20241101;101505;47.31;320;11370715409;S
20241101;101505;47.31;880;11370715410;S
20241101;101505;47.31;600;11370715411;S
20241101;101505;47.3;1680;11370715412;S
20241101;101505;47.3;10;11370715413;S
20241101;101505;47.3;1090;11370715414;S
20241101;101505;47.31;2020;11370715443;S
20241101;101505;47.31;290;11370715456;S
20241101;101510;47.34;20;11370716456;B
20241101;101511;47.31;1000;11370716722;S
20241101;101511;47.31;160;11370716962;S
20241101;101511;47.31;300;11370717072;S
20241101;101511;47.34;10;11370717144;B
20241101;101512;47.31;450;11370717193;S
20241101;101512;47.31;360;11370717194;S
20241101;101512;47.31;90;11370717195;S
20241101;101512;47.31;20;11370717196;S
20241101;101512;47.31;30;11370717197;S
20241101;101512;47.31;40;11370717347;S
20241101;101512;47.31;90;11370717348;S
20241101;101512;47.31;110;11370717349;S
20241101;101512;47.31;10;11370717350;S
20241101;101512;47.31;110;11370717351;S
20241101;101512;47.31;1060;11370717352;S
20241101;101512;47.31;3160;11370717463;S
20241101;101512;47.3;120;11370717464;S
20241101;101512;47.31;100;11370717512;S
20241101;101512;47.31;1760;11370717860;S
20241101;101512;47.3;100;11370717972;S
20241101;101512;47.3;1000;11370718138;S
20241101;101512;47.29;160;11370718334;B
20241101;101514;47.28;10;11370719020;S
20241101;101514;47.28;1110;11370719021;S
20241101;101514;47.3;120;11370719350;B
20241101;101516;47.29;100;11370719752;B
20241101;101519;47.28;10;11370720895;S
20241101;101520;47.29;1720;11370721230;B
20241101;101520;47.29;610;11370721231;B
20241101;101520;47.29;610;11370721232;B
20241101;101521;47.29;10;11370721652;S
20241101;101521;47.28;110;11370721653;S
20241101;101523;47.28;10;11370722210;S
20241101;101524;47.29;10;11370722542;B
20241101;101525;47.29;10;11370722960;B
20241101;101526;47.29;10;11370723159;B
20241101;101528;47.28;1000;11370723611;S
20241101;101528;47.28;20;11370723614;S
20241101;101528;47.31;10;11370723792;B
20241101;101532;47.31;10;11370724595;B
20241101;101533;47.29;10;11370724948;S
20241101;101535;47.31;10;11370725344;B
20241101;101537;47.31;10;11370725744;B
20241101;101538;47.28;1000;11370725967;S
20241101;101539;47.29;530;11370726173;S
20241101;101539;47.29;20;11370726224;S
20241101;101539;47.29;10;11370726332;S
20241101;101539;47.29;10;11370726362;S
20241101;101539;47.29;10;11370726454;S
20241101;101540;47.29;10;11370726522;S
20241101;101540;47.29;80;11370726630;S
20241101;101540;47.29;400;11370726681;S
20241101;101540;47.29;1000;11370726739;S
20241101;101540;47.29;10;11370726854;S
20241101;101541;47.29;950;11370727203;S
20241101;101541;47.28;2220;11370727294;S
20241101;101541;47.28;7780;11370727298;S
20241101;101541;47.28;500;11370727299;S
20241101;101541;47.27;10;11370727308;S
20241101;101541;47.27;10;11370727309;S
20241101;101541;47.27;500;11370727310;S
20241101;101541;47.26;1000;11370727316;S
20241101;101541;47.26;1040;11370727317;S
20241101;101541;47.25;220;11370727487;S
20241101;101541;47.25;780;11370727488;S
20241101;101541;47.25;660;11370727521;S
20241101;101542;47.25;1000;11370727676;S
20241101;101542;47.25;1900;11370727783;S
20241101;101543;47.25;2160;11370728051;S
20241101;101543;47.25;4500;11370728052;S
20241101;101543;47.24;20;11370728053;S
20241101;101543;47.24;100;11370728054;S
20241101;101543;47.24;520;11370728055;S
20241101;101544;47.24;790;11370728337;S
20241101;101544;47.23;10;11370728411;S
20241101;101544;47.24;10;11370728629;B
20241101;101546;47.24;10;11370728985;B
20241101;101547;47.23;10;11370729329;B
20241101;101547;47.23;10;11370729381;B
20241101;101547;47.22;10;11370729410;S
20241101;101548;47.23;20;11370729525;B
20241101;101549;47.23;30;11370729914;B
20241101;101552;47.23;10;11370730305;B
20241101;101554;47.23;20;11370730904;B
20241101;101554;47.23;260;11370730906;B
20241101;101554;47.23;190;11370730907;B
20241101;101555;47.25;600;11370731377;B
20241101;101555;47.25;150;11370731379;B
20241101;101555;47.28;500;11370731390;B
20241101;101555;47.28;1170;11370731391;B
20241101;101555;47.27;1700;11370731405;B
20241101;101555;47.27;2540;11370731407;B
20241101;101555;47.28;530;11370731420;B
20241101;101555;47.29;1000;11370731427;B
20241101;101555;47.29;1360;11370731428;B
20241101;101555;47.29;640;11370731437;B
20241101;101555;47.29;100;11370731438;B
20241101;101555;47.3;4000;11370731452;B
20241101;101555;47.28;3210;11370731461;B
20241101;101555;47.28;1030;11370731466;B
20241101;101555;47.28;400;11370731531;S
20241101;101555;47.31;10;11370731536;B
20241101;101556;47.31;100;11370731743;B
20241101;101559;47.28;50;11370732537;S
20241101;101604;47.31;10;11370733693;B
20241101;101604;47.31;30;11370733751;B
20241101;101611;47.25;100;11370735198;S
20241101;101613;47.25;10;11370735407;S
20241101;101615;47.28;60;11370735776;B
20241101;101618;47.25;260;11370736322;S
20241101;101619;47.25;20;11370736606;S
20241101;101621;47.25;110;11370736960;S
20241101;101621;47.25;20;11370736961;S
20241101;101621;47.25;590;11370736962;S
20241101;101621;47.24;1000;11370736963;S
20241101;101621;47.24;880;11370736964;S
20241101;101621;47.24;1560;11370736965;S
20241101;101623;47.25;350;11370737517;S
20241101;101627;47.25;240;11370738201;S
20241101;101627;47.26;10;11370738347;B
20241101;101627;47.27;120;11370738348;B
20241101;101627;47.27;1030;11370738349;B
20241101;101627;47.27;590;11370738350;B
20241101;101627;47.27;1610;11370738351;B
20241101;101627;47.28;30;11370738352;B
20241101;101627;47.28;240;11370738353;B
20241101;101627;47.28;560;11370738354;B
20241101;101627;47.28;610;11370738355;B
20241101;101629;47.26;210;11370738627;S
20241101;101629;47.26;100;11370738717;S
20241101;101631;47.25;260;11370739147;S
20241101;101631;47.25;140;11370739148;S
20241101;101631;47.29;10;11370739221;B
20241101;101632;47.25;160;11370739637;S
20241101;101633;47.27;10;11370739950;B
20241101;101633;47.24;20;11370739995;S
20241101;101633;47.24;600;11370740208;S
20241101;101633;47.24;910;11370740359;S
20241101;101636;47.24;2000;11370741040;S
20241101;101638;47.24;1000;11370741643;S
20241101;101640;47.24;120;11370742246;S
20241101;101641;47.24;650;11370742448;S
20241101;101641;47.26;30;11370742572;B
20241101;101645;47.24;200;11370743331;S
20241101;101645;47.24;130;11370743332;S
20241101;101645;47.24;500;11370743333;S
20241101;101645;47.24;350;11370743334;S
20241101;101645;47.23;3000;11370743335;S
20241101;101645;47.23;3000;11370743336;S
20241101;101645;47.23;500;11370743337;S
20241101;101645;47.23;350;11370743338;S
20241101;101645;47.22;10000;11370743339;S
20241101;101645;47.22;360;11370743340;S
20241101;101645;47.22;880;11370743341;S
20241101;101645;47.21;10;11370743342;S
20241101;101645;47.21;10;11370743343;S
20241101;101645;47.21;4230;11370743344;S
20241101;101645;47.2;20;11370743345;S
20241101;101645;47.2;100;11370743346;S
20241101;101645;47.2;30;11370743347;S
20241101;101645;47.2;220;11370743348;S
20241101;101645;47.2;10;11370743349;S
20241101;101645;47.2;700;11370743350;S
20241101;101645;47.19;3500;11370743351;S
20241101;101645;47.18;6550;11370743352;S
20241101;101645;47.18;10140;11370743353;S
20241101;101645;47.17;10;11370743354;S
20241101;101645;47.17;5200;11370743355;S
20241101;101645;47.17;2030;11370743394;S
20241101;101645;47.17;2750;11370743395;S
20241101;101645;47.16;10;11370743396;S
20241101;101645;47.16;10;11370743397;S
20241101;101645;47.16;1000;11370743398;S
20241101;101645;47.16;10;11370743399;S
20241101;101645;47.16;4230;11370743400;S
20241101;101645;47.15;50;11370743401;S
20241101;101645;47.15;11910;11370743402;S
20241101;101646;47.2;400;11370743616;B
20241101;101653;47.2;20;11370745191;B
20241101;101656;47.18;50;11370746516;B
20241101;101658;47.18;30;11370746943;B
20241101;101659;47.15;9440;11370747400;S
20241101;101659;47.15;560;11370747401;S
20241101;101708;47.18;90;11370749894;B
20241101;101708;47.19;70;11370749895;B
20241101;101708;47.15;330;11370749907;S
20241101;101715;47.16;200;11370751140;S
20241101;101715;47.19;50;11370751143;B
20241101;101716;47.19;880;11370751312;B
20241101;101716;47.2;70;11370751313;B
20241101;101716;47.2;240;11370751319;B
20241101;101718;47.23;50;11370751927;B
20241101;101718;47.24;80;11370751928;B
20241101;101727;47.26;10;11370753002;B
20241101;101732;47.26;40;11370753816;S
20241101;101739;47.26;100;11370754514;S
20241101;101740;47.26;270;11370754567;S
20241101;101740;47.26;160;11370754568;S
20241101;101740;47.26;90;11370754569;S
20241101;101745;47.24;130;11370755307;S
20241101;101745;47.23;490;11370755308;S
20241101;101745;47.23;130;11370755310;S
20241101;101745;47.24;10;11370755407;B
20241101;101746;47.21;1040;11370755584;S
20241101;101749;47.24;20;11370755930;B
20241101;101752;47.24;10;11370756300;B
20241101;101755;47.25;20;11370756532;B
20241101;101801;47.24;10;11370757285;B
20241101;101802;47.22;10;11370757455;B
20241101;101804;47.2;60;11370757825;S
20241101;101804;47.19;10;11370758000;S
20241101;101804;47.19;40;11370758001;S
20241101;101805;47.19;90;11370758063;S
20241101;101805;47.19;110;11370758064;S
20241101;101806;47.22;920;11370758299;B
20241101;101806;47.22;260;11370758300;B
20241101;101806;47.22;670;11370758301;B
20241101;101806;47.23;260;11370758302;B
20241101;101806;47.23;630;11370758303;B
20241101;101812;47.22;10;11370759318;B
20241101;101812;47.23;10;11370759319;B
20241101;101821;47.19;70;11370760404;S
20241101;101821;47.19;3000;11370760405;S
20241101;101821;47.19;880;11370760406;S
20241101;101821;47.18;50;11370760407;S
20241101;101821;47.18;1500;11370760408;S
20241101;101821;47.18;4240;11370760409;S
20241101;101821;47.18;180;11370760410;S
20241101;101821;47.17;40;11370760411;S
20241101;101821;47.17;60;11370760412;S
20241101;101821;47.17;4230;11370760413;S
20241101;101821;47.17;1270;11370760414;S
20241101;101821;47.16;10000;11370760415;S
20241101;101821;47.15;1110;11370760416;S
20241101;101821;47.15;7110;11370760417;S
20241101;101821;47.15;30;11370760418;S
20241101;101821;47.15;500;11370760419;S
20241101;101821;47.15;1000;11370760420;S
20241101;101821;47.14;5000;11370760421;S
20241101;101821;47.13;50;11370760422;S
20241101;101821;47.13;20;11370760423;S
20241101;101821;47.11;2800;11370760424;S
20241101;101821;47.11;6860;11370760425;S
20241101;101821;47.14;3000;11370760426;S
20241101;101821;47.13;2000;11370760427;S
20241101;101824;47.16;60;11370760825;S
20241101;101824;47.14;130;11370760826;S
20241101;101830;47.18;20;11370761642;B
20241101;101830;47.19;80;11370761643;B
20241101;101839;47.15;10;11370763083;S
20241101;101852;47.2;10;11370764981;B
20241101;101853;47.2;870;11370765022;B
20241101;101853;47.2;110;11370765023;B
20241101;101853;47.21;130;11370765024;B
20241101;101859;47.19;40;11370765793;B
20241101;101859;47.2;880;11370765794;B
20241101;101859;47.21;190;11370765795;B
20241101;101906;47.2;880;11370766696;B
20241101;101906;47.21;1120;11370766697;B
20241101;101907;47.21;10;11370766767;B
20241101;101919;47.19;10;11370768453;S
20241101;101920;47.21;5000;11370768633;B
20241101;101920;47.21;1480;11370768662;B
20241101;101920;47.21;10;11370768663;B
20241101;101920;47.21;110;11370768664;B
20241101;101922;47.2;100;11370769124;B
20241101;101922;47.21;900;11370769125;B
20241101;101924;47.21;30;11370769532;B
20241101;101924;47.19;90;11370769560;S
20241101;101924;47.18;410;11370769561;S
20241101;101929;47.21;40;11370770209;B
20241101;101930;47.21;20;11370770222;B
20241101;101935;47.21;2080;11370770947;B
20241101;101942;47.23;50;11370771804;B
20241101;101942;47.23;50;11370771850;B
20241101;101942;47.23;7800;11370771851;B
20241101;101956;47.21;10;11370773506;S
20241101;101956;47.2;190;11370773507;S
20241101;102000;47.21;100;11370774223;S
20241101;102000;47.21;310;11370774224;S
20241101;102004;47.23;50;11370774733;B
20241101;102004;47.23;50;11370774762;B
20241101;102008;47.21;690;11370775166;S
20241101;102008;47.2;2750;11370775167;S
20241101;102008;47.2;850;11370775168;S
20241101;102008;47.2;2500;11370775169;S
20241101;102008;47.19;40;11370775170;S
20241101;102008;47.19;870;11370775171;S
20241101;102008;47.18;10;11370775172;S
20241101;102008;47.18;880;11370775173;S
20241101;102008;47.18;2790;11370775174;S
20241101;102012;47.21;10;11370775743;B
20241101;102012;47.21;10;11370775767;B
20241101;102012;47.21;10;11370775768;B
20241101;102012;47.21;10;11370775773;B
20241101;102012;47.21;10;11370775784;B
20241101;102013;47.21;10;11370775826;B
20241101;102013;47.21;10;11370775831;B
20241101;102013;47.21;10;11370775851;B
20241101;102016;47.21;10;11370776272;B
20241101;102016;47.21;10;11370776290;B
20241101;102016;47.21;10;11370776353;B
20241101;102016;47.21;10;11370776357;B
20241101;102016;47.21;10;11370776364;B
20241101;102017;47.21;10;11370776446;B
20241101;102017;47.21;10;11370776457;B
20241101;102019;47.21;10;11370776797;B
20241101;102019;47.21;10;11370776813;B
20241101;102019;47.21;10;11370776817;B
20241101;102019;47.21;10;11370776822;B
20241101;102020;47.21;250;11370776968;B
20241101;102022;47.21;10;11370777634;B
20241101;102022;47.21;10;11370777658;B
20241101;102024;47.17;50;11370778760;S
20241101;102027;47.21;420;11370780574;B
20241101;102027;47.21;80;11370780575;B
20241101;102028;47.21;20;11370781003;B
20241101;102029;47.21;10;11370781798;B
20241101;102032;47.21;10;11370783138;B
20241101;102032;47.21;10;11370783155;B
20241101;102032;47.21;10;11370783191;B
20241101;102032;47.21;10;11370783223;B
20241101;102032;47.21;10;11370783262;B
20241101;102032;47.21;10;11370783303;B
20241101;102032;47.21;10;11370783348;B
20241101;102032;47.21;10;11370783373;B
20241101;102032;47.21;10;11370783392;B
20241101;102032;47.21;10;11370783412;B
20241101;102032;47.21;10;11370783442;B
20241101;102033;47.21;10;11370783485;B
20241101;102034;47.17;30;11370784239;S
20241101;102034;47.21;10;11370784272;B
20241101;102034;47.21;10;11370784302;B
20241101;102036;47.21;10;11370785369;B
20241101;102036;47.21;10;11370785494;B
20241101;102038;47.21;10;11370786438;B
20241101;102038;47.21;10;11370786451;B
20241101;102038;47.21;10;11370786508;B
20241101;102040;47.17;50;11370787749;S
20241101;102040;47.17;710;11370788155;S
20241101;102041;47.17;50;11370788528;S
20241101;102042;47.17;50;11370789115;S
20241101;102042;47.2;10;11370789493;B
20241101;102042;47.2;10;11370789527;B
20241101;102042;47.2;10;11370789546;B
20241101;102044;47.2;10;11370790509;B
20241101;102044;47.2;10;11370790540;B
20241101;102046;47.2;10;11370791691;B
20241101;102047;47.2;10;11370791716;B
20241101;102047;47.2;10;11370791754;B
20241101;102047;47.2;10;11370791782;B
20241101;102047;47.2;10;11370791788;B
20241101;102047;47.2;10;11370791802;B
20241101;102047;47.2;10;11370791825;B
20241101;102048;47.17;60;11370792240;S
20241101;102048;47.17;240;11370792241;S
20241101;102048;47.17;150;11370792444;S
20241101;102048;47.17;90;11370792445;S
20241101;102048;47.17;30;11370792446;S
20241101;102048;47.17;80;11370792447;S
20241101;102048;47.17;100;11370792448;S
20241101;102048;47.17;60;11370792449;S
20241101;102048;47.17;60;11370792671;S
20241101;102048;47.17;10;11370792672;S
20241101;102048;47.17;120;11370792673;S
20241101;102048;47.17;10;11370792674;S
20241101;102048;47.17;60;11370792879;S
20241101;102048;47.19;10;11370793040;B
20241101;102049;47.19;10;11370793093;B
20241101;102049;47.19;10;11370793136;B
20241101;102049;47.19;10;11370793148;B
20241101;102049;47.17;930;11370793206;S
20241101;102049;47.16;50;11370793207;S
20241101;102049;47.16;20;11370793208;S
20241101;102049;47.16;50;11370793612;S
20241101;102049;47.16;930;11370793617;S
20241101;102049;47.16;1000;11370793618;S
20241101;102049;47.15;990;11370793626;S
20241101;102049;47.15;40;11370793627;S
20241101;102050;47.13;250;11370793919;S
20241101;102052;47.13;300;11370795174;S
20241101;102052;47.13;460;11370795448;S
20241101;102054;47.13;10;11370796181;S
20241101;102054;47.12;140;11370796183;S
20241101;102054;47.12;50;11370796489;S
20241101;102054;47.12;50;11370796800;S
20241101;102055;47.12;210;11370797249;S
20241101;102056;47.12;610;11370797669;S
20241101;102056;47.15;10;11370797853;B
20241101;102056;47.14;10;11370797878;B
20241101;102056;47.14;10;11370797910;B
20241101;102056;47.12;50;11370797953;S
20241101;102056;47.14;10;11370798047;B
20241101;102056;47.14;10;11370798058;B
20241101;102057;47.12;50;11370798558;S
20241101;102100;47.12;50;11370799712;S
20241101;102101;47.13;50;11370799918;S
20241101;102101;47.14;10;11370800136;B
20241101;102101;47.14;10;11370800169;B
20241101;102102;47.12;150;11370800715;S
20241101;102102;47.12;410;11370800717;S
20241101;102102;47.11;150;11370800718;S
20241101;102102;47.13;570;11370800889;B
20241101;102102;47.13;880;11370800890;B
20241101;102102;47.13;4640;11370800891;B
20241101;102102;47.13;800;11370800892;B
20241101;102102;47.14;570;11370800893;B
20241101;102102;47.14;40;11370800894;B
20241101;102102;47.12;520;11370801107;S
20241101;102102;47.12;240;11370801170;S
20241101;102102;47.12;190;11370801313;S
20241101;102117;47.13;1000;11370809500;S
20241101;102117;47.13;40;11370809501;S
20241101;102117;47.12;1000;11370809502;S
20241101;102117;47.12;40;11370809503;S
20241101;102117;47.12;500;11370809504;S
20241101;102117;47.12;380;11370809505;S
20241101;102117;47.12;40;11370809506;S
20241101;102117;47.12;40;11370809507;B
20241101;102120;47.11;100;11370810671;S
20241101;102123;47.12;20;11370812129;B
20241101;102123;47.11;100;11370812415;S
20241101;102126;47.11;2940;11370813555;S
20241101;102128;47.12;100;11370814299;B
20241101;102128;47.12;460;11370814303;B
20241101;102132;47.11;940;11370816532;S
20241101;102137;47.12;1280;11370818839;B
20241101;102137;47.12;1100;11370818840;B
20241101;102137;47.12;1110;11370818841;B
20241101;102137;47.12;2490;11370818842;B
20241101;102142;47.16;50;11370820807;B
20241101;102157;47.15;10;11370825758;B
20241101;102158;47.15;10;11370825887;B
20241101;102200;47.14;30;11370826533;S
20241101;102209;47.14;970;11370829308;S
20241101;102209;47.13;30;11370829309;S
20241101;102209;47.13;430;11370829310;S
20241101;102209;47.13;740;11370829311;S
20241101;102221;47.14;10;11370831881;S
20241101;102221;47.13;650;11370831882;S
20241101;102221;47.13;1000;11370831883;S
20241101;102221;47.12;100;11370831884;S
20241101;102221;47.12;360;11370831885;S
20241101;102222;47.15;30;11370832103;B
20241101;102223;47.13;10;11370832270;B
20241101;102224;47.13;10;11370832343;B
20241101;102233;47.13;10;11370833701;B
20241101;102244;47.11;1000;11370835083;S
20241101;102244;47.11;30;11370835084;S
20241101;102244;47.11;80;11370835085;S
20241101;102246;47.13;10;11370835439;B
20241101;102250;47.13;1000;11370835849;B
20241101;102251;47.13;220;11370835997;B
20241101;102300;47.13;50;11370836898;B
20241101;102301;47.13;1000;11370836958;B
20241101;102311;47.13;190;11370838300;B
20241101;102311;47.13;60;11370838301;B
20241101;102311;47.13;50;11370838302;B
20241101;102315;47.12;10;11370838935;S
20241101;102316;47.13;20;11370839111;B
20241101;102328;47.13;10;11370840945;B
20241101;102329;47.13;100;11370841104;B
20241101;102332;47.12;10;11370841491;S
20241101;102333;47.12;30;11370841674;S
20241101;102333;47.12;50;11370841675;S
20241101;102333;47.12;80;11370841679;S
20241101;102333;47.12;80;11370841684;S
20241101;102333;47.12;80;11370841687;S
20241101;102333;47.12;80;11370841697;S
20241101;102333;47.12;80;11370841699;S
20241101;102333;47.12;80;11370841706;S
20241101;102333;47.12;80;11370841713;S
20241101;102333;47.12;80;11370841716;S
20241101;102333;47.12;80;11370841719;S
20241101;102333;47.12;10;11370841722;S
20241101;102340;47.13;10;11370842872;B
20241101;102344;47.13;60;11370843338;B
20241101;102344;47.13;20;11370843341;B
20241101;102353;47.12;880;11370844850;S
20241101;102353;47.12;600;11370844851;S
20241101;102353;47.12;50;11370844852;S
20241101;102353;47.11;3490;11370844853;S
20241101;102353;47.11;110;11370844854;S
20241101;102353;47.11;4240;11370844855;S
20241101;102353;47.11;600;11370844856;S
20241101;102353;47.11;2000;11370844857;S
20241101;102353;47.1;200;11370844858;S
20241101;102353;47.1;10;11370844859;S
20241101;102353;47.1;2660;11370844860;S
20241101;102353;47.09;100;11370844861;S
20241101;102353;47.09;1600;11370844862;S
20241101;102353;47.09;640;11370844863;S
20241101;102353;47.08;50;11370844864;S
20241101;102353;47.08;10;11370844865;S
20241101;102353;47.08;100;11370844866;S
20241101;102353;47.08;200;11370844867;S
20241101;102353;47.08;4240;11370844868;S
20241101;102353;47.08;1000;11370844869;S
20241101;102353;47.07;10;11370844870;S
20241101;102353;47.07;9100;11370844871;S
20241101;102353;47.09;90;11370844937;S
20241101;102353;47.09;610;11370844938;S
20241101;102353;47.09;3630;11370844946;S
20241101;102353;47.08;4240;11370844947;S
20241101;102353;47.08;880;11370844948;S
20241101;102353;47.08;850;11370844949;S
20241101;102353;47.07;40400;11370844950;S
20241101;102404;47.13;10;11370846236;B
20241101;102404;47.11;30;11370846245;S
20241101;102414;47.13;100;11370847517;S
20241101;102414;47.13;530;11370847518;S
20241101;102414;47.12;70;11370847519;S
20241101;102414;47.12;530;11370847520;S
20241101;102414;47.12;500;11370847521;S
20241101;102414;47.11;880;11370847522;S
20241101;102414;47.11;320;11370847523;S
20241101;102419;47.11;20;11370848107;B
20241101;102431;47.11;10;11370849370;B
20241101;102434;47.11;40;11370849825;B
20241101;102446;47.15;770;11370851114;S
20241101;102446;47.14;580;11370851115;S
20241101;102446;47.14;1000;11370851116;S
20241101;102446;47.13;580;11370851117;S
20241101;102446;47.12;1320;11370851118;S
20241101;102449;47.16;150;11370851472;B
20241101;102449;47.16;100;11370851473;B
20241101;102458;47.13;240;11370852947;S
20241101;102459;47.16;10;11370852997;B
20241101;102459;47.16;10;11370852998;B
20241101;102459;47.17;500;11370852999;B
20241101;102459;47.17;880;11370853000;B
20241101;102459;47.18;1300;11370853001;B
20241101;102459;47.18;4500;11370853002;B
20241101;102459;47.18;500;11370853003;B
20241101;102459;47.18;490;11370853004;B
20241101;102459;47.19;390;11370853005;B
20241101;102507;47.19;40;11370854282;B
20241101;102513;47.18;10;11370855181;B
20241101;102518;47.18;190;11370856204;B
20241101;102542;47.18;10;11370859456;B
20241101;102552;47.18;60;11370861027;B
20241101;102555;47.18;10;11370861411;B
20241101;102604;47.18;10000;11370862828;B
20241101;102609;47.18;40;11370864040;B
20241101;102611;47.18;4880;11370864275;B
20241101;102611;47.18;50;11370864276;B
20241101;102611;47.18;290;11370864277;B
20241101;102611;47.18;10;11370864278;B
20241101;102611;47.19;70;11370864279;B
20241101;102611;47.19;500;11370864280;B
20241101;102616;47.22;30;11370865189;B
20241101;102616;47.22;10;11370865272;B
20241101;102623;47.22;60;11370866537;B
20241101;102623;47.22;1500;11370866538;B
20241101;102623;47.22;20;11370866539;B
20241101;102623;47.22;1130;11370866540;B
20241101;102623;47.22;1900;11370866541;B
20241101;102623;47.22;4230;11370866542;B
20241101;102624;47.22;1000;11370866623;S
20241101;102628;47.23;10;11370867313;B
20241101;102634;47.24;200;11370868034;B
20241101;102634;47.24;160;11370868035;B
20241101;102634;47.24;380;11370868036;B
20241101;102639;47.24;10;11370868676;B
20241101;102640;47.24;20;11370868849;B
20241101;102640;47.24;210;11370868984;B
20241101;102640;47.24;10;11370868985;B
20241101;102643;47.26;3000;11370869647;B
20241101;102644;47.26;10;11370869923;B
20241101;102644;47.26;870;11370869951;B
20241101;102644;47.26;100;11370869952;B
20241101;102644;47.26;10;11370869953;B
20241101;102644;47.26;10;11370869954;B
20241101;102644;47.26;10;11370869955;B
20241101;102644;47.26;10;11370870054;B
20241101;102644;47.26;10;11370870055;B
20241101;102645;47.25;140;11370870223;S
20241101;102645;47.25;860;11370870224;S
20241101;102709;47.26;10;11370873491;B
20241101;102709;47.26;10;11370873492;B
20241101;102709;47.26;10;11370873493;B
20241101;102709;47.26;10;11370873494;B
20241101;102709;47.26;10;11370873495;B
20241101;102709;47.26;10;11370873496;B
20241101;102709;47.26;10;11370873497;B
20241101;102709;47.26;10;11370873498;B
20241101;102709;47.26;10;11370873499;B
20241101;102709;47.26;10;11370873500;B
20241101;102709;47.26;120;11370873501;B
20241101;102710;47.25;110;11370873704;S
20241101;102710;47.25;10;11370873705;S
20241101;102710;47.25;60;11370873706;S
20241101;102710;47.25;10;11370873707;S
20241101;102710;47.25;10;11370873708;S
20241101;102710;47.25;70;11370873709;S
20241101;102710;47.25;10;11370873710;S
20241101;102746;47.25;2000;11370877252;S
20241101;102753;47.26;30;11370878111;B
20241101;102759;47.25;40;11370878757;S
20241101;102807;47.26;4080;11370879644;B
20241101;102807;47.26;10;11370879645;B
20241101;102807;47.26;10;11370879646;B
20241101;102807;47.26;230;11370879647;B
20241101;102807;47.26;10;11370879648;B
20241101;102807;47.26;10;11370879649;B
20241101;102807;47.26;10;11370879650;B
20241101;102807;47.26;10;11370879651;B
20241101;102807;47.26;10;11370879652;B
20241101;102807;47.26;10;11370879653;B
20241101;102807;47.26;10;11370879655;S
20241101;102807;47.26;10;11370879657;S
20241101;102807;47.26;10;11370879659;S
20241101;102807;47.26;10;11370879660;S
20241101;102807;47.26;10;11370879661;S
20241101;102807;47.26;10;11370879669;S
20241101;102807;47.26;10;11370879670;S
20241101;102807;47.26;10;11370879672;S
20241101;102807;47.26;2270;11370879673;S
20241101;102807;47.26;10;11370879674;S
20241101;102807;47.26;10;11370879679;S
20241101;102817;47.26;10;11370880939;B
20241101;102817;47.26;10;11370880940;B
20241101;102819;47.25;570;11370881356;S
20241101;102819;47.25;7390;11370881360;S
20241101;102819;47.25;250;11370881361;S
20241101;102819;47.25;60;11370881362;S
20241101;102819;47.25;70;11370881363;S
20241101;102819;47.24;50;11370881369;S
20241101;102819;47.24;90;11370881370;S
20241101;102819;47.24;5000;11370881371;S
20241101;102819;47.23;20;11370881379;S
20241101;102820;47.2;190;11370881574;S
20241101;102820;47.19;270;11370881676;S
20241101;102820;47.19;50;11370881829;S
20241101;102821;47.19;400;11370881980;S
20241101;102825;47.2;390;11370882460;B
20241101;102825;47.2;210;11370882461;B
20241101;102827;47.21;260;11370882745;B
20241101;102827;47.19;50;11370882858;S
20241101;102829;47.2;10;11370883092;B
20241101;102834;47.2;10;11370883756;B
20241101;102836;47.2;100;11370883949;B
20241101;102842;47.2;10;11370884575;B
20241101;102854;47.2;520;11370885818;B
20241101;102903;47.22;10;11370886726;B
20241101;102903;47.21;10;11370886730;S
20241101;102903;47.21;10;11370886731;S
20241101;102903;47.21;10;11370886734;S
20241101;102903;47.21;10;11370886742;S
20241101;102903;47.21;10;11370886743;S
20241101;102903;47.21;10;11370886753;S
20241101;102903;47.21;10;11370886761;S
20241101;102903;47.21;10;11370886777;S
20241101;102903;47.21;10;11370886780;S
20241101;102928;47.24;10;11370889474;B
20241101;102939;47.26;3000;11370890989;B
20241101;102939;47.26;10;11370891025;B
20241101;102939;47.26;590;11370891026;B
20241101;102939;47.26;630;11370891027;B
20241101;102939;47.27;10;11370891028;B
20241101;102939;47.27;1000;11370891029;B
20241101;102939;47.26;2100;11370891030;B
20241101;102939;47.28;10;11370891031;B
20241101;102939;47.28;4000;11370891032;B
20241101;102939;47.28;470;11370891033;B
20241101;102939;47.29;1000;11370891034;B
20241101;102939;47.29;1600;11370891035;B
20241101;102939;47.29;900;11370891036;B
20241101;103000;47.29;10;11370893641;B
20241101;103013;47.29;400;11370895806;B
20241101;103023;47.29;20;11370897420;B
20241101;103025;47.29;20;11370897713;B
20241101;103027;47.27;20;11370898042;S
20241101;103027;47.27;50;11370898043;S
20241101;103027;47.27;70;11370898044;S
20241101;103027;47.27;90;11370898045;S
20241101;103027;47.27;90;11370898046;S
20241101;103027;47.27;290;11370898047;S
20241101;103027;47.27;70;11370898048;S
20241101;103027;47.27;280;11370898049;S
20241101;103027;47.27;880;11370898050;S
20241101;103027;47.26;70;11370898051;S
20241101;103027;47.26;2340;11370898052;S
20241101;103028;47.27;10;11370898215;B
20241101;103033;47.29;180;11370899310;B
20241101;103034;47.29;210;11370899458;B
20241101;103034;47.29;120;11370899459;B
20241101;103039;47.27;10;11370900648;S
20241101;103042;47.29;40;11370901147;B
20241101;103042;47.3;170;11370901148;B
20241101;103043;47.3;100;11370901305;B
20241101;103043;47.3;730;11370901362;B
20241101;103043;47.3;1770;11370901363;B
20241101;103047;47.3;150;11370902117;B
20241101;103054;47.31;30;11370903553;B
20241101;103059;47.3;20;11370904292;S
20241101;103100;47.31;540;11370904496;B
20241101;103100;47.31;1000;11370904497;B
20241101;103101;47.32;100;11370904588;B
20241101;103110;47.31;260;11370906239;S
20241101;103114;47.32;10;11370906841;B
20241101;103114;47.32;10;11370906881;B
20241101;103116;47.32;10;11370907069;B
20241101;103121;47.31;20;11370908112;S
20241101;103121;47.31;480;11370908113;S
20241101;103130;47.32;10;11370909288;B
20241101;103130;47.31;70;11370909353;S
20241101;103137;47.32;10;11370910904;B
20241101;103137;47.32;10;11370910935;B
20241101;103149;47.31;100;11370912898;S
20241101;103155;47.32;40;11370913641;B
20241101;103155;47.32;30;11370913643;B
20241101;103155;47.32;40;11370913644;B
20241101;103155;47.32;40;11370913645;B
20241101;103155;47.32;140;11370913646;B
20241101;103155;47.32;50;11370913647;B
20241101;103155;47.32;60;11370913648;B
20241101;103155;47.32;40;11370913649;B
20241101;103155;47.32;40;11370913650;B
20241101;103155;47.32;120;11370913652;B
20241101;103155;47.32;110;11370913694;B
20241101;103155;47.32;100;11370913695;B
20241101;103155;47.32;80;11370913696;B
20241101;103155;47.32;60;11370913697;B
20241101;103155;47.32;70;11370913698;B
20241101;103155;47.32;50;11370913699;B
20241101;103155;47.32;30;11370913700;B
20241101;103155;47.32;80;11370913701;B
20241101;103155;47.32;40;11370913702;B
20241101;103155;47.32;160;11370913705;B
20241101;103155;47.32;40;11370913706;B
20241101;103155;47.32;310;11370913707;B
20241101;103155;47.32;60;11370913708;B
20241101;103155;47.32;30;11370913709;B
20241101;103155;47.32;40;11370913710;B
20241101;103155;47.32;40;11370913711;B
20241101;103155;47.32;60;11370913712;B
20241101;103155;47.32;10;11370913713;B
20241101;103155;47.34;120;11370913714;B
20241101;103155;47.34;40;11370913715;B
20241101;103155;47.34;70;11370913716;B
20241101;103155;47.35;40;11370913718;B
20241101;103155;47.35;30;11370913719;B
20241101;103155;47.35;120;11370913720;B
20241101;103155;47.35;140;11370913721;B
20241101;103155;47.35;50;11370913722;B
20241101;103155;47.35;30;11370913723;B
20241101;103155;47.35;130;11370913724;B
20241101;103155;47.35;30;11370913725;B
20241101;103155;47.35;40;11370913726;B
20241101;103155;47.35;40;11370913727;B
20241101;103155;47.35;40;11370913728;B
20241101;103155;47.35;140;11370913729;B
20241101;103155;47.35;30;11370913730;B
20241101;103155;47.35;40;11370913733;B
20241101;103155;47.35;110;11370913735;B
20241101;103155;47.35;30;11370913736;B
20241101;103155;47.35;80;11370913739;B
20241101;103155;47.35;60;11370913743;B
20241101;103155;47.35;50;11370913745;B
20241101;103155;47.35;30;11370913746;B
20241101;103155;47.35;40;11370913751;B
20241101;103155;47.35;40;11370913760;B
20241101;103155;47.35;50;11370913764;B
20241101;103155;47.35;30;11370913770;B
20241101;103155;47.35;30;11370913780;B
20241101;103155;47.35;50;11370913781;B
20241101;103155;47.35;50;11370913796;B
20241101;103155;47.35;40;11370913798;B
20241101;103155;47.35;30;11370913799;B
20241101;103155;47.35;60;11370913808;B
20241101;103155;47.35;30;11370913811;B
20241101;103155;47.35;110;11370913813;B
20241101;103155;47.35;140;11370913814;B
20241101;103155;47.35;30;11370913817;B
20241101;103155;47.35;30;11370913823;B
20241101;103155;47.35;160;11370913825;B
20241101;103155;47.35;100;11370913827;B
20241101;103155;47.35;210;11370913828;B
20241101;103155;47.35;30;11370913833;B
20241101;103155;47.35;40;11370913847;B
20241101;103155;47.35;70;11370913855;B
20241101;103155;47.35;30;11370913862;B
20241101;103155;47.35;40;11370913863;B
20241101;103155;47.35;30;11370913877;B
20241101;103156;47.32;60;11370913886;S
20241101;103156;47.35;130;11370913890;B
20241101;103156;47.35;30;11370913894;B
20241101;103156;47.35;80;11370913901;B
20241101;103156;47.35;40;11370913902;B
20241101;103156;47.35;40;11370913904;B
20241101;103156;47.35;120;11370913917;B
20241101;103156;47.35;40;11370913922;B
20241101;103156;47.35;170;11370913923;B
20241101;103156;47.32;10;11370913938;S
20241101;103156;47.35;840;11370913947;B
20241101;103156;47.36;160;11370913948;B
20241101;103156;47.36;1000;11370913949;S
20241101;103156;47.36;10;11370913981;S
20241101;103156;47.37;10;11370913988;B
20241101;103157;47.36;160;11370914153;S
20241101;103159;47.36;30;11370914326;S
20241101;103201;47.37;30;11370914831;B
20241101;103201;47.37;1000;11370914832;B
20241101;103201;47.37;2800;11370914833;B
20241101;103201;47.37;880;11370914834;B
20241101;103201;47.37;4220;11370914835;B
20241101;103201;47.37;1500;11370914836;B
20241101;103201;47.38;10;11370914837;B
20241101;103201;47.38;750;11370914838;B
20241101;103201;47.39;30;11370914839;B
20241101;103201;47.39;1000;11370914840;B
20241101;103201;47.39;750;11370914841;B
20241101;103201;47.39;6350;11370914842;B
20241101;103201;47.39;600;11370914843;B
20241101;103201;47.4;5220;11370914844;B
20241101;103201;47.4;1000;11370914845;B
20241101;103201;47.4;10;11370914846;B
20241101;103201;47.4;1000;11370914847;B
20241101;103201;47.4;1550;11370914848;B
20241101;103201;47.41;7640;11370914849;B
20241101;103201;47.41;100;11370914850;S
20241101;103201;47.41;220;11370914851;S
20241101;103201;47.39;1000;11370914852;S
20241101;103201;47.38;760;11370914853;S
20241101;103202;47.36;20;11370914855;S
20241101;103202;47.36;100;11370914856;S
20241101;103202;47.39;700;11370914869;B
20241101;103202;47.39;2000;11370914914;B
20241101;103207;47.39;300;11370915556;B
20241101;103216;47.39;420;11370916898;B
20241101;103218;47.39;120;11370917198;B
20241101;103224;47.36;50;11370918051;S
20241101;103224;47.36;30;11370918102;S
20241101;103224;47.36;80;11370918103;S
20241101;103224;47.36;50;11370918172;S
20241101;103225;47.36;100;11370918230;S
20241101;103225;47.36;50;11370918329;S
20241101;103225;47.36;50;11370918412;S
20241101;103229;47.36;10;11370918793;S
20241101;103230;47.36;50;11370918953;S
20241101;103231;47.33;50;11370919265;S
20241101;103232;47.32;60;11370919420;S
20241101;103232;47.31;50;11370919489;S
20241101;103232;47.31;50;11370919490;S
20241101;103232;47.3;610;11370919491;S
20241101;103232;47.3;2000;11370919495;S
20241101;103232;47.3;200;11370919565;S
20241101;103236;47.33;10;11370920253;B
20241101;103236;47.3;170;11370920298;S
20241101;103236;47.3;50;11370920299;S
20241101;103241;47.32;10;11370920931;B
20241101;103243;47.32;100;11370921096;B
20241101;103244;47.33;20;11370921205;B
20241101;103246;47.32;100;11370921565;S
20241101;103246;47.32;60;11370921632;S
20241101;103247;47.31;200;11370921640;S
20241101;103253;47.3;10;11370922445;S
20241101;103253;47.3;30;11370922446;S
20241101;103253;47.29;220;11370922447;S
20241101;103253;47.29;50;11370922448;S
20241101;103253;47.29;40;11370922449;S
20241101;103253;47.29;2150;11370922450;S
20241101;103258;47.32;10;11370923147;B
20241101;103306;47.34;10;11370924314;B
20241101;103309;47.34;480;11370924685;B
20241101;103309;47.34;450;11370924686;B
20241101;103309;47.35;1570;11370924687;B
20241101;103329;47.35;10;11370927438;B
20241101;103330;47.35;500;11370927559;B
20241101;103333;47.32;10;11370928036;S
20241101;103333;47.32;10;11370928037;S
20241101;103333;47.32;10;11370928038;S
20241101;103333;47.32;10;11370928039;S
20241101;103333;47.32;10;11370928040;S
20241101;103333;47.32;10;11370928041;S
20241101;103333;47.32;10;11370928042;S
20241101;103333;47.32;640;11370928043;S
20241101;103336;47.32;10;11370928481;S
20241101;103336;47.32;10;11370928482;S
20241101;103336;47.32;40;11370928483;S
20241101;103336;47.32;700;11370928566;S
20241101;103340;47.32;10;11370929387;S
20241101;103340;47.31;760;11370929388;S
20241101;103341;47.3;20;11370929522;S
20241101;103341;47.29;30;11370929523;S
20241101;103350;47.3;10;11370931066;B
20241101;103355;47.29;10;11370931776;S
20241101;103355;47.29;170;11370931777;S
20241101;103355;47.29;10;11370931778;S
20241101;103355;47.28;50;11370931779;S
20241101;103355;47.28;160;11370931780;S
20241101;103355;47.28;30;11370931781;S
20241101;103355;47.28;1000;11370931782;S
20241101;103355;47.28;2170;11370931783;S
20241101;103405;47.26;20;11370933131;S
20241101;103423;47.31;20;11370935612;B
20241101;103427;47.31;40;11370936108;B
20241101;103429;47.3;10;11370936293;B
20241101;103433;47.26;30;11370937016;S
20241101;103433;47.26;100;11370937017;S
20241101;103438;47.32;10;11370937673;B
20241101;103439;47.27;30;11370937752;S
20241101;103439;47.27;1000;11370937753;S
20241101;103439;47.27;620;11370937754;S
20241101;103439;47.27;3500;11370937755;S
20241101;103439;47.27;880;11370937756;S
20241101;103444;47.27;160;11370939034;B
20241101;103504;47.26;10;11370942433;S
20241101;103504;47.26;10;11370942434;S
20241101;103504;47.26;10;11370942435;S
20241101;103504;47.26;10;11370942436;S
20241101;103504;47.26;10;11370942437;B
20241101;103504;47.26;10;11370942438;B
20241101;103504;47.26;10;11370942439;B
20241101;103504;47.26;10;11370942442;B
20241101;103504;47.26;10;11370942443;B
20241101;103504;47.26;10;11370942449;B
20241101;103506;47.26;10;11370942653;B
20241101;103508;47.25;80;11370942929;S
20241101;103508;47.26;10;11370943022;B
20241101;103509;47.25;1830;11370943074;S
20241101;103511;47.26;90;11370943297;B
20241101;103511;47.26;10;11370943298;B
20241101;103511;47.26;70;11370943299;B
20241101;103511;47.26;30;11370943300;B
20241101;103511;47.26;40;11370943302;B
20241101;103511;47.26;10;11370943303;B
20241101;103511;47.26;30;11370943304;B
20241101;103511;47.26;40;11370943305;B
20241101;103511;47.26;10;11370943306;B
20241101;103511;47.26;40;11370943307;B
20241101;103511;47.26;50;11370943322;B
20241101;103511;47.26;40;11370943323;B
20241101;103511;47.26;30;11370943324;B
20241101;103511;47.26;50;11370943325;B
20241101;103511;47.26;200;11370943326;B
20241101;103511;47.26;30;11370943327;B
20241101;103511;47.26;70;11370943328;B
20241101;103511;47.26;20;11370943329;B
20241101;103511;47.26;80;11370943330;B
20241101;103511;47.26;50;11370943331;B
20241101;103511;47.26;30;11370943333;B
20241101;103511;47.26;40;11370943334;B
20241101;103511;47.26;50;11370943335;B
20241101;103511;47.26;50;11370943336;B
20241101;103511;47.26;40;11370943337;B
20241101;103511;47.26;40;11370943338;B
20241101;103511;47.26;10;11370943339;B
20241101;103511;47.26;10;11370943340;B
20241101;103511;47.26;130;11370943341;B
20241101;103511;47.26;10;11370943342;B
20241101;103511;47.26;90;11370943344;B
20241101;103511;47.26;50;11370943345;B
20241101;103511;47.26;60;11370943346;B
20241101;103511;47.26;40;11370943347;B
20241101;103511;47.26;10;11370943348;B
20241101;103511;47.26;120;11370943349;B
20241101;103511;47.26;30;11370943350;B
20241101;103511;47.26;80;11370943351;B
20241101;103511;47.27;10;11370943352;B
20241101;103511;47.27;70;11370943353;B
20241101;103511;47.27;80;11370943354;B
20241101;103511;47.27;30;11370943355;B
20241101;103511;47.27;10;11370943356;B
20241101;103511;47.27;30;11370943357;B
20241101;103511;47.27;10;11370943358;B
20241101;103511;47.27;40;11370943359;B
20241101;103511;47.27;100;11370943360;B
20241101;103511;47.27;40;11370943361;B
20241101;103511;47.27;120;11370943363;B
20241101;103511;47.27;30;11370943364;B
20241101;103511;47.27;140;11370943365;B
20241101;103511;47.27;30;11370943366;B
20241101;103511;47.27;160;11370943367;B
20241101;103511;47.27;40;11370943368;B
20241101;103511;47.27;120;11370943369;B
20241101;103511;47.27;120;11370943370;B
20241101;103511;47.27;20;11370943371;B
20241101;103511;47.27;10;11370943372;B
20241101;103511;47.27;460;11370943373;B
20241101;103511;47.27;140;11370943374;B
20241101;103511;47.27;80;11370943375;B
20241101;103511;47.27;180;11370943376;B
20241101;103511;47.27;40;11370943377;B
20241101;103511;47.27;10;11370943378;B
20241101;103511;47.27;10;11370943379;B
20241101;103511;47.27;150;11370943380;B
20241101;103511;47.27;10;11370943382;B
20241101;103511;47.27;70;11370943383;B
20241101;103511;47.27;20;11370943385;B
20241101;103511;47.27;40;11370943386;B
20241101;103511;47.27;40;11370943387;B
20241101;103511;47.27;10;11370943388;B
20241101;103511;47.27;10;11370943389;B
20241101;103511;47.27;40;11370943390;B
20241101;103511;47.27;30;11370943391;B
20241101;103511;47.27;50;11370943392;B
20241101;103511;47.27;10;11370943399;B
20241101;103511;47.27;50;11370943401;B
20241101;103511;47.27;90;11370943402;B
20241101;103511;47.27;40;11370943403;B
20241101;103511;47.27;160;11370943404;B
20241101;103511;47.27;30;11370943405;B
20241101;103511;47.27;180;11370943408;B
20241101;103511;47.27;30;11370943409;B
20241101;103511;47.27;30;11370943411;B
20241101;103511;47.27;10;11370943412;B
20241101;103511;47.27;40;11370943413;B
20241101;103511;47.27;10;11370943414;B
20241101;103511;47.27;140;11370943415;B
20241101;103511;47.27;40;11370943416;B
20241101;103511;47.27;160;11370943417;B
20241101;103511;47.27;90;11370943421;B
20241101;103511;47.27;40;11370943422;B
20241101;103511;47.27;40;11370943423;B
20241101;103511;47.27;10;11370943424;B
20241101;103511;47.27;10;11370943425;B
20241101;103511;47.29;60;11370943426;B
20241101;103511;47.3;60;11370943427;B
20241101;103511;47.3;230;11370943428;B
20241101;103511;47.3;30;11370943429;B
20241101;103511;47.3;20;11370943430;B
20241101;103511;47.3;30;11370943431;B
20241101;103511;47.3;150;11370943432;B
20241101;103511;47.3;30;11370943434;B
20241101;103511;47.3;30;11370943435;B
20241101;103511;47.3;130;11370943436;B
20241101;103511;47.3;90;11370943437;B
20241101;103511;47.3;130;11370943438;B
20241101;103511;47.3;30;11370943439;B
20241101;103511;47.3;30;11370943440;B
20241101;103511;47.3;20;11370943441;B
20241101;103511;47.3;120;11370943442;B
20241101;103511;47.3;20;11370943443;B
20241101;103511;47.3;20;11370943444;B
20241101;103511;47.3;40;11370943445;B
20241101;103511;47.3;10;11370943446;B
20241101;103511;47.3;100;11370943447;B
20241101;103511;47.32;50;11370943449;B
20241101;103511;47.32;60;11370943450;B
20241101;103511;47.32;10;11370943451;B
20241101;103511;47.32;60;11370943452;B
20241101;103511;47.32;120;11370943453;B
20241101;103511;47.32;50;11370943454;B
20241101;103511;47.32;30;11370943455;B
20241101;103511;47.32;20;11370943456;B
20241101;103511;47.32;10;11370943457;B
20241101;103511;47.32;50;11370943459;B
20241101;103511;47.32;60;11370943462;B
20241101;103511;47.32;190;11370943463;B
20241101;103511;47.32;50;11370943464;B
20241101;103511;47.32;10;11370943466;B
20241101;103511;47.32;20;11370943468;B
20241101;103511;47.32;30;11370943469;B
20241101;103511;47.32;40;11370943474;B
20241101;103511;47.32;40;11370943476;B
20241101;103511;47.32;10;11370943480;B
20241101;103511;47.32;30;11370943489;B
20241101;103511;47.32;30;11370943490;B
20241101;103511;47.32;50;11370943491;B
20241101;103511;47.33;40;11370943492;B
20241101;103511;47.33;80;11370943494;B
20241101;103511;47.33;150;11370943496;B
20241101;103511;47.33;90;11370943497;B
20241101;103511;47.33;10;11370943500;B
20241101;103511;47.33;60;11370943502;B
20241101;103511;47.33;20;11370943503;B
20241101;103511;47.33;30;11370943505;B
20241101;103511;47.33;40;11370943507;B
20241101;103511;47.33;70;11370943508;B
20241101;103511;47.33;30;11370943510;B
20241101;103511;47.33;50;11370943511;B
20241101;103511;47.33;60;11370943517;B
20241101;103511;47.33;30;11370943518;B
20241101;103511;47.33;50;11370943519;B
20241101;103511;47.33;50;11370943521;B
20241101;103511;47.33;30;11370943522;B
20241101;103511;47.33;170;11370943523;B
20241101;103511;47.33;30;11370943524;B
20241101;103511;47.33;20;11370943525;B
20241101;103511;47.33;40;11370943527;B
20241101;103511;47.33;40;11370943528;B
20241101;103511;47.33;30;11370943529;B
20241101;103511;47.33;150;11370943530;B
20241101;103511;47.33;50;11370943531;B
20241101;103511;47.33;30;11370943532;B
20241101;103511;47.33;40;11370943533;B
20241101;103511;47.33;40;11370943534;B
20241101;103511;47.33;40;11370943536;B
20241101;103511;47.33;10;11370943537;B
20241101;103511;47.33;10;11370943545;B
20241101;103511;47.33;60;11370943547;B
20241101;103511;47.33;30;11370943552;B
20241101;103511;47.33;120;11370943554;B
20241101;103511;47.33;10;11370943556;B
20241101;103511;47.33;10;11370943558;B
20241101;103511;47.33;30;11370943562;B
20241101;103511;47.33;10;11370943564;B
20241101;103511;47.33;20;11370943567;B
20241101;103511;47.33;70;11370943568;B
20241101;103511;47.33;40;11370943570;B
20241101;103511;47.33;300;11370943580;B
20241101;103511;47.33;50;11370943583;B
20241101;103511;47.33;30;11370943584;B
20241101;103511;47.33;40;11370943587;B
20241101;103511;47.33;20;11370943592;B
20241101;103511;47.33;200;11370943596;B
20241101;103511;47.33;30;11370943600;B
20241101;103511;47.33;40;11370943603;B
20241101;103511;47.33;100;11370943606;B
20241101;103511;47.33;30;11370943607;B
20241101;103511;47.33;40;11370943608;B
20241101;103512;47.33;40;11370943610;B
20241101;103512;47.33;130;11370943611;B
20241101;103512;47.33;30;11370943612;B
20241101;103512;47.33;80;11370943614;B
20241101;103512;47.33;20;11370943627;B
20241101;103512;47.34;10;11370943628;B
20241101;103512;47.34;30;11370943629;B
20241101;103512;47.34;40;11370943631;B
20241101;103512;47.34;10;11370943633;B
20241101;103512;47.34;30;11370943634;B
20241101;103512;47.34;40;11370943635;B
20241101;103512;47.34;10;11370943636;B
20241101;103512;47.34;30;11370943637;B
20241101;103512;47.34;10;11370943638;B
20241101;103512;47.34;40;11370943639;B
20241101;103512;47.34;20;11370943640;B
20241101;103512;47.34;30;11370943641;B
20241101;103512;47.34;70;11370943642;B
20241101;103512;47.34;10;11370943643;B
20241101;103512;47.34;620;11370943645;B
20241101;103512;47.34;170;11370943646;B
20241101;103512;47.34;20;11370943648;B
20241101;103512;47.34;30;11370943649;B
20241101;103512;47.34;10;11370943650;B
20241101;103512;47.34;40;11370943654;B
20241101;103512;47.34;30;11370943655;B
20241101;103512;47.34;30;11370943656;B
20241101;103512;47.34;40;11370943657;B
20241101;103512;47.34;30;11370943658;B
20241101;103512;47.34;100;11370943660;B
20241101;103512;47.34;40;11370943661;B
20241101;103512;47.34;30;11370943666;B
20241101;103512;47.34;50;11370943668;B
20241101;103512;47.34;80;11370943669;B
20241101;103512;47.34;130;11370943673;B
20241101;103512;47.34;80;11370943674;B
20241101;103512;47.34;110;11370943675;B
20241101;103512;47.34;50;11370943677;B
20241101;103512;47.34;30;11370943678;B
20241101;103512;47.34;80;11370943679;B
20241101;103512;47.34;240;11370943682;B
20241101;103512;47.34;70;11370943683;B
20241101;103512;47.34;30;11370943684;B
20241101;103512;47.34;1580;11370943685;B
20241101;103512;47.34;90;11370943686;B
20241101;103512;47.34;220;11370943687;B
20241101;103512;47.34;40;11370943688;B
20241101;103512;47.34;50;11370943689;B
20241101;103512;47.34;50;11370943690;B
20241101;103512;47.34;60;11370943691;B
20241101;103512;47.34;310;11370943692;B
20241101;103512;47.34;10;11370943693;B
20241101;103512;47.34;40;11370943694;B
20241101;103512;47.34;50;11370943695;B
20241101;103512;47.34;40;11370943696;B
20241101;103512;47.35;10;11370943698;B
20241101;103512;47.35;40;11370943699;B
20241101;103512;47.35;30;11370943700;B
20241101;103512;47.35;60;11370943701;B
20241101;103512;47.35;40;11370943702;B
20241101;103512;47.35;30;11370943704;B
20241101;103512;47.35;30;11370943705;B
20241101;103512;47.35;40;11370943706;B
20241101;103512;47.35;30;11370943707;B
20241101;103512;47.35;150;11370943709;B
20241101;103512;47.35;80;11370943710;B
20241101;103512;47.35;10;11370943713;B
20241101;103512;47.35;40;11370943715;B
20241101;103512;47.35;30;11370943717;B
20241101;103512;47.35;80;11370943718;B
20241101;103512;47.35;20;11370943719;B
20241101;103512;47.35;40;11370943720;B
20241101;103512;47.35;10;11370943721;B
20241101;103512;47.35;30;11370943722;B
20241101;103512;47.35;80;11370943723;B
20241101;103512;47.35;30;11370943725;B
20241101;103512;47.35;40;11370943726;B
20241101;103512;47.35;30;11370943727;B
20241101;103512;47.35;30;11370943728;B
20241101;103512;47.36;40;11370943729;B
20241101;103512;47.36;40;11370943730;B
20241101;103512;47.36;10;11370943731;B
20241101;103512;47.36;10;11370943732;B
20241101;103512;47.36;50;11370943734;B
20241101;103512;47.36;50;11370943735;B
20241101;103512;47.36;60;11370943736;B
20241101;103512;47.36;40;11370943737;B
20241101;103512;47.36;30;11370943738;B
20241101;103512;47.36;40;11370943739;B
20241101;103512;47.36;210;11370943742;B
20241101;103512;47.35;60;11370943743;B
20241101;103512;47.35;150;11370943744;B
20241101;103512;47.35;40;11370943745;B
20241101;103512;47.35;90;11370943746;B
20241101;103512;47.35;40;11370943747;B
20241101;103512;47.35;10;11370943748;B
20241101;103512;47.35;10;11370943752;B
20241101;103512;47.35;40;11370943753;B
20241101;103512;47.35;20;11370943754;B
20241101;103512;47.35;40;11370943755;B
20241101;103512;47.35;40;11370943756;B
20241101;103512;47.35;280;11370943757;B
20241101;103512;47.35;20;11370943758;B
20241101;103512;47.35;80;11370943759;B
20241101;103512;47.35;170;11370943760;B
20241101;103512;47.35;390;11370943761;B
20241101;103512;47.35;150;11370943762;B
20241101;103512;47.35;30;11370943765;B
20241101;103512;47.35;140;11370943766;B
20241101;103512;47.35;40;11370943767;B
20241101;103512;47.35;150;11370943768;B
20241101;103512;47.35;10;11370943769;B
20241101;103512;47.35;10;11370943770;B
20241101;103512;47.35;20;11370943771;B
20241101;103512;47.35;10;11370943772;B
20241101;103512;47.35;40;11370943773;B
20241101;103512;47.35;30;11370943775;B
20241101;103512;47.35;60;11370943776;B
20241101;103512;47.35;170;11370943777;B
20241101;103512;47.35;90;11370943778;B
20241101;103512;47.35;30;11370943779;B
20241101;103512;47.35;10;11370943781;B
20241101;103512;47.35;50;11370943783;B
20241101;103512;47.35;10;11370943784;B
20241101;103512;47.35;10;11370943786;B
20241101;103512;47.35;20;11370943787;B
20241101;103512;47.35;180;11370943788;B
20241101;103512;47.35;60;11370943789;B
20241101;103512;47.35;120;11370943790;B
20241101;103512;47.35;30;11370943791;B
20241101;103512;47.35;80;11370943793;B
20241101;103512;47.35;10;11370943794;B
20241101;103512;47.35;30;11370943795;B
20241101;103512;47.35;40;11370943797;B
20241101;103512;47.35;30;11370943798;B
20241101;103512;47.35;60;11370943799;B
20241101;103512;47.35;30;11370943801;B
20241101;103512;47.35;20;11370943806;B
20241101;103512;47.35;40;11370943807;B
20241101;103512;47.35;30;11370943810;B
20241101;103512;47.35;30;11370943815;B
20241101;103512;47.35;30;11370943817;B
20241101;103512;47.35;20;11370943819;B
20241101;103512;47.35;80;11370943820;B
20241101;103512;47.35;20;11370943821;B
20241101;103512;47.35;30;11370943825;B
20241101;103512;47.35;10;11370943826;B
20241101;103512;47.35;10;11370943827;B
20241101;103512;47.35;160;11370943829;B
20241101;103512;47.35;130;11370943835;B
20241101;103512;47.35;150;11370943836;B
20241101;103512;47.35;50;11370943841;B
20241101;103512;47.35;20;11370943843;B
20241101;103512;47.35;40;11370943846;B
20241101;103512;47.35;20;11370943849;B
20241101;103512;47.35;100;11370943853;B
20241101;103512;47.36;50;11370943854;B
20241101;103512;47.35;40;11370943855;B
20241101;103512;47.35;140;11370943857;B
20241101;103512;47.35;10;11370943858;B
20241101;103512;47.35;40;11370943859;B
20241101;103512;47.35;150;11370943860;B
20241101;103512;47.35;30;11370943862;B
20241101;103512;47.35;40;11370943863;B
20241101;103512;47.35;20;11370943864;B
20241101;103512;47.35;40;11370943865;B
20241101;103512;47.35;10;11370943866;B
20241101;103512;47.35;30;11370943867;B
20241101;103512;47.35;40;11370943868;B
20241101;103512;47.35;40;11370943869;B
20241101;103512;47.35;40;11370943870;B
20241101;103512;47.35;60;11370943871;B
20241101;103512;47.35;90;11370943872;B
20241101;103512;47.35;10;11370943873;B
20241101;103512;47.35;30;11370943874;B
20241101;103512;47.35;80;11370943875;B
20241101;103512;47.35;140;11370943876;B
20241101;103512;47.35;40;11370943877;B
20241101;103512;47.35;10;11370943878;B
20241101;103512;47.35;100;11370943879;B
20241101;103512;47.35;40;11370943880;B
20241101;103512;47.35;30;11370943881;B
20241101;103512;47.35;10;11370943882;B
20241101;103512;47.35;150;11370943883;B
20241101;103512;47.35;30;11370943884;B
20241101;103512;47.35;30;11370943885;B
20241101;103512;47.35;40;11370943886;B
20241101;103512;47.35;50;11370943889;B
20241101;103512;47.35;160;11370943890;B
20241101;103512;47.35;60;11370943891;B
20241101;103512;47.35;40;11370943892;B
20241101;103512;47.35;10;11370943894;B
20241101;103512;47.35;60;11370943895;B
20241101;103512;47.35;10;11370943896;B
20241101;103512;47.35;420;11370943898;B
20241101;103512;47.35;50;11370943899;B
20241101;103512;47.35;10;11370943900;B
20241101;103513;47.35;20;11370943903;B
20241101;103513;47.35;60;11370943905;B
20241101;103513;47.35;30;11370943906;B
20241101;103513;47.35;30;11370943907;B
20241101;103513;47.35;140;11370943908;B
20241101;103513;47.35;80;11370943909;B
20241101;103513;47.35;30;11370943910;B
20241101;103513;47.35;40;11370943911;B
20241101;103513;47.35;240;11370943912;B
20241101;103513;47.35;40;11370943913;B
20241101;103513;47.35;10;11370943914;B
20241101;103513;47.35;40;11370943917;B
20241101;103513;47.35;40;11370943918;B
20241101;103513;47.35;50;11370943919;B
20241101;103513;47.35;160;11370943920;B
20241101;103513;47.35;40;11370943921;B
20241101;103513;47.35;40;11370943922;B
20241101;103513;47.35;30;11370943923;B
20241101;103513;47.35;20;11370943924;B
20241101;103513;47.35;180;11370943925;B
20241101;103513;47.35;10;11370943926;B
20241101;103513;47.35;30;11370943927;B
20241101;103513;47.35;10;11370943928;B
20241101;103513;47.35;50;11370943929;B
20241101;103513;47.35;130;11370943930;B
20241101;103513;47.35;10;11370943931;B
20241101;103513;47.35;80;11370943932;B
20241101;103513;47.35;40;11370943933;B
20241101;103513;47.35;70;11370943934;B
20241101;103513;47.35;10;11370943935;B
20241101;103513;47.35;10;11370943936;B
20241101;103513;47.35;20;11370943937;B
20241101;103513;47.36;10;11370943938;B
20241101;103513;47.35;30;11370943939;B
20241101;103513;47.35;90;11370943941;B
20241101;103513;47.35;20;11370943942;B
20241101;103513;47.35;30;11370943943;B
20241101;103513;47.35;40;11370943944;B
20241101;103513;47.35;10;11370943945;B
20241101;103513;47.35;40;11370943946;B
20241101;103513;47.35;40;11370943948;B
20241101;103513;47.35;50;11370943959;B
20241101;103513;47.35;30;11370943960;B
20241101;103513;47.35;20;11370943961;B
20241101;103513;47.35;30;11370943980;B
20241101;103513;47.35;10;11370943981;B
20241101;103513;47.35;30;11370943983;B
20241101;103513;47.35;40;11370943984;B
20241101;103513;47.35;80;11370943985;B
20241101;103513;47.35;30;11370943986;B
20241101;103513;47.35;30;11370943987;B
20241101;103513;47.35;40;11370943988;B
20241101;103513;47.35;250;11370943990;B
20241101;103513;47.35;130;11370943992;B
20241101;103513;47.35;100;11370943993;B
20241101;103513;47.35;50;11370943994;B
20241101;103513;47.35;40;11370943995;B
20241101;103513;47.35;30;11370943996;B
20241101;103513;47.35;40;11370943997;B
20241101;103513;47.35;50;11370943998;B
20241101;103513;47.35;150;11370944001;B
20241101;103513;47.35;80;11370944002;B
20241101;103513;47.35;60;11370944003;B
20241101;103513;47.35;10;11370944004;B
20241101;103513;47.35;90;11370944006;B
20241101;103513;47.35;30;11370944007;B
20241101;103513;47.35;80;11370944010;B
20241101;103513;47.35;130;11370944011;B
20241101;103513;47.35;40;11370944012;B
20241101;103513;47.35;40;11370944013;B
20241101;103513;47.35;960;11370944015;B
20241101;103513;47.36;40;11370944016;B
20241101;103513;47.36;30;11370944017;B
20241101;103513;47.36;10;11370944019;B
20241101;103513;47.36;170;11370944024;B
20241101;103513;47.36;10;11370944028;B
20241101;103513;47.37;60;11370944029;B
20241101;103513;47.37;30;11370944032;B
20241101;103513;47.37;30;11370944036;B
20241101;103513;47.37;30;11370944037;B
20241101;103513;47.37;30;11370944038;B
20241101;103513;47.37;10;11370944039;B
20241101;103513;47.37;180;11370944041;B
20241101;103513;47.37;260;11370944042;B
20241101;103513;47.37;20;11370944043;B
20241101;103513;47.37;10;11370944044;B
20241101;103513;47.37;130;11370944045;B
20241101;103513;47.37;50;11370944046;B
20241101;103513;47.37;20;11370944047;B
20241101;103513;47.37;50;11370944048;B
20241101;103513;47.37;70;11370944049;B
20241101;103513;47.37;20;11370944050;B
20241101;103513;47.37;10;11370944051;B
20241101;103513;47.37;40;11370944053;B
20241101;103513;47.37;130;11370944054;B
20241101;103513;47.37;130;11370944055;B
20241101;103513;47.37;70;11370944056;B
20241101;103513;47.37;40;11370944057;B
20241101;103513;47.37;10;11370944058;B
20241101;103513;47.37;40;11370944059;B
20241101;103513;47.37;120;11370944060;B
20241101;103513;47.37;380;11370944061;B
20241101;103513;47.37;130;11370944062;B
20241101;103513;47.37;70;11370944066;B
20241101;103513;47.37;110;11370944067;B
20241101;103513;47.37;40;11370944068;B
20241101;103513;47.37;40;11370944074;B
20241101;103513;47.37;30;11370944076;B
20241101;103513;47.37;40;11370944077;B
20241101;103513;47.37;30;11370944078;B
20241101;103513;47.37;60;11370944079;B
20241101;103513;47.37;40;11370944080;B
20241101;103513;47.37;60;11370944081;B
20241101;103513;47.37;50;11370944082;B
20241101;103513;47.37;10;11370944083;B
20241101;103513;47.37;40;11370944092;B
20241101;103513;47.37;60;11370944095;B
20241101;103513;47.37;80;11370944097;B
20241101;103513;47.37;30;11370944099;B
20241101;103513;47.37;30;11370944100;B
20241101;103513;47.37;60;11370944102;B
20241101;103513;47.37;50;11370944104;B
20241101;103513;47.37;20;11370944105;B
20241101;103513;47.37;50;11370944108;B
