<DATE>;<TIME>;<LAST>;<VOL>;<ID>;<OPER>
20241106;095931;344.5;10;11386004290;S
20241106;095931;344.5;10;11386004291;S
20241106;095931;344.5;10;11386004292;S
20241106;095931;344.5;210;11386004293;B
20241106;095931;344.5;90;11386004294;B
20241106;095931;344.5;10;11386004295;B
20241106;095931;344.5;160;11386004296;B
20241106;095931;344.5;40;11386004297;B
20241106;095931;344.5;10;11386004298;B
20241106;095931;344.5;100;11386004299;B
20241106;095931;344.5;10;11386004300;B
20241106;095931;344.5;10;11386004301;B
20241106;095931;344.5;10;11386004302;S
20241106;095931;344.5;10;11386004303;B
20241106;095931;344.5;10;11386004304;B
20241106;095931;344.5;10;11386004305;B
20241106;095931;344.5;50;11386004306;B
20241106;095931;344.5;10;11386004307;B
20241106;095931;344.5;20;11386004308;B
20241106;095931;344.5;10;11386004309;B
20241106;095931;344.5;10;11386004310;B
20241106;095931;344.5;290;11386004311;B
20241106;095931;344.5;100;11386004312;B
20241106;095931;344.5;10;11386004313;B
20241106;095931;344.5;60;11386004314;B
20241106;095931;344.5;10;11386004315;S
20241106;095931;344.5;50;11386004316;B
20241106;095931;344.5;10;11386004317;B
20241106;095931;344.5;10;11386004318;B
20241106;095931;344.5;10;11386004319;B
20241106;095931;344.5;10;11386004320;B
20241106;095931;344.5;10;11386004321;B
20241106;095931;344.5;330;11386004322;B
20241106;095931;344.5;10;11386004323;B
20241106;095931;344.5;10;11386004324;S
20241106;095931;344.5;30;11386004325;S
20241106;095931;344.5;10;11386004326;B
20241106;095931;344.5;10;11386004327;B
20241106;095931;344.5;40;11386004328;B
20241106;095931;344.5;10;11386004329;B
20241106;095931;344.5;520;11386004330;B
20241106;095931;344.5;230;11386004331;B
20241106;095931;344.5;230;11386004332;B
20241106;095931;344.5;230;11386004333;B
20241106;095931;344.5;230;11386004334;B
20241106;095931;344.5;230;11386004335;B
20241106;095931;344.5;230;11386004336;B
20241106;095931;344.5;230;11386004337;B
20241106;095931;344.5;230;11386004338;B
20241106;095931;344.5;10;11386004339;B
20241106;095931;344.5;230;11386004340;B
20241106;095931;344.5;230;11386004341;B
20241106;095931;344.5;20;11386004342;B
20241106;095931;344.5;30;11386004343;B
20241106;095931;344.5;30;11386004344;B
20241106;095931;344.5;10;11386004345;S
20241106;095931;344.5;10;11386004346;B
20241106;095931;344.5;10;11386004347;B
20241106;095931;344.5;10;11386004348;B
20241106;095931;344.5;10;11386004349;S
20241106;095931;344.5;10;11386004350;B
20241106;095931;344.5;10;11386004351;B
20241106;095931;344.5;10;11386004352;B
20241106;095931;344.5;10;11386004353;S
20241106;095931;344.5;120;11386004354;B
20241106;095931;344.5;140;11386004355;S
20241106;095931;344.5;10;11386004356;B
20241106;095931;344.5;40;11386004357;B
20241106;095931;344.5;10;11386004358;B
20241106;095931;344.5;20;11386004359;B
20241106;095931;344.5;10;11386004360;B
20241106;095931;344.5;40;11386004361;B
20241106;095931;344.5;10;11386004362;B
20241106;095931;344.5;1050;11386004363;B
20241106;095931;344.5;60;11386004364;B
20241106;095931;344.5;10;11386004365;B
20241106;095931;344.5;210;11386004366;B
20241106;095931;344.5;380;11386004367;B
20241106;095931;344.5;290;11386004368;B
20241106;095931;344.5;70;11386004369;B
20241106;095931;344.5;10;11386004370;B
20241106;095931;344.5;200;11386004371;B
20241106;095931;344.5;10;11386004372;B
20241106;100000;344.5;3920;11386020079;S
20241106;100000;344.04;10;11386020585;S
20241106;100001;344.05;10;11386022133;S
20241106;100001;344.05;290;11386022330;S
20241106;100001;344.05;20;11386022331;S
20241106;100001;344.05;190;11386022332;S
20241106;100001;344.05;50;11386022486;S
20241106;100001;344.05;280;11386022487;S
20241106;100001;344.05;10;11386022621;S
20241106;100001;344.05;10;11386022780;S
20241106;100001;344.05;10;11386022781;S
20241106;100001;344.05;20;11386022827;S
20241106;100002;344.26;40;11386023498;B
20241106;100002;344.06;50;11386023557;B
20241106;100002;344.55;150;11386023667;B
20241106;100002;344.05;10;11386024305;S
20241106;100002;344.05;10;11386024518;S
20241106;100003;344.05;280;11386024799;S
20241106;100003;344.04;160;11386024800;S
20241106;100003;344.03;60;11386024801;S
20241106;100003;344.03;170;11386024804;S
20241106;100003;344.03;530;11386024805;S
20241106;100003;344.4;360;11386025834;B
20241106;100003;344.41;140;11386025835;B
20241106;100003;344.46;300;11386026215;B
20241106;100003;344.54;200;11386026252;B
20241106;100003;344.04;140;11386026470;S
20241106;100003;344.04;60;11386026471;S
20241106;100004;344.08;90;11386027135;S
20241106;100004;344.07;90;11386027141;S
20241106;100004;344.08;130;11386027229;S
20241106;100004;344.38;10;11386027277;B
20241106;100004;344.41;30;11386027383;B
20241106;100004;344.43;20;11386027486;B
20241106;100005;344.44;20;11386027712;B
20241106;100005;344.08;40;11386027746;S
20241106;100005;344.42;50;11386027968;B
20241106;100005;344.42;70;11386027980;B
20241106;100005;344.43;20;11386028370;S
20241106;100005;344.08;50;11386028371;S
20241106;100005;344.08;50;11386028372;S
20241106;100005;344.08;130;11386028373;S
20241106;100005;344.46;100;11386028835;B
20241106;100005;344.46;10;11386028999;B
20241106;100005;344.46;10;11386029011;B
20241106;100006;344.38;20;11386029687;B
20241106;100006;344.44;20;11386030059;B
20241106;100006;344.4;20;11386030738;B
20241106;100006;344.4;50;11386030753;B
20241106;100006;344.4;10;11386030794;B
20241106;100006;344.4;90;11386030881;B
20241106;100007;344.44;30;11386031617;B
20241106;100007;344.46;10;11386031746;B
20241106;100007;344.01;300;11386031762;S
20241106;100007;344.01;200;11386031763;S
20241106;100007;344.46;150;11386031994;B
20241106;100007;344.41;10;11386032049;S
20241106;100007;344.46;210;11386032240;B
20241106;100007;344.46;10;11386032577;B
20241106;100007;344.46;20;11386032738;B
20241106;100007;344.46;10;11386032783;B
20241106;100007;344.46;10;11386033242;B
20241106;100008;344.46;10;11386034292;B
20241106;100008;344.46;10;11386034299;B
20241106;100008;344.41;10;11386034373;S
20241106;100008;344.46;10;11386036259;B
20241106;100009;344.46;10;11386037154;S
20241106;100009;344.47;20;11386037546;B
20241106;100009;344.49;10;11386037547;B
20241106;100009;344.49;30;11386037875;B
20241106;100009;344.49;20;11386037876;B
20241106;100010;344.49;10;11386038336;B
20241106;100010;344.49;10;11386038340;B
20241106;100010;344.49;30;11386038550;B
20241106;100010;344.49;30;11386038566;B
20241106;100010;344.49;30;11386039417;B
20241106;100010;344.01;10;11386039442;S
20241106;100011;344.49;70;11386040422;B
20241106;100012;344.49;40;11386041405;B
20241106;100012;344.02;20;11386041608;S
20241106;100012;344.49;150;11386041904;B
20241106;100012;344.49;50;11386041905;B
20241106;100013;344.49;20;11386042529;B
20241106;100013;344.5;150;11386042530;B
20241106;100013;344.5;30;11386042531;B
20241106;100013;344.5;90;11386042541;B
20241106;100013;344.08;480;11386042610;S
20241106;100013;344.08;20;11386042611;S
20241106;100014;344.49;20;11386043515;B
20241106;100014;344.5;40;11386043516;B
20241106;100014;344.5;20;11386043517;B
20241106;100014;344.55;70;11386043604;S
20241106;100014;344.55;10;11386043676;S
20241106;100014;344.57;10;11386043766;B
20241106;100015;344.59;10;11386044790;B
20241106;100015;344.6;100;11386044791;B
20241106;100015;344.68;390;11386044792;B
20241106;100016;344.68;10;11386045441;B
20241106;100016;344.68;100;11386045453;B
20241106;100016;344.87;20;11386045456;B
20241106;100016;344.87;20;11386045457;S
20241106;100016;344.88;30;11386045469;B
20241106;100016;344.88;150;11386045477;B
20241106;100016;344.87;50;11386045508;S
20241106;100016;344.88;20;11386045514;S
20241106;100016;344.68;20;11386045656;S
20241106;100018;344.88;40;11386046736;B
20241106;100018;344.87;40;11386047026;S
20241106;100018;344.88;110;11386047195;B
20241106;100018;344.87;20;11386047543;S
20241106;100018;344.88;20;11386047544;S
20241106;100019;344.88;20;11386047695;B
20241106;100019;344.69;30;11386048068;S
20241106;100019;344.68;60;11386048069;S
20241106;100019;344.09;170;11386048070;S
20241106;100019;344.09;20;11386048071;S
20241106;100020;344.88;200;11386048452;B
20241106;100020;344.87;30;11386049159;S
20241106;100021;344.87;20;11386050016;B
20241106;100023;344.5;10;11386051576;S
20241106;100025;344.5;10;11386053332;S
20241106;100027;344.5;10;11386054267;S
20241106;100027;344.49;10;11386054268;S
20241106;100027;344.5;30;11386054536;B
20241106;100027;344.82;10;11386054537;B
20241106;100027;344.84;10;11386054538;S
20241106;100027;344.85;150;11386054541;S
20241106;100027;344.19;10;11386054563;S
20241106;100027;344.16;240;11386054704;S
20241106;100027;344.15;30;11386054705;S
20241106;100027;344.05;300;11386054706;S
20241106;100027;344.05;300;11386054707;S
20241106;100027;344.05;130;11386054708;S
20241106;100028;344.01;10;11386054961;S
20241106;100028;344.03;90;11386055009;S
20241106;100028;344.02;120;11386055010;S
20241106;100028;344.02;90;11386055011;S
20241106;100028;344.03;30;11386055031;S
20241106;100028;344.03;10;11386055041;S
20241106;100028;344.03;100;11386055049;S
20241106;100028;344.03;20;11386055083;S
20241106;100028;344.03;300;11386055190;S
20241106;100028;344.03;300;11386055191;S
20241106;100028;344.02;60;11386055192;S
20241106;100028;344;1000;11386055193;S
20241106;100028;344;1510;11386055194;S
20241106;100028;343.89;10;11386055195;S
20241106;100028;343.85;2000;11386055196;S
20241106;100028;343.47;20;11386055197;S
20241106;100028;343.32;40;11386055198;S
20241106;100028;343.84;40;11386055200;B
20241106;100028;343.72;30;11386055251;B
20241106;100028;343.79;20;11386055252;S
20241106;100028;343.72;30;11386055311;B
20241106;100028;343.84;10;11386055312;B
20241106;100028;343.32;40;11386055336;S
20241106;100028;343.32;50;11386055369;S
20241106;100028;343.32;20;11386055421;S
20241106;100028;343.02;10;11386055487;S
20241106;100029;343.01;10;11386055597;S
20241106;100029;343.01;200;11386055610;S
20241106;100029;343.01;90;11386055629;S
20241106;100029;343;10;11386055630;S
20241106;100029;342.6;80;11386055631;S
20241106;100029;342.48;40;11386055632;S
20241106;100029;342.48;10;11386055633;S
20241106;100029;342.48;270;11386055634;S
20241106;100029;342.5;10;11386055830;S
20241106;100029;342.5;200;11386055874;S
20241106;100029;343.01;20;11386055894;B
20241106;100030;342.81;10;11386056997;S
20241106;100030;343.2;10;11386057067;B
20241106;100030;343.31;120;11386057201;B
20241106;100031;343.67;10;11386057740;B
20241106;100031;343.67;50;11386057741;B
20241106;100031;343.84;10;11386058012;B
20241106;100031;343.84;50;11386058013;B
20241106;100032;343.84;60;11386058666;B
20241106;100032;343.29;20;11386058667;S
20241106;100032;343.28;30;11386058668;S
20241106;100033;343.73;100;11386059375;B
20241106;100033;343.28;10;11386059431;S
20241106;100035;343.33;20;11386060913;S
20241106;100036;343.64;30;11386061010;B
20241106;100036;343.73;60;11386061011;B
20241106;100036;343.33;10;11386061108;S
20241106;100037;343.72;30;11386061938;B
20241106;100037;343.73;10;11386061939;B
20241106;100037;343.84;320;11386061940;B
20241106;100037;343.84;70;11386061941;B
20241106;100038;343.39;10;11386062457;S
20241106;100038;343.83;40;11386062533;S
20241106;100039;343.4;300;11386062830;S
20241106;100039;343.39;60;11386062831;S
20241106;100039;343.39;30;11386062832;S
20241106;100039;343.38;100;11386062833;S
20241106;100039;343.32;10;11386062834;S
20241106;100039;343.3;110;11386062835;S
20241106;100039;343.03;120;11386063150;S
20241106;100040;342.44;10;11386063791;S
20241106;100040;342.65;50;11386063798;B
20241106;100040;342.42;10;11386064433;S
20241106;100041;343.29;230;11386065161;B
20241106;100041;343.3;380;11386065162;B
20241106;100041;343.16;50;11386065228;B
20241106;100042;342.98;10;11386066071;S
20241106;100043;343.33;10;11386066436;B
20241106;100043;343.33;90;11386066526;B
20241106;100045;343.42;10;11386067295;S
20241106;100047;343.42;10;11386069057;S
20241106;100049;343.25;50;11386069962;S
20241106;100050;343.24;20;11386070566;S
20241106;100053;343.26;50;11386072703;S
20241106;100053;343.26;250;11386072827;S
20241106;100053;343.25;50;11386072828;S
20241106;100053;343.22;290;11386072829;S
20241106;100054;343.67;10;11386073077;B
20241106;100055;343.3;100;11386073869;S
20241106;100058;343.27;10;11386076483;S
20241106;100058;343.22;40;11386076484;S
20241106;100100;343.24;300;11386077724;S
20241106;100100;343.23;30;11386077725;S
20241106;100100;343.22;50;11386077726;S
20241106;100100;343.22;70;11386077727;S
20241106;100100;343.22;10;11386077763;S
20241106;100102;343.24;10;11386079117;B
20241106;100102;343.59;50;11386079268;B
20241106;100103;343.32;30;11386079530;S
20241106;100103;343.26;30;11386079531;S
20241106;100103;343.25;140;11386079532;S
20241106;100104;343.24;20;11386080569;S
20241106;100106;343.58;10;11386081395;B
20241106;100106;343.25;20;11386081694;S
20241106;100107;343.24;310;11386081917;S
20241106;100107;343.24;190;11386081918;S
20241106;100108;343.54;10;11386082365;B
20241106;100108;343.54;10;11386082366;B
20241106;100108;343.22;10;11386082640;S
20241106;100110;343.25;20;11386083657;S
20241106;100110;343.22;10;11386083658;S
20241106;100110;343.21;150;11386083659;S
20241106;100111;343.46;30;11386084192;B
20241106;100111;343.48;70;11386084193;B
20241106;100115;343.53;10;11386086449;B
20241106;100115;343.54;10;11386086450;S
20241106;100116;343.24;10;11386086735;S
20241106;100116;343.23;10;11386086772;S
20241106;100116;343.22;40;11386086773;S
20241106;100116;343.5;30;11386086925;B
20241106;100116;343.55;120;11386086926;B
20241106;100118;343.22;20;11386087948;S
20241106;100118;343.26;10;11386088105;S
20241106;100118;343.22;90;11386088106;S
20241106;100124;343.46;30;11386090635;B
20241106;100124;343.48;360;11386090636;B
20241106;100124;343.68;110;11386090637;B
20241106;100126;343.23;10;11386091622;S
20241106;100128;343.22;10;11386092840;S
20241106;100128;343.43;30;11386092862;B
20241106;100128;343.45;170;11386092863;B
20241106;100130;343.24;50;11386093800;S
20241106;100130;343.24;60;11386093801;S
20241106;100131;343.23;30;11386094078;S
20241106;100131;343.22;120;11386094079;S
20241106;100131;343.22;80;11386094090;S
20241106;100131;343.21;390;11386094091;S
20241106;100134;343.21;10;11386095676;S
20241106;100135;343.22;50;11386096159;B
20241106;100136;343.22;20;11386096617;B
20241106;100139;343.23;50;11386098741;S
20241106;100140;343.23;390;11386099175;S
20241106;100140;343.23;60;11386099176;S
20241106;100140;343.23;40;11386099177;S
20241106;100140;343.22;60;11386099178;S
20241106;100141;343.21;920;11386099327;S
20241106;100144;343.21;530;11386100593;S
20241106;100144;343.21;30;11386100594;S
20241106;100144;343;50;11386100598;S
20241106;100145;343;50;11386101046;S
20241106;100145;342.72;270;11386101338;S
20241106;100145;342.7;120;11386101339;S
20241106;100145;342.6;2000;11386101340;S
20241106;100145;342.51;10;11386101341;S
20241106;100146;342.52;60;11386102021;S
20241106;100146;342.48;10;11386102022;S
20241106;100148;342.52;100;11386102578;S
20241106;100148;342.51;30;11386102616;S
20241106;100148;342.5;70;11386102617;S
20241106;100148;342.49;100;11386102618;S
20241106;100148;342.92;10;11386102878;B
20241106;100148;342.49;30;11386102894;S
20241106;100148;342.48;40;11386102895;S
20241106;100150;342.54;30;11386103528;S
20241106;100150;342.49;70;11386103529;S
20241106;100151;342.49;200;11386104376;S
20241106;100154;342.95;20;11386105484;S
20241106;100154;342.97;30;11386105631;B
20241106;100154;342.5;10;11386105783;S
20241106;100156;342.83;30;11386106557;S
20241106;100156;342.48;260;11386106558;S
20241106;100156;342.47;210;11386106559;S
20241106;100158;342.95;10;11386107027;B
20241106;100158;342.98;480;11386107028;B
20241106;100158;342.99;20;11386107029;B
20241106;100158;342.99;20;11386107030;B
20241106;100158;343;50;11386107031;B
20241106;100158;343.05;120;11386107032;B
20241106;100158;343.08;30;11386107033;B
20241106;100158;343.17;270;11386107034;B
20241106;100159;343.15;10;11386107773;S
20241106;100200;343.16;20;11386108279;B
20241106;100200;343.15;10;11386108369;B
20241106;100200;343.15;30;11386108378;B
20241106;100200;343.16;430;11386108379;B
20241106;100200;343.21;10;11386108380;B
20241106;100200;343.21;30;11386108381;B
20241106;100204;342.83;10;11386110078;S
20241106;100205;342.8;10;11386110452;S
20241106;100207;342.86;10;11386111317;S
20241106;100207;342.85;10;11386111318;S
20241106;100209;342.85;110;11386112252;S
20241106;100209;342.84;10;11386112253;S
20241106;100209;342.83;500;11386112254;S
20241106;100209;342.81;30;11386112255;S
20241106;100209;342.81;10;11386112256;S
20241106;100210;342.8;400;11386112979;B
20241106;100211;342.8;10;11386113302;B
20241106;100212;342.8;380;11386113635;B
20241106;100212;342.94;60;11386113636;B
20241106;100212;342.98;60;11386113637;B
20241106;100212;343;20;11386113638;B
20241106;100212;343.13;480;11386113643;S
20241106;100213;342.82;30;11386114259;S
20241106;100213;342.68;480;11386114260;S
20241106;100213;342.68;270;11386114261;S
20241106;100213;342.68;360;11386114262;S
20241106;100213;342.67;310;11386114263;S
20241106;100213;342.57;550;11386114264;B
20241106;100213;342.61;30;11386114486;S
20241106;100213;342.51;170;11386114487;S
20241106;100214;343.16;20;11386114984;S
20241106;100215;342.8;110;11386115246;S
20241106;100217;343;10;11386116524;B
20241106;100217;343.17;120;11386116525;B
20241106;100217;343.21;30;11386116526;B
20241106;100218;343.2;480;11386116937;B
20241106;100218;343.21;350;11386116938;B
20241106;100218;343.22;170;11386116939;B
20241106;100219;342.9;40;11386117164;S
20241106;100219;342.9;80;11386117211;S
20241106;100219;342.89;30;11386117212;S
20241106;100219;342.81;40;11386117213;S
20241106;100220;342.83;230;11386117328;S
20241106;100220;342.83;150;11386117432;S
20241106;100225;342.85;10;11386121063;S
20241106;100225;342.82;90;11386121064;S
20241106;100225;342.8;10;11386121065;S
20241106;100226;343;30;11386121520;B
20241106;100226;343.09;80;11386121521;B
20241106;100226;342.86;140;11386121624;S
20241106;100226;342.85;60;11386121625;S
20241106;100227;342.85;440;11386121936;S
20241106;100228;342.8;110;11386122228;S
20241106;100229;342.83;10;11386122428;B
20241106;100229;342.84;990;11386122429;B
20241106;100233;342.8;200;11386123976;S
20241106;100234;342.8;320;11386124464;S
20241106;100234;342.8;100;11386124465;S
20241106;100234;342.72;10;11386124466;S
20241106;100234;342.47;10;11386124467;S
20241106;100234;342.43;20;11386124468;S
20241106;100234;342.42;340;11386124469;S
20241106;100234;342.41;250;11386124470;S
20241106;100234;342.41;30;11386124471;S
20241106;100234;342.4;20;11386124472;S
20241106;100234;342.4;30;11386124734;S
20241106;100235;342.68;10;11386124834;B
20241106;100238;342.56;10;11386126009;B
20241106;100241;342.4;80;11386127147;S
20241106;100246;342.4;100;11386128940;S
20241106;100246;342.54;30;11386128962;B
20241106;100246;342.58;70;11386128963;B
20241106;100246;342.54;30;11386129293;B
20241106;100246;342.58;230;11386129294;B
20241106;100246;342.71;480;11386129295;B
20241106;100246;342.72;260;11386129296;B
20241106;100246;342.41;480;11386129391;S
20241106;100246;342.4;20;11386129392;S
20241106;100247;342.7;10;11386129577;B
20241106;100247;342.7;20;11386129588;B
20241106;100247;342.79;80;11386129589;B
20241106;100249;342.4;200;11386130252;S
20241106;100249;342.4;250;11386130321;S
20241106;100249;342.68;30;11386130344;B
20241106;100249;342.75;180;11386130345;B
20241106;100251;342.72;30;11386131016;B
20241106;100251;342.75;170;11386131017;B
20241106;100251;342.41;80;11386131093;S
20241106;100251;342.41;100;11386131281;S
20241106;100252;342.41;160;11386131753;S
20241106;100254;342.67;30;11386132956;B
20241106;100254;342.71;470;11386132957;B
20241106;100254;342.72;210;11386132958;B
20241106;100254;342.79;140;11386132959;B
20241106;100254;342.8;420;11386132960;B
20241106;100254;342.84;130;11386132961;B
20241106;100256;342.48;30;11386133937;S
20241106;100256;342.4;70;11386133938;S
20241106;100257;342.41;480;11386134177;S
20241106;100257;342.4;530;11386134178;S
20241106;100257;342.4;200;11386134179;S
20241106;100257;342.39;10;11386134180;S
20241106;100257;342.38;30;11386134181;B
20241106;100257;342.78;10;11386134337;B
20241106;100302;342.43;40;11386135920;S
20241106;100302;342.42;60;11386135921;S
20241106;100304;342.7;110;11386136955;B
20241106;100305;342.43;10;11386137458;S
20241106;100305;342.42;40;11386137459;S
20241106;100305;342.42;20;11386137776;S
20241106;100305;342.4;20;11386137777;S
20241106;100305;342.39;20;11386137778;S
20241106;100305;342.38;20;11386137779;S
20241106;100305;342.37;10;11386137780;S
20241106;100305;342.16;10;11386137781;S
20241106;100305;342.16;20;11386137782;S
20241106;100305;342.16;180;11386137783;S
20241106;100306;342.17;20;11386138115;S
20241106;100307;342.17;40;11386138660;S
20241106;100307;342.16;50;11386138661;S
20241106;100308;342.16;100;11386138914;S
20241106;100309;342.1;10;11386139747;S
20241106;100310;342.42;10;11386140138;B
20241106;100313;342.12;50;11386141228;S
20241106;100313;342.11;10;11386141229;S
20241106;100313;342.09;40;11386141230;S
20241106;100314;342.1;50;11386141815;S
20241106;100314;342.09;260;11386141816;S
20241106;100314;342.08;10;11386141817;S
20241106;100314;342.03;10;11386141818;S
20241106;100314;342.01;290;11386141819;S
20241106;100314;342;1380;11386141820;S
20241106;100317;342.26;30;11386143198;S
20241106;100317;342.26;50;11386143199;S
20241106;100318;342.26;100;11386143738;S
20241106;100321;342.38;350;11386145130;S
20241106;100321;342.06;30;11386145131;S
20241106;100321;342;120;11386145132;S
20241106;100321;342;430;11386145133;S
20241106;100321;342;100;11386145134;S
20241106;100321;342;10;11386145135;S
20241106;100321;342;10;11386145136;S
20241106;100321;341.91;360;11386145137;S
20241106;100321;341.81;340;11386145138;S
20241106;100321;341.8;100;11386145139;S
20241106;100321;341.78;150;11386145140;S
20241106;100322;342.37;480;11386145647;B
20241106;100322;342.38;30;11386145648;B
20241106;100322;342.4;120;11386145649;B
20241106;100322;342.4;20;11386145650;B
20241106;100322;342.42;90;11386145651;B
20241106;100322;342.43;360;11386145652;B
20241106;100322;342.49;400;11386145653;B
20241106;100323;342.5;10;11386146026;B
20241106;100323;342.5;50;11386146240;B
20241106;100323;342.53;20;11386146241;B
20241106;100323;342.56;360;11386146242;B
20241106;100323;342.68;330;11386146243;B
20241106;100323;342.69;370;11386146244;B
20241106;100323;342.77;20;11386146245;B
20241106;100323;342.77;30;11386146246;B
20241106;100323;342.78;500;11386146247;B
20241106;100323;342.83;10;11386146248;B
20241106;100323;342.83;10;11386146249;B
20241106;100323;342.84;8300;11386146250;B
20241106;100323;342.84;130;11386146296;B
20241106;100323;342.84;10;11386146297;B
20241106;100326;342.98;10;11386147543;B
20241106;100326;343.08;90;11386147544;B
20241106;100333;342.89;120;11386150141;S
20241106;100333;342.88;30;11386150142;S
20241106;100333;342.83;10;11386150143;S
20241106;100334;342.85;500;11386150627;S
20241106;100335;343.31;10;11386151076;B
20241106;100338;342.95;10;11386152591;S
20241106;100342;343.33;10;11386153872;B
20241106;100342;343.33;40;11386153873;B
20241106;100343;343.33;20;11386154157;B
20241106;100347;343;30;11386156727;S
20241106;100351;342.8;20;11386158323;S
20241106;100358;343.24;10;11386162430;B
20241106;100359;342.95;10;11386162712;S
20241106;100400;342.95;10;11386163262;S
20241106;100400;342.87;20;11386163263;S
20241106;100400;342.82;30;11386163264;S
20241106;100400;342.79;70;11386163265;S
20241106;100400;342.76;360;11386163266;S
20241106;100400;342.74;10;11386163267;S
20241106;100400;342.73;500;11386163268;S
20241106;100403;343.21;20;11386164940;B
20241106;100403;343.22;30;11386164941;B
20241106;100405;343.04;10;11386165776;S
20241106;100406;343;20;11386165895;S
20241106;100406;343;10;11386166106;S
20241106;100407;343.24;70;11386166791;B
20241106;100407;343.3;10;11386166792;B
20241106;100407;343.34;10;11386166793;B
20241106;100407;343.36;10;11386166794;B
20241106;100407;343.4;170;11386166795;B
20241106;100407;343.36;70;11386166796;S
20241106;100407;343.36;460;11386166797;S
20241106;100409;343.36;300;11386167646;S
20241106;100412;343.37;40;11386168859;S
20241106;100412;343.36;360;11386168860;S
20241106;100412;343.43;50;11386168950;B
20241106;100412;343.43;30;11386168951;B
20241106;100412;343.43;20;11386168952;B
20241106;100412;343.44;10;11386168953;B
20241106;100412;343.44;20;11386168954;B
20241106;100412;343.44;120;11386168955;B
20241106;100412;343.44;880;11386168957;B
20241106;100412;343.45;10;11386168958;B
20241106;100412;343.5;120;11386168960;B
20241106;100413;343.54;30;11386169238;B
20241106;100413;343.55;500;11386169239;B
20241106;100413;343.84;10;11386169412;B
20241106;100414;343.84;80;11386169476;B
20241106;100414;343.68;10;11386169509;S
20241106;100415;343.84;410;11386169870;B
20241106;100415;343.84;10;11386169871;B
20241106;100415;343.84;110;11386169872;B
20241106;100415;343.85;2140;11386169873;B
20241106;100415;343.85;60;11386169874;B
20241106;100415;343.85;5170;11386169876;B
20241106;100415;343.99;10;11386169879;B
20241106;100415;344;10;11386169880;B
20241106;100415;344;40;11386169881;B
20241106;100415;344;60;11386169891;B
20241106;100415;344;60;11386169955;B
20241106;100415;344;60;11386169978;B
20241106;100415;344;60;11386170089;B
20241106;100415;344;60;11386170109;B
20241106;100415;344;60;11386170217;B
20241106;100415;344;60;11386170222;B
20241106;100415;344;60;11386170225;B
20241106;100415;344;60;11386170286;B
20241106;100415;344;60;11386170294;B
20241106;100415;344;60;11386170318;B
20241106;100416;344;60;11386170590;B
20241106;100416;344;60;11386170603;B
20241106;100416;343.9;60;11386170659;B
20241106;100417;343.9;20;11386170906;B
20241106;100417;343.84;100;11386171021;S
20241106;100417;343.83;20;11386171022;S
20241106;100417;343.83;80;11386171023;S
20241106;100420;343.99;100;11386172468;B
20241106;100420;343.99;140;11386172626;B
20241106;100420;344;40;11386172654;B
20241106;100420;344;140;11386173086;B
20241106;100421;344.2;60;11386173364;B
20241106;100421;344.2;40;11386173367;B
20241106;100421;344.48;30;11386173768;B
20241106;100421;344.48;10;11386173774;B
20241106;100421;344.5;10;11386173775;B
20241106;100421;344.5;10;11386173776;B
20241106;100421;344.6;40;11386173825;B
20241106;100421;344.6;10;11386173826;B
20241106;100421;344.71;100;11386173857;B
20241106;100421;344.76;360;11386173858;B
20241106;100421;344.71;80;11386173927;S
20241106;100421;344.7;60;11386173928;S
20241106;100421;344.7;500;11386173990;S
20241106;100421;344.7;310;11386173991;S
20241106;100421;344.54;50;11386174052;S
20241106;100421;344.38;200;11386174079;S
20241106;100422;344.64;20;11386174244;B
20241106;100422;344.64;30;11386174373;B
20241106;100422;344.72;50;11386174374;B
20241106;100422;344.32;100;11386174548;S
20241106;100422;344.42;30;11386174575;B
20241106;100423;344.51;30;11386174924;B
20241106;100423;344.59;60;11386174925;B
20241106;100424;344.59;10;11386175680;S
20241106;100425;344.23;20;11386176123;S
20241106;100426;344.59;20;11386176508;B
20241106;100426;344.23;10;11386176540;S
20241106;100426;344.15;20;11386176541;S
20241106;100426;344.15;20;11386176542;S
20241106;100426;344.14;100;11386176543;S
20241106;100426;343.93;250;11386176544;S
20241106;100426;344.43;30;11386176737;B
20241106;100426;344.43;20;11386176738;B
20241106;100427;344.5;20;11386177173;B
20241106;100428;344.49;30;11386177431;B
20241106;100428;344.49;20;11386177684;B
20241106;100428;344.49;30;11386177822;B
20241106;100431;344.54;10;11386179334;B
20241106;100431;344.53;10;11386179435;B
20241106;100432;344.53;10;11386179619;B
20241106;100432;344.54;10;11386179622;B
20241106;100432;344.54;50;11386179989;B
20241106;100432;344.55;360;11386179990;B
20241106;100432;344.6;20;11386179991;B
20241106;100432;344.7;70;11386179992;B
20241106;100433;344.69;10;11386180146;B
20241106;100436;344.61;100;11386181470;B
20241106;100436;344.67;150;11386181537;B
20241106;100437;344.59;10;11386181651;S
20241106;100440;344.54;30;11386183115;B
20241106;100440;344.55;120;11386183116;B
20241106;100442;344.55;40;11386183646;B
20241106;100442;344.55;10;11386183718;B
20241106;100443;344.54;10;11386184049;B
20241106;100443;344.61;30;11386184050;S
20241106;100443;344.22;10;11386184201;S
20241106;100443;344.72;20;11386184289;B
20241106;100445;344.59;20;11386185393;B
20241106;100446;344.59;30;11386185415;B
20241106;100446;344.59;10;11386185432;B
20241106;100446;344.6;20;11386185433;B
20241106;100446;344.23;10;11386185527;S
20241106;100447;344.23;10;11386185739;S
20241106;100447;344.22;20;11386185740;S
20241106;100450;344.03;20;11386186996;S
20241106;100450;344.48;20;11386187112;B
20241106;100450;344.49;30;11386187113;B
20241106;100451;344.49;40;11386187373;B
20241106;100451;344.49;10;11386187645;B
20241106;100452;344.49;50;11386188146;B
20241106;100452;344.49;20;11386188312;B
20241106;100452;344.6;40;11386188313;B
20241106;100452;344.6;60;11386188421;B
20241106;100453;344.59;10;11386188762;B
20241106;100453;344.6;10;11386188772;B
20241106;100453;344.6;50;11386188897;B
20241106;100454;344.6;50;11386189217;B
20241106;100454;344;10;11386189405;S
20241106;100454;344;90;11386189406;S
20241106;100456;344.59;10;11386190131;B
20241106;100456;344.59;60;11386190132;B
20241106;100456;344.6;150;11386190393;B
20241106;100456;344.6;50;11386190394;B
20241106;100456;344.6;200;11386190395;B
20241106;100457;344.6;20;11386190482;B
20241106;100457;344.6;40;11386190675;B
20241106;100459;344.6;20;11386191973;B
20241106;100500;344.52;20;11386192178;B
20241106;100500;344.6;290;11386192179;B
20241106;100500;344.87;30;11386192180;B
20241106;100500;344.88;1000;11386192181;B
20241106;100500;344.89;2160;11386192182;B
20241106;100500;344.88;100;11386192493;B
20241106;100500;344.88;20;11386192554;B
20241106;100501;344.88;150;11386192625;S
20241106;100501;344.87;30;11386192797;S
20241106;100502;344.77;70;11386193442;S
20241106;100502;344.49;50;11386193443;S
20241106;100502;344.6;70;11386193635;B
20241106;100502;344.7;30;11386193768;B
20241106;100502;344.76;10;11386193771;B
20241106;100503;344.72;30;11386193994;B
20241106;100503;344.77;60;11386193996;B
20241106;100503;344.75;20;11386194031;B
20241106;100503;344.75;10;11386194083;B
20241106;100503;344.77;70;11386194084;B
20241106;100503;344.77;20;11386194287;B
20241106;100503;344.72;30;11386194622;B
20241106;100503;344.77;280;11386194623;B
20241106;100503;344.77;50;11386194624;B
20241106;100503;344.77;330;11386194625;B
20241106;100503;344.78;40;11386194626;B
20241106;100503;344.89;2620;11386194627;B
20241106;100503;344.89;70;11386194675;S
20241106;100504;344.98;60;11386194835;B
20241106;100505;344.89;1150;11386195418;S
20241106;100505;344.9;60;11386195617;B
20241106;100505;344.9;10;11386195618;B
20241106;100505;344.76;20;11386195737;S
20241106;100505;344.76;70;11386195738;S
20241106;100505;344.56;10;11386195739;S
20241106;100505;344.89;30;11386195773;B
20241106;100505;344.9;30;11386195774;B
20241106;100505;344.38;20;11386195872;B
20241106;100506;344.23;60;11386196295;B
20241106;100507;344.83;30;11386196446;B
20241106;100507;344.9;80;11386196447;B
20241106;100507;344.66;10;11386196868;S
20241106;100508;344.86;10;11386196895;B
20241106;100510;344.72;10;11386198033;B
20241106;100512;344.79;40;11386198911;B
20241106;100512;344.79;40;11386198912;S
20241106;100513;344.8;80;11386199338;B
20241106;100513;344.69;50;11386199674;S
20241106;100513;344.79;30;11386199719;B
20241106;100513;344.85;60;11386199720;B
20241106;100513;344.86;40;11386199721;B
20241106;100513;344.87;40;11386199722;B
20241106;100513;344.9;1820;11386199723;B
20241106;100513;344.99;10;11386199724;B
20241106;100513;344.99;50;11386199725;B
20241106;100514;344.78;10;11386199801;S
20241106;100516;344.93;10;11386200706;B
20241106;100516;344.94;10;11386200708;B
20241106;100520;344.79;10;11386202424;B
20241106;100520;344.8;10;11386202425;B
20241106;100522;344.65;30;11386203381;S
20241106;100522;344.64;70;11386203382;S
20241106;100523;344.6;30;11386203903;S
20241106;100524;344.6;30;11386204233;S
20241106;100524;344.39;120;11386204234;S
20241106;100524;344.48;30;11386204369;B
20241106;100524;344.66;20;11386204415;B
20241106;100524;344.68;30;11386204416;B
20241106;100524;344.8;70;11386204417;B
20241106;100524;344.83;30;11386204418;B
20241106;100524;344.98;120;11386204419;B
20241106;100524;344.99;20;11386204420;B
20241106;100524;344.99;10;11386204421;B
20241106;100524;344.99;10;11386204422;B
20241106;100524;345;10;11386204423;B
20241106;100524;345;10;11386204424;B
20241106;100524;345;500;11386204425;B
20241106;100524;345;300;11386204426;B
20241106;100524;345;200;11386204427;B
20241106;100524;345;10;11386204428;B
20241106;100524;345;100;11386204429;B
20241106;100524;345;50;11386204430;B
20241106;100524;345;200;11386204431;B
20241106;100524;345;1000;11386204432;B
20241106;100524;345;10;11386204433;B
20241106;100524;345.1;1000;11386204434;B
20241106;100524;345.23;1000;11386204435;B
20241106;100524;345.31;1000;11386204436;B
20241106;100524;345.36;10;11386204437;B
20241106;100524;345.44;20;11386204438;B
20241106;100524;345.45;30;11386204439;B
20241106;100524;345.45;100;11386204440;B
20241106;100524;345.5;10;11386204441;B
20241106;100524;345.64;2000;11386204442;B
20241106;100524;345.75;530;11386204443;B
20241106;100524;345.8;20;11386204444;B
20241106;100524;345.81;50;11386204445;B
20241106;100524;345.83;10;11386204446;B
20241106;100524;345.88;10;11386204447;B
20241106;100524;345.98;200;11386204448;B
20241106;100524;345.98;10;11386204449;B
20241106;100524;346;10;11386204450;B
20241106;100524;346;90;11386204451;B
20241106;100524;344.94;10;11386204455;B
20241106;100524;345.86;50;11386204457;B
20241106;100524;345.79;30;11386204484;S
20241106;100524;345.77;90;11386204485;S
20241106;100524;345.77;30;11386204486;S
20241106;100524;345.52;10;11386204487;S
20241106;100524;345.4;100;11386204488;B
20241106;100524;345.41;30;11386204489;B
20241106;100524;345.81;170;11386204490;B
20241106;100524;345.44;40;11386204492;S
20241106;100524;345.39;50;11386204524;S
20241106;100524;344.67;20;11386204525;S
20241106;100524;345.49;100;11386204526;B
20241106;100524;345.49;10;11386204527;B
20241106;100524;345.81;80;11386204528;B
20241106;100524;345.86;10;11386204529;B
20241106;100524;345.98;10;11386204530;B
20241106;100524;346;40;11386204531;B
20241106;100524;346;10;11386204532;B
20241106;100524;346.2;10;11386204533;B
20241106;100524;346.22;10;11386204534;B
20241106;100524;346.27;20;11386204535;B
20241106;100524;346.21;30;11386204571;S
20241106;100524;346.19;70;11386204572;S
20241106;100524;346.21;30;11386204575;S
20241106;100524;345.93;10;11386204576;S
20241106;100524;345.49;100;11386204577;S
20241106;100524;345.63;60;11386204579;B
20241106;100525;346.05;30;11386204607;S
20241106;100525;346.31;10;11386204625;B
20241106;100525;346.32;10;11386204626;B
20241106;100525;346.35;60;11386204627;B
20241106;100525;346.35;80;11386204636;B
20241106;100525;346.25;10;11386204637;S
20241106;100525;346.35;100;11386204654;B
20241106;100525;346.25;20;11386204742;S
20241106;100525;346.22;80;11386204743;S
20241106;100525;346.35;20;11386204776;B
20241106;100525;346.35;10;11386204777;B
20241106;100525;346.35;10;11386204894;S
20241106;100525;346.35;20;11386204935;S
20241106;100525;346.26;10;11386204936;S
20241106;100525;346.49;100;11386204938;B
20241106;100525;346.87;10;11386204939;B
20241106;100525;346.95;50;11386204940;B
20241106;100525;346.98;10;11386204941;B
20241106;100525;346.99;10;11386204942;B
20241106;100525;346.99;70;11386204943;B
20241106;100525;346.83;10;11386204945;S
20241106;100525;346.8;30;11386204994;S
20241106;100525;346.75;70;11386204995;S
20241106;100525;346.75;50;11386205001;S
20241106;100525;346.75;30;11386205002;S
20241106;100525;346.64;40;11386205003;S
20241106;100525;346.37;20;11386205049;S
20241106;100525;346.37;10;11386205054;S
20241106;100525;346.35;10;11386205075;B
20241106;100526;346.27;30;11386205240;S
20241106;100526;346.22;90;11386205241;S
20241106;100526;346.1;10;11386205554;S
20241106;100526;346.45;10;11386205583;B
20241106;100526;346.45;10;11386205584;B
20241106;100526;346.46;260;11386205585;B
20241106;100526;346.46;20;11386205586;B
20241106;100527;346.47;200;11386205787;B
20241106;100527;346.31;20;11386206180;S
20241106;100527;346.46;120;11386206314;B
20241106;100527;346.47;180;11386206315;B
20241106;100528;346.41;10;11386206536;B
20241106;100529;346.01;20;11386207013;S
20241106;100530;346.46;40;11386207961;B
20241106;100530;346.47;20;11386207963;B
20241106;100530;346.47;60;11386207986;B
20241106;100530;346.47;60;11386208017;B
20241106;100530;346.47;60;11386208033;B
20241106;100530;346.47;60;11386208040;B
20241106;100530;346.47;60;11386208041;B
20241106;100530;346.47;60;11386208044;B
20241106;100530;346.47;60;11386208046;B
20241106;100530;346.47;60;11386208075;B
20241106;100530;346.47;60;11386208084;B
20241106;100531;346.47;60;11386208147;B
20241106;100532;346.47;150;11386208916;B
20241106;100532;346.47;120;11386209037;B
20241106;100534;346.47;200;11386210054;B
20241106;100534;346.47;20;11386210055;B
20241106;100535;346.32;10;11386210263;S
20241106;100540;346.33;50;11386212861;S
20241106;100541;346.47;10;11386213543;B
20241106;100541;346.47;30;11386213544;B
20241106;100541;346.47;20;11386213723;B
20241106;100542;346.41;30;11386213753;S
20241106;100542;346.4;70;11386213754;S
20241106;100542;346.47;50;11386213774;B
20241106;100542;346.47;20;11386213775;B
20241106;100542;346.54;30;11386213776;B
20241106;100542;346.44;30;11386214031;S
20241106;100542;346.42;970;11386214032;S
20241106;100544;346.43;10;11386214770;S
20241106;100544;346.5;30;11386214945;B
20241106;100545;346.5;30;11386215087;B
20241106;100545;346.5;40;11386215179;B
20241106;100545;346.43;70;11386215374;S
20241106;100545;346.34;70;11386215375;S
20241106;100545;346.33;30;11386215376;S
20241106;100545;346.32;40;11386215377;S
20241106;100545;346.32;790;11386215378;S
20241106;100546;346.32;210;11386215877;S
20241106;100546;346.07;480;11386215878;S
20241106;100546;346.06;90;11386215879;S
20241106;100546;346.06;220;11386215880;S
20241106;100547;346.2;30;11386216247;B
20241106;100547;346.32;30;11386216372;B
20241106;100547;346.35;30;11386216373;B
20241106;100547;346.37;30;11386216374;B
20241106;100547;346.47;300;11386216375;B
20241106;100547;346.47;480;11386216376;B
20241106;100547;346.48;120;11386216377;B
20241106;100547;346.49;160;11386216378;B
20241106;100547;346.5;200;11386216379;B
20241106;100547;346.54;20;11386216380;B
20241106;100547;346.6;20;11386216381;B
20241106;100547;346.74;280;11386216382;B
20241106;100547;346.97;300;11386216383;B
20241106;100547;346.98;1000;11386216384;B
20241106;100547;347;30;11386216385;B
20241106;100547;346.76;30;11386216433;S
20241106;100547;346.69;40;11386216434;S
20241106;100548;346.68;10;11386216502;S
20241106;100548;346.68;20;11386216592;S
20241106;100548;346.58;120;11386216593;S
20241106;100548;346.4;480;11386216594;S
20241106;100548;346.39;380;11386216595;S
20241106;100548;346.32;20;11386216604;B
20241106;100550;346.22;20;11386217565;S
20241106;100550;346.21;30;11386217566;S
20241106;100550;346.14;100;11386217567;S
20241106;100550;346.11;850;11386217568;S
20241106;100551;346.76;10;11386217684;B
20241106;100551;346.83;300;11386217685;B
20241106;100551;346.84;30;11386217686;B
20241106;100551;346.89;480;11386217687;B
20241106;100551;346.89;300;11386217688;B
20241106;100551;346.9;20;11386217689;B
20241106;100551;346.9;120;11386217690;B
20241106;100551;346.91;240;11386217691;B
20241106;100551;346.99;20;11386217929;B
20241106;100552;346.99;20;11386218270;B
20241106;100552;346.62;30;11386218471;S
20241106;100552;346.43;480;11386218472;S
20241106;100552;346.42;120;11386218473;S
20241106;100552;346.42;370;11386218474;S
20241106;100553;346.97;100;11386218805;B
20241106;100554;346.49;30;11386219189;S
20241106;100554;346.35;100;11386219190;S
20241106;100554;346.34;50;11386219191;S
20241106;100554;346.32;820;11386219192;S
20241106;100554;346.33;10;11386219215;S
20241106;100555;346.72;10;11386219861;B
20241106;100556;346.42;10;11386220163;S
20241106;100556;346.41;90;11386220164;S
20241106;100556;346.06;900;11386220165;S
20241106;100556;346.57;80;11386220168;B
20241106;100556;346.71;40;11386220381;B
20241106;100556;346.59;90;11386220411;S
20241106;100557;346.35;10;11386220559;B
20241106;100557;346.7;90;11386220686;S
20241106;100558;346.81;60;11386221300;B
20241106;100559;346.4;10;11386221437;B
20241106;100559;346.69;50;11386221438;B
20241106;100559;346.16;210;11386221818;S
20241106;100559;346.01;10;11386221819;S
20241106;100559;345.99;20;11386221820;S
20241106;100559;345.91;30;11386221821;S
20241106;100559;345.91;100;11386221822;S
20241106;100559;345.78;60;11386221823;S
20241106;100559;345.78;300;11386221824;S
20241106;100559;345.78;270;11386221825;S
20241106;100600;346.85;480;11386222105;B
20241106;100600;346.85;300;11386222106;B
20241106;100600;346.86;500;11386222107;B
20241106;100600;346.91;2000;11386222108;B
20241106;100600;346.95;100;11386222109;B
20241106;100600;347;10;11386222110;B
20241106;100600;347;90;11386222111;B
20241106;100600;347;20;11386222112;B
20241106;100600;347;170;11386222113;B
20241106;100600;347;10;11386222114;B
20241106;100600;347;10;11386222115;B
20241106;100600;347;20;11386222116;B
20241106;100600;347;1000;11386222117;B
20241106;100600;347;290;11386222118;S
20241106;100600;347.01;30;11386222126;S
20241106;100600;347;90;11386222127;S
20241106;100600;347.07;20;11386222128;S
20241106;100600;347.07;10;11386222129;S
20241106;100600;347;10;11386222130;S
20241106;100600;347.07;30;11386222131;S
20241106;100600;347;670;11386222132;S
20241106;100601;347;10;11386222406;S
20241106;100601;347.28;30;11386222701;B
20241106;100601;347.29;80;11386222702;B
20241106;100601;347.01;10;11386222843;S
20241106;100602;347.01;110;11386222884;S
20241106;100602;347;890;11386222885;S
20241106;100603;347.35;10;11386223345;B
20241106;100603;347.39;40;11386223346;B
20241106;100603;347.39;10;11386223347;B
20241106;100603;347.4;350;11386223661;B
20241106;100603;347.49;30;11386223861;B
20241106;100603;347.49;70;11386223870;B
20241106;100603;347.75;90;11386223953;S
20241106;100603;347.8;10;11386224069;B
20241106;100603;347.87;10;11386224070;B
20241106;100603;347.9;10;11386224071;B
20241106;100603;347.91;70;11386224072;S
20241106;100604;347.65;1000;11386224193;S
20241106;100604;347.62;50;11386224194;S
20241106;100604;347.14;50;11386224262;S
20241106;100604;347.24;60;11386224371;B
20241106;100604;347.3;20;11386224372;B
20241106;100604;347.52;20;11386224373;B
20241106;100604;347.5;90;11386224555;S
20241106;100604;347.47;100;11386224556;S
20241106;100605;347.31;10;11386224843;B
20241106;100605;347.5;100;11386224844;B
20241106;100605;347.5;80;11386224888;B
20241106;100605;347.5;100;11386225067;B
20241106;100605;347.5;20;11386225168;B
20241106;100606;347.91;20;11386225650;B
20241106;100606;347.92;170;11386225651;B
20241106;100606;347.48;20;11386226058;S
20241106;100606;347.47;90;11386226059;S
20241106;100606;347.39;100;11386226060;S
20241106;100606;347.23;50;11386226061;S
20241106;100606;347.21;10;11386226062;S
20241106;100606;347.13;480;11386226063;S
20241106;100606;347.12;20;11386226064;S
20241106;100606;347.12;230;11386226065;S
20241106;100608;347.52;10;11386226649;B
20241106;100608;347.58;50;11386226858;B
20241106;100610;347.42;10;11386227578;S
20241106;100611;347.42;190;11386227886;S
20241106;100611;347.42;90;11386227887;S
20241106;100614;347.46;10;11386229529;B
20241106;100616;347.01;70;11386230202;S
20241106;100618;347.27;90;11386231202;B
20241106;100618;347.27;30;11386231214;B
20241106;100618;347.3;170;11386231215;S
20241106;100618;347.3;90;11386231216;S
20241106;100618;347.51;30;11386231275;B
20241106;100618;347.53;20;11386231276;B
20241106;100618;347.65;10;11386231277;B
20241106;100618;347.65;60;11386231348;B
20241106;100618;347.63;20;11386231508;B
20241106;100619;346.89;10;11386231755;S
20241106;100619;347.03;60;11386232008;B
20241106;100620;346.63;10;11386232452;S
20241106;100620;347.02;100;11386232492;B
20241106;100621;346.71;10;11386232912;S
20241106;100621;346.68;50;11386232932;S
20241106;100622;346.72;90;11386233431;S
20241106;100622;346.71;120;11386233432;S
20241106;100622;346.67;190;11386233433;S
20241106;100623;346.69;150;11386233920;B
20241106;100625;346.69;200;11386234436;B
20241106;100625;347;10;11386234588;B
20241106;100626;347;30;11386234979;B
20241106;100626;347.03;30;11386234985;B
20241106;100627;347;10;11386235395;B
20241106;100627;347.03;40;11386235396;B
20241106;100627;347.03;100;11386235598;B
20241106;100628;347.03;10;11386235940;B
20241106;100628;347.09;10;11386236070;B
20241106;100628;347.58;30;11386236194;B
20241106;100631;347.65;20;11386237277;B
20241106;100631;347.78;10;11386237278;B
20241106;100631;347.78;20;11386237280;B
20241106;100632;347.74;10;11386237748;B
20241106;100633;347.62;50;11386238084;B
20241106;100633;347.62;60;11386238217;B
20241106;100634;347.14;30;11386238464;S
20241106;100634;347.56;10;11386238697;B
20241106;100634;347.4;40;11386238828;B
20241106;100634;346.89;60;11386238894;S
20241106;100637;347.4;20;11386240107;B
20241106;100638;347.4;20;11386240177;B
20241106;100638;347.4;10;11386240178;B
20241106;100638;347.44;290;11386240179;B
20241106;100638;347.44;300;11386240180;B
20241106;100638;347.44;300;11386240181;B
20241106;100638;347.45;80;11386240182;B
20241106;100638;347.45;10;11386240252;B
20241106;100640;347.19;30;11386241289;S
20241106;100640;347.14;90;11386241291;S
20241106;100640;347.17;50;11386241534;B
20241106;100641;347.17;50;11386241630;B
20241106;100641;347.17;50;11386241764;B
20241106;100641;347.01;10;11386241866;S
20241106;100641;347.01;40;11386241867;S
20241106;100641;346.91;10;11386241913;S
20241106;100641;346.89;100;11386241914;S
20241106;100641;346.86;30;11386241915;S
20241106;100641;346.73;90;11386241916;S
20241106;100641;346.68;30;11386241917;S
20241106;100641;347.16;60;11386242008;B
20241106;100641;347.09;90;11386242032;S
20241106;100643;346.68;10;11386242469;S
20241106;100643;346.95;70;11386242489;B
20241106;100643;347.07;30;11386242490;B
20241106;100643;346.94;90;11386242503;S
20241106;100644;346.85;10;11386243084;B
20241106;100644;346.89;10;11386243421;S
20241106;100645;346.9;40;11386243554;B
20241106;100647;347.15;10;11386244507;B
20241106;100647;347.16;10;11386244508;B
20241106;100647;347.13;10;11386244718;B
20241106;100648;347;500;11386245033;S
20241106;100648;346.74;30;11386245034;S
20241106;100648;346.68;300;11386245035;S
20241106;100648;346.68;300;11386245036;S
20241106;100648;346.68;120;11386245037;S
20241106;100651;346.7;10;11386246098;S
20241106;100651;346.69;10;11386246099;S
20241106;100651;346.67;480;11386246100;S
20241106;100652;346.67;10;11386246221;S
20241106;100652;346.89;10;11386246339;S
20241106;100656;346.67;320;11386247629;S
20241106;100656;346.19;360;11386247630;S
20241106;100656;346.18;90;11386247631;S
20241106;100656;346.18;170;11386247632;S
20241106;100656;346.12;60;11386247633;S
20241106;100657;346.82;10;11386248030;B
20241106;100659;346.18;10;11386248728;S
20241106;100659;346.17;30;11386248729;S
20241106;100659;346;10;11386248730;S
20241106;100659;346;10;11386248731;S
20241106;100659;345.97;480;11386248732;S
20241106;100659;345.96;160;11386248733;S
20241106;100659;345.95;100;11386248734;S
20241106;100659;345.9;10;11386248735;S
20241106;100659;345.75;20;11386248736;S
20241106;100659;345.71;170;11386248737;S
20241106;100700;345.7;50;11386249270;S
20241106;100703;345.7;100;11386250091;S
20241106;100704;346.05;50;11386250659;B
20241106;100704;346.05;50;11386250758;B
20241106;100704;346.05;10;11386250842;B
20241106;100704;346.03;90;11386250874;S
20241106;100704;346;150;11386250948;S
20241106;100704;345.75;30;11386250951;S
20241106;100704;345.71;10;11386250952;S
20241106;100704;345.7;30;11386250953;S
20241106;100705;346.04;30;11386251160;B
20241106;100708;345.7;500;11386252041;S
20241106;100708;345.97;10;11386252208;B
20241106;100708;345.99;20;11386252209;B
20241106;100708;345.71;20;11386252256;S
20241106;100708;345.7;990;11386252257;S
20241106;100708;345.7;1830;11386252347;S
20241106;100708;345.51;100;11386252349;S
20241106;100708;345.51;100;11386252350;S
20241106;100708;345.51;800;11386252351;S
20241106;100708;345.5;40;11386252352;S
20241106;100708;345.32;20;11386252360;S
20241106;100708;345.21;30;11386252361;S
20241106;100708;345.18;500;11386252362;S
20241106;100708;345.04;450;11386252363;S
20241106;100708;345.04;80;11386252366;S
20241106;100708;345.03;50;11386252368;S
20241106;100708;345.01;10;11386252369;S
20241106;100708;344.78;20;11386252411;B
20241106;100708;345.48;30;11386252421;B
20241106;100709;345.13;20;11386252496;S
20241106;100709;345.13;20;11386252497;S
20241106;100709;345.13;20;11386252498;S
20241106;100709;344.64;100;11386252500;B
20241106;100709;344.22;50;11386252785;S
20241106;100709;344.19;30;11386252786;S
20241106;100709;344.11;30;11386252787;S
20241106;100709;344.1;190;11386252788;S
20241106;100710;344.44;10;11386253005;B
20241106;100710;344.22;50;11386253233;S
20241106;100710;344.66;30;11386253267;B
20241106;100710;344.89;470;11386253268;B
20241106;100710;344.34;100;11386253297;B
20241106;100711;344.29;30;11386253387;S
20241106;100711;344.11;10;11386253388;S
20241106;100711;344.1;100;11386253478;S
20241106;100712;344.23;10;11386254231;B
20241106;100712;344.72;10;11386254242;B
20241106;100715;344.28;90;11386255621;S
20241106;100716;344.28;10;11386255895;S
20241106;100716;344.01;40;11386255896;S
20241106;100721;344.43;20;11386258075;B
20241106;100726;344.28;20;11386259501;S
20241106;100726;344.21;10;11386259502;S
20241106;100726;344.2;10;11386259503;S
20241106;100726;344.2;160;11386259504;S
20241106;100726;344.19;10;11386259505;S
20241106;100726;344.05;30;11386259506;S
20241106;100726;344.01;420;11386259507;S
20241106;100726;344.01;300;11386259508;S
20241106;100726;344;40;11386259509;S
20241106;100729;344.27;70;11386260733;B
20241106;100736;344.01;50;11386263472;S
20241106;100738;344.01;20;11386264072;S
20241106;100738;344.01;20;11386264241;S
20241106;100739;344;10;11386264333;S
20241106;100739;344.4;100;11386264411;B
20241106;100739;344.42;20;11386264412;B
20241106;100739;344.43;20;11386264413;B
20241106;100739;344.43;10;11386264414;B
20241106;100740;344.03;300;11386264800;S
20241106;100740;344.02;10;11386264801;S
20241106;100741;344.49;10;11386265243;B
20241106;100741;344.7;20;11386265244;B
20241106;100741;344.71;100;11386265245;B
20241106;100741;344.72;10;11386265246;B
20241106;100741;344.78;120;11386265247;B
20241106;100741;344.79;30;11386265248;B
20241106;100741;344.88;30;11386265249;B
20241106;100741;345;380;11386265250;S
20241106;100743;345;80;11386265903;S
20241106;100743;345.17;10;11386266137;B
20241106;100743;345.42;10;11386266138;B
20241106;100746;345.01;10;11386266970;S
20241106;100746;345;90;11386266971;S
20241106;100748;345.49;10;11386267697;B
20241106;100750;345.01;50;11386268593;S
20241106;100759;345.01;20;11386272296;B
20241106;100759;345;200;11386272388;S
20241106;100800;345;10;11386272522;S
20241106;100802;345;10;11386273716;S
20241106;100802;345;30;11386273717;S
20241106;100805;344.95;10;11386274970;B
20241106;100805;344.96;50;11386274971;B
20241106;100805;345.14;50;11386275232;B
20241106;100806;344.58;20;11386275328;S
20241106;100806;344.53;10;11386275591;S
20241106;100808;344.53;50;11386275885;S
20241106;100812;345.01;50;11386277258;B
20241106;100814;345.01;10;11386278110;B
20241106;100815;344.96;20;11386278518;B
20241106;100816;344.92;40;11386278711;B
20241106;100818;344.92;60;11386279437;B
20241106;100818;344.91;80;11386279824;B
20241106;100819;344.89;10;11386279966;B
20241106;100820;344.91;430;11386280221;B
20241106;100820;344.91;300;11386280222;B
20241106;100820;344.92;300;11386280223;B
20241106;100820;344.92;50;11386280224;B
20241106;100820;344.93;90;11386280225;B
20241106;100820;344.98;160;11386280226;B
20241106;100820;345.01;10;11386280227;B
20241106;100820;345.02;1700;11386280228;B
20241106;100820;345.03;500;11386280229;B
20241106;100820;345.04;10;11386280230;B
20241106;100820;345.17;20;11386280231;B
20241106;100821;345.16;20;11386280747;S
20241106;100821;345.15;30;11386280748;S
20241106;100821;345.15;20;11386280749;S
20241106;100821;345.05;120;11386280750;S
20241106;100821;345.04;80;11386280751;S
20241106;100823;345.41;10;11386281290;B
20241106;100823;345.42;10;11386281291;B
20241106;100823;345.42;20;11386281451;B
20241106;100823;345.42;70;11386281452;B
20241106;100824;345.42;90;11386281635;B
20241106;100824;345.44;10;11386281636;B
20241106;100824;345.5;10;11386281637;B
20241106;100824;345.59;40;11386281638;B
20241106;100826;345.59;90;11386282383;B
20241106;100826;345.6;10;11386282384;B
20241106;100828;345.55;60;11386283323;B
20241106;100828;345.89;40;11386283450;B
20241106;100828;345.89;10;11386283530;B
20241106;100829;345.52;90;11386283663;B
20241106;100831;345.43;90;11386284265;B
20241106;100831;345.79;300;11386284266;B
20241106;100831;345.79;300;11386284267;B
20241106;100831;345.8;300;11386284268;B
20241106;100831;345.8;120;11386284269;B
20241106;100831;345.9;180;11386284270;B
20241106;100831;345.96;480;11386284271;B
20241106;100831;345.97;20;11386284272;B
20241106;100831;345.97;400;11386284273;B
20241106;100831;346;30;11386284274;B
20241106;100831;346;750;11386284275;B
20241106;100831;346.08;20;11386284276;B
20241106;100831;346.15;30;11386284277;B
20241106;100831;346.19;1000;11386284278;B
20241106;100831;346.2;210;11386284279;S
20241106;100831;346.2;50;11386284280;S
20241106;100831;346.26;30;11386284281;B
20241106;100831;346.26;10;11386284282;B
20241106;100831;346.48;20;11386284283;B
20241106;100831;346.48;90;11386284284;S
20241106;100831;346.48;20;11386284353;B
20241106;100831;346.5;10;11386284354;B
20241106;100831;346.53;60;11386284355;B
20241106;100831;346.59;10;11386284356;B
20241106;100831;346.73;100;11386284357;B
20241106;100832;346.54;10;11386284597;S
20241106;100835;346.7;30;11386285535;S
20241106;100836;346.61;60;11386285786;S
20241106;100836;346.6;40;11386285787;S
20241106;100837;346.44;40;11386286210;B
20241106;100838;346.5;10;11386286520;B
20241106;100838;346.56;10;11386286521;B
20241106;100838;346.72;40;11386286524;B
20241106;100838;346.72;60;11386286864;B
20241106;100841;346.68;30;11386287766;B
20241106;100841;346.7;10;11386287767;B
20241106;100841;346.72;180;11386287768;B
20241106;100842;346.72;100;11386287994;B
20241106;100842;346.72;10;11386288194;B
20241106;100842;346.72;190;11386288208;B
20241106;100842;346.73;90;11386288209;B
20241106;100842;346.75;220;11386288212;B
20241106;100842;346.72;300;11386288215;B
20241106;100842;346.75;280;11386288216;B
20241106;100844;346.89;50;11386288826;B
20241106;100845;346.9;10;11386289326;B
20241106;100845;346.88;10;11386289415;S
20241106;100845;346.74;30;11386289416;S
20241106;100845;346.72;60;11386289603;B
20241106;100846;346.85;20;11386289939;B
20241106;100847;346.85;40;11386290098;B
20241106;100849;346.7;300;11386290705;B
20241106;100849;346.7;200;11386290706;B
20241106;100849;346.5;450;11386290975;S
20241106;100850;346.2;720;11386291333;S
20241106;100850;346.21;20;11386291336;B
20241106;100851;346.35;20;11386291792;B
20241106;100852;346.56;90;11386292050;B
20241106;100852;346.69;10;11386292051;B
20241106;100852;346.69;130;11386292089;B
20241106;100852;346.56;20;11386292171;S
20241106;100853;346.69;70;11386292516;B
20241106;100855;346.44;90;11386292883;S
20241106;100855;346.31;480;11386292884;S
20241106;100855;346.3;430;11386292885;S
20241106;100856;346.65;10;11386293209;S
20241106;100857;346.58;20;11386293574;S
20241106;100857;346.55;80;11386293575;S
20241106;100857;346.66;40;11386293648;B
20241106;100904;346.47;20;11386295876;B
20241106;100904;346.3;70;11386295908;S
20241106;100904;346.3;10;11386295909;S
20241106;100904;346.27;30;11386295910;S
20241106;100904;346.25;30;11386295911;S
20241106;100904;346.21;40;11386295912;S
20241106;100904;346.2;820;11386295913;S
20241106;100907;346.34;20;11386296621;B
20241106;100907;346.34;80;11386296623;S
20241106;100907;346.35;30;11386296863;B
20241106;100908;346.33;30;11386297156;S
20241106;100908;346.27;20;11386297157;S
20241106;100908;346.25;20;11386297158;S
20241106;100908;346.2;930;11386297159;S
20241106;100909;346.3;10;11386297335;B
20241106;100909;346.3;20;11386297439;B
20241106;100909;346.32;20;11386297440;B
20241106;100909;346.33;90;11386297441;B
20241106;100909;346.34;20;11386297442;B
20241106;100909;346.35;10;11386297443;B
20241106;100909;346.36;30;11386297444;B
20241106;100909;346.39;300;11386297445;B
20241106;100909;346.4;750;11386297446;B
20241106;100909;346.57;260;11386297447;B
20241106;100909;346.48;20;11386297520;B
20241106;100913;346.48;10;11386298738;B
20241106;100913;346.33;90;11386299073;S
20241106;100913;346.33;20;11386299074;S
20241106;100913;346.2;2120;11386299075;S
20241106;100916;346.33;90;11386300055;B
20241106;100916;346.44;30;11386300056;B
20241106;100916;346.55;480;11386300057;B
20241106;100918;346.54;30;11386300679;B
20241106;100918;346.56;10;11386300680;B
20241106;100918;346.57;10;11386300681;B
20241106;100919;346.2;30;11386301038;S
20241106;100921;346.2;10;11386301463;S
20241106;100923;346.3;20;11386302040;B
20241106;100925;346.2;10;11386302498;S
20241106;100928;346.2;1000;11386303451;S
20241106;100928;346.3;10;11386303493;B
20241106;100928;346.2;70;11386303603;S
20241106;100929;346.2;10;11386303708;S
20241106;100931;346.3;10;11386304233;B
20241106;100932;346.2;500;11386304545;S
20241106;100933;346.2;10;11386304734;S
20241106;100935;346.2;100;11386305441;S
20241106;100939;346.2;200;11386306464;S
20241106;100942;346.2;550;11386307083;S
20241106;100949;346.2;30;11386309070;S
20241106;100952;346.2;10;11386309678;S
20241106;100952;346.2;80;11386309685;S
20241106;100953;346.2;300;11386310037;S
20241106;100955;346.2;50;11386310721;S
20241106;100957;346.26;10;11386311405;B
20241106;100957;346.27;20;11386311406;B
20241106;100957;346.2;30;11386311468;S
20241106;100959;346.2;140;11386311762;S
20241106;100959;346.2;10;11386311763;S
20241106;100959;346.2;10;11386311944;S
20241106;100959;346.2;630;11386311945;S
20241106;100959;346.2;60;11386311946;S
20241106;100959;346.2;60;11386311955;S
20241106;101000;346.2;140;11386312270;S
20241106;101000;346.28;30;11386312271;B
20241106;101000;346.3;10;11386312272;B
20241106;101000;346.3;10;11386312273;B
20241106;101000;346.3;90;11386312274;B
20241106;101004;346.29;20;11386313249;B
20241106;101004;346.3;40;11386313250;B
20241106;101004;346.3;50;11386313251;B
20241106;101008;346.2;4350;11386314439;S
20241106;101008;346.2;10;11386314440;S
20241106;101008;346.2;60;11386314441;S
20241106;101008;346.2;60;11386314505;S
20241106;101008;346.2;60;11386314610;S
20241106;101009;346.2;60;11386314974;S
20241106;101010;346.2;10;11386315060;S
20241106;101010;346.2;60;11386315061;S
20241106;101011;346.2;60;11386315466;S
20241106;101011;346.2;60;11386315468;S
20241106;101011;346.2;60;11386315475;S
20241106;101012;346.2;60;11386315556;S
20241106;101012;346.2;60;11386315581;S
20241106;101012;346.2;60;11386315591;S
20241106;101012;346.2;60;11386315698;S
20241106;101012;346.2;60;11386315746;S
20241106;101013;346.29;20;11386316000;B
20241106;101013;346.28;30;11386316004;B
20241106;101013;346.28;30;11386316118;B
20241106;101013;346.3;20;11386316121;B
20241106;101013;346.3;10;11386316122;B
20241106;101018;346.21;10;11386317533;S
20241106;101018;346.2;990;11386317534;S
20241106;101020;346.21;10;11386318506;S
20241106;101020;346.2;110;11386318507;S
20241106;101021;346.28;10;11386318597;B
20241106;101021;346.29;40;11386318598;B
20241106;101021;346.29;230;11386318599;S
20241106;101027;346.2;10;11386320203;B
20241106;101027;346.1;10;11386320234;S
20241106;101027;346.07;20;11386320235;S
20241106;101027;346.06;20;11386320236;S
20241106;101027;346.05;30;11386320237;S
20241106;101027;346.03;20;11386320238;S
20241106;101027;346;30;11386320239;S
20241106;101027;345.91;10;11386320242;S
20241106;101027;345.91;110;11386320312;S
20241106;101027;345.9;20;11386320313;S
20241106;101027;345.87;20;11386320314;S
20241106;101028;345.8;60;11386320405;B
20241106;101030;345.8;20;11386321051;B
20241106;101030;345.8;30;11386321165;B
20241106;101034;345.8;250;11386322424;B
20241106;101035;345.75;20;11386322427;S
20241106;101035;345.58;10;11386322428;S
20241106;101035;345.54;20;11386322429;S
20241106;101038;345.28;10;11386323450;S
20241106;101042;345.6;10;11386324255;B
20241106;101042;345.61;40;11386324256;B
20241106;101042;345.62;10;11386324257;B
20241106;101043;345.77;40;11386324650;B
20241106;101049;345.55;20;11386326102;S
20241106;101049;345.53;10;11386326133;S
20241106;101049;345.52;10;11386326134;S
20241106;101051;345.7;10;11386326768;B
20241106;101100;345.29;10;11386329206;B
20241106;101103;345.08;10;11386330005;S
20241106;101104;345.08;10;11386330170;S
20241106;101104;345.07;10;11386330171;S
20241106;101105;345.29;10;11386330394;B
20241106;101105;345.35;20;11386330395;B
20241106;101105;345.37;220;11386330396;B
20241106;101105;345.37;20;11386330397;B
20241106;101106;345.12;10;11386330504;S
20241106;101109;345.12;10;11386331305;S
20241106;101111;345.32;10;11386331696;B
20241106;101116;345.35;10;11386332940;B
20241106;101116;345.36;20;11386332941;B
20241106;101116;345.37;20;11386332942;B
20241106;101116;345.38;280;11386332943;B
20241106;101116;345.49;300;11386332944;B
20241106;101116;345.5;700;11386332945;B
20241106;101116;345.59;70;11386332946;B
20241106;101116;345.31;30;11386332947;S
20241106;101116;345.37;30;11386332949;S
20241106;101116;345.3;30;11386332950;S
20241106;101118;345.3;100;11386333577;B
20241106;101122;345.32;10;11386334400;S
20241106;101125;345.22;30;11386335527;S
20241106;101125;345.21;190;11386335528;S
20241106;101125;345.18;20;11386335529;S
20241106;101125;345.16;20;11386335530;S
20241106;101125;345.12;10;11386335531;S
20241106;101125;345.11;70;11386335532;S
20241106;101125;345.1;160;11386335533;S
20241106;101133;345.27;10;11386337453;B
20241106;101136;345.2;270;11386338197;S
20241106;101140;345.2;100;11386339283;S
20241106;101140;345.11;20;11386339284;S
20241106;101140;345.09;20;11386339285;S
20241106;101140;345;100;11386339286;S
20241106;101140;344.93;10;11386339287;S
20241106;101142;344.91;500;11386339676;S
20241106;101142;344.81;100;11386339677;S
20241106;101143;344.68;10;11386339724;S
20241106;101145;344.58;10;11386340239;S
20241106;101145;344.53;30;11386340240;S
20241106;101148;344.46;10;11386340855;S
20241106;101148;344.4;10;11386340889;S
20241106;101148;344.4;20;11386340913;S
20241106;101149;344.4;220;11386341173;S
20241106;101151;344.5;20;11386341833;B
20241106;101151;344.52;80;11386341834;B
20241106;101152;344.42;10;11386341955;S
20241106;101152;344.4;10;11386341956;S
20241106;101152;344.41;90;11386341957;B
20241106;101152;344.4;30;11386342000;S
20241106;101152;344.4;10;11386342001;S
20241106;101152;344.34;280;11386342002;S
20241106;101158;344.46;20;11386343674;S
20241106;101200;344.48;10;11386344269;S
20241106;101200;344.46;10;11386344270;S
20241106;101200;344.42;10;11386344271;S
20241106;101200;344.36;10;11386344272;S
20241106;101200;344.34;40;11386344273;S
20241106;101200;344.33;300;11386344274;S
20241106;101200;344.33;20;11386344275;S
20241106;101200;344.33;400;11386344276;S
20241106;101200;344.29;340;11386344277;S
20241106;101200;344.27;500;11386344278;S
20241106;101200;344.23;20;11386344279;S
20241106;101200;344.17;2000;11386344280;S
20241106;101200;344.15;20;11386344281;S
20241106;101200;344.15;100;11386344282;S
20241106;101200;344.1;10;11386344283;S
20241106;101200;344.1;10;11386344284;S
20241106;101200;344.1;10;11386344285;S
20241106;101200;344;950;11386344286;S
20241106;101200;344;500;11386344287;S
20241106;101200;344;10;11386344288;S
20241106;101200;344;1500;11386344289;S
20241106;101200;344;500;11386344290;S
20241106;101200;343.8;20;11386344291;S
20241106;101200;343.61;40;11386344292;S
20241106;101200;343.62;50;11386344295;S
20241106;101200;343.61;120;11386344296;S
20241106;101200;343.62;10;11386344297;B
20241106;101200;343.7;90;11386344298;B
20241106;101200;343.99;50;11386344299;B
20241106;101200;343.99;60;11386344300;B
20241106;101200;343.99;70;11386344330;B
20241106;101200;343.88;10;11386344340;S
20241106;101201;343.81;20;11386344511;S
20241106;101202;343.99;300;11386344593;B
20241106;101202;343.99;190;11386344594;B
20241106;101202;343.69;60;11386344651;S
20241106;101202;343.66;30;11386344652;S
20241106;101202;343.61;10;11386344653;S
20241106;101202;343.61;100;11386345077;S
20241106;101206;343.6;10;11386345917;S
20241106;101206;343.6;10;11386345918;S
20241106;101208;343.6;10;11386346371;S
20241106;101208;343.6;20;11386346383;S
20241106;101208;343.59;480;11386346384;S
20241106;101209;343.59;10;11386346652;S
20241106;101209;343.59;10;11386346727;S
20241106;101210;343.59;1000;11386347301;S
20241106;101210;343.59;50;11386347302;S
20241106;101211;343.56;200;11386347318;S
20241106;101211;343.56;20;11386347361;S
20241106;101211;343.6;20;11386347397;B
20241106;101211;343.6;90;11386347398;B
20241106;101211;343.66;170;11386347399;B
20241106;101211;343.74;20;11386347400;B
20241106;101212;344.02;70;11386347803;S
20241106;101212;343.88;200;11386347804;S
20241106;101212;343.62;30;11386347805;S
20241106;101212;343.56;50;11386347806;S
20241106;101212;343.52;100;11386347807;S
20241106;101212;343.3;80;11386347808;S
20241106;101212;343.3;220;11386347809;S
20241106;101213;343.45;10;11386347922;B
20241106;101213;343.31;70;11386347930;S
20241106;101213;343.24;450;11386347931;S
20241106;101213;343.21;10;11386347932;S
20241106;101213;343.2;150;11386347933;S
20241106;101213;343.15;30;11386347934;S
20241106;101213;343.1;10;11386347935;S
20241106;101213;343.1;100;11386347936;S
20241106;101213;343.01;30;11386347937;S
20241106;101213;343.01;10;11386347938;S
20241106;101213;342.96;10;11386348047;B
20241106;101213;342.96;20;11386348245;B
20241106;101214;342.82;50;11386348330;S
20241106;101214;342.8;100;11386348331;S
20241106;101214;342.52;20;11386348332;S
20241106;101214;342.4;10;11386348333;S
20241106;101214;342.37;120;11386348334;S
20241106;101214;342.53;10;11386348444;B
20241106;101215;342.41;70;11386348835;S
20241106;101215;342.28;30;11386348836;S
20241106;101215;342.52;30;11386348872;B
20241106;101216;342.42;20;11386349054;S
20241106;101216;342.41;10;11386349055;S
20241106;101216;342.35;20;11386349056;S
20241106;101216;342.32;10;11386349057;S
20241106;101216;342.28;20;11386349058;S
20241106;101216;342.28;20;11386349059;S
20241106;101217;342.21;10;11386349413;S
20241106;101217;342.2;20;11386349414;S
20241106;101217;342.09;70;11386349415;S
20241106;101218;342.05;100;11386349690;S
20241106;101218;342.48;10;11386349850;B
20241106;101218;342.54;20;11386349970;B
20241106;101218;342.14;30;11386350007;S
20241106;101218;342.05;10;11386350008;S
20241106;101221;342.54;20;11386350783;B
20241106;101221;342.57;20;11386350784;B
20241106;101221;342.6;10;11386350785;B
20241106;101221;342.59;60;11386350903;B
20241106;101223;342.59;200;11386351205;B
20241106;101223;342.59;10;11386351313;B
20241106;101223;342.59;10;11386351395;B
20241106;101223;342.77;40;11386351396;B
20241106;101224;342.91;50;11386351732;B
20241106;101225;342.52;10;11386351984;S
20241106;101228;342.29;10;11386352930;S
20241106;101228;342.27;10;11386352931;S
20241106;101228;342.2;80;11386352932;S
20241106;101228;342.22;600;11386352933;B
20241106;101229;342.71;60;11386353110;B
20241106;101229;342.7;60;11386353202;B
20241106;101229;342.27;30;11386353246;S
20241106;101229;342.22;40;11386353247;S
20241106;101229;342.22;50;11386353248;S
20241106;101229;342.22;200;11386353258;S
20241106;101231;342.32;90;11386354188;B
20241106;101234;342.69;50;11386355046;B
20241106;101236;342.68;30;11386355406;B
20241106;101236;342.68;10;11386355697;B
20241106;101236;342.7;20;11386355698;B
20241106;101237;342.7;50;11386356061;B
20241106;101238;342.7;30;11386356412;B
20241106;101238;342.75;10;11386356421;B
20241106;101240;342.58;30;11386357145;S
20241106;101240;342.57;70;11386357146;S
20241106;101240;342.57;230;11386357147;S
20241106;101240;342.56;40;11386357148;S
20241106;101240;342.56;10;11386357149;S
20241106;101242;342.59;10;11386357549;S
20241106;101242;342.58;30;11386357550;S
20241106;101242;342.57;300;11386357551;S
20241106;101242;342.56;30;11386357552;S
20241106;101242;342.56;30;11386357553;S
20241106;101242;342.69;50;11386357671;B
20241106;101243;342.69;10;11386357769;B
20241106;101243;342.58;40;11386357876;S
20241106;101243;342.55;60;11386357877;S
20241106;101244;342.55;20;11386358071;S
20241106;101244;342.55;80;11386358073;B
20241106;101245;342.55;100;11386358273;S
20241106;101245;342.6;100;11386358356;B
20241106;101246;342.7;50;11386358489;B
20241106;101246;342.7;850;11386358544;B
20241106;101246;342.96;20;11386358670;B
20241106;101246;342.96;250;11386358671;B
20241106;101246;342.99;30;11386358672;B
20241106;101246;343.06;100;11386358673;B
20241106;101246;343.28;10;11386358674;B
20241106;101246;343.28;20;11386358675;B
20241106;101246;343.55;10;11386358685;B
20241106;101246;343.56;50;11386358687;B
20241106;101246;343.57;30;11386358688;B
20241106;101250;343.56;50;11386359514;B
20241106;101250;343.49;30;11386359515;S
20241106;101250;343.49;30;11386359516;S
20241106;101250;343.48;140;11386359517;S
20241106;101250;343.48;30;11386359518;S
20241106;101251;343.45;10;11386359787;B
20241106;101252;343.47;20;11386360037;B
20241106;101253;343.47;20;11386360417;B
20241106;101257;343.47;260;11386361341;B
20241106;101257;343.48;140;11386361342;B
20241106;101259;343.48;130;11386362032;B
20241106;101259;343.48;270;11386362033;B
20241106;101300;343.48;230;11386362235;B
20241106;101300;343.49;370;11386362236;B
20241106;101300;343.49;60;11386362237;B
20241106;101300;343.49;70;11386362238;B
20241106;101300;343.49;500;11386362239;B
20241106;101300;343.4;30;11386362242;B
20241106;101300;343.4;30;11386362249;S
20241106;101300;343.4;300;11386362250;S
20241106;101300;343.4;170;11386362251;B
20241106;101300;343.4;500;11386362252;B
20241106;101304;343.58;50;11386363264;B
20241106;101304;343.59;250;11386363265;B
20241106;101304;343.58;40;11386363277;B
20241106;101304;343.59;190;11386363278;B
20241106;101304;343.44;30;11386363281;S
20241106;101304;343.44;300;11386363282;S
20241106;101304;343.44;170;11386363283;B
20241106;101304;343.4;30;11386363284;S
20241106;101304;343.4;470;11386363285;B
20241106;101304;343.4;30;11386363286;B
20241106;101304;343.4;470;11386363287;B
20241106;101305;343.44;500;11386363417;B
20241106;101305;343.42;30;11386363422;S
20241106;101305;343.42;300;11386363423;S
20241106;101305;343.42;170;11386363424;B
20241106;101305;343.42;500;11386363425;B
20241106;101305;343.43;30;11386363473;S
20241106;101305;343.43;300;11386363474;S
20241106;101305;343.43;170;11386363475;B
20241106;101305;343.43;500;11386363476;B
20241106;101308;343.45;300;11386364091;S
20241106;101308;343.45;200;11386364092;B
20241106;101311;343.45;500;11386364690;B
20241106;101312;343.59;120;11386364899;B
20241106;101312;343.4;300;11386364978;S
20241106;101312;343.4;60;11386364979;B
20241106;101312;343.4;140;11386364980;B
20241106;101312;343.4;60;11386364981;B
20241106;101313;343.4;40;11386365290;B
20241106;101314;343.4;10;11386365553;B
20241106;101314;343.4;100;11386365622;B
20241106;101314;343.4;20;11386365636;B
20241106;101315;343.4;220;11386366018;B
20241106;101316;343.4;50;11386366257;B
20241106;101316;343.42;30;11386366258;B
20241106;101316;343.49;20;11386366259;B
20241106;101317;343.59;100;11386366494;B
20241106;101318;343.59;30;11386366620;B
20241106;101318;343.59;100;11386366852;B
20241106;101319;343.39;30;11386367003;S
20241106;101319;343.38;30;11386367004;S
20241106;101319;343.59;100;11386367180;B
20241106;101319;343.59;10;11386367245;B
20241106;101321;343.59;20;11386367653;B
20241106;101321;343.59;30;11386367771;B
20241106;101322;343.5;1000;11386367913;B
20241106;101322;343.5;20;11386368105;B
20241106;101323;343.5;10;11386368343;B
20241106;101324;343.5;600;11386368475;B
20241106;101324;343.5;60;11386368476;B
20241106;101324;343.5;60;11386368491;B
20241106;101324;343.5;60;11386368659;B
20241106;101324;343.5;60;11386368665;B
20241106;101325;343.5;60;11386368940;B
20241106;101325;343.5;10;11386368980;B
20241106;101325;343.51;40;11386368985;S
20241106;101325;343.5;40;11386368986;S
20241106;101326;343.5;10;11386369014;B
20241106;101326;343.5;410;11386369015;B
20241106;101326;343.44;500;11386369021;B
20241106;101326;343.4;30;11386369035;S
20241106;101326;343.4;300;11386369036;S
20241106;101326;343.4;10;11386369041;B
20241106;101328;343.59;10;11386369691;B
20241106;101332;343.59;40;11386370466;B
20241106;101332;343.59;20;11386370467;B
20241106;101332;343.59;50;11386370659;B
20241106;101333;343.59;10;11386370915;B
20241106;101334;343.59;10;11386371195;B
20241106;101334;343.59;10;11386371317;B
20241106;101334;343.69;10;11386371318;B
20241106;101334;343.7;30;11386371320;B
20241106;101335;343.74;30;11386371516;S
20241106;101335;343.72;40;11386371517;S
20241106;101335;343.65;80;11386371518;S
20241106;101337;343.96;10;11386372012;B
20241106;101337;343.97;20;11386372184;B
20241106;101338;344.22;40;11386372312;B
20241106;101341;344.35;10;11386373224;B
20241106;101341;344.36;40;11386373226;B
20241106;101341;344.09;20;11386373303;S
20241106;101342;344.36;10;11386373683;B
20241106;101342;344.12;10;11386373720;S
20241106;101342;344.11;30;11386373721;S
20241106;101344;344.36;50;11386374039;B
20241106;101344;344.36;10;11386374170;B
20241106;101344;344.4;10;11386374171;B
20241106;101344;344.6;10;11386374398;B
20241106;101344;344.67;40;11386374399;B
20241106;101344;344.87;10;11386374400;B
20241106;101352;345;30;11386376533;B
20241106;101354;345;50;11386376988;B
20241106;101354;345;10;11386376989;B
20241106;101354;345;10;11386376990;B
20241106;101354;345.19;30;11386376991;B
20241106;101355;345.19;100;11386377115;B
20241106;101355;345.19;20;11386377116;B
20241106;101355;345.2;100;11386377119;B
20241106;101355;345.2;20;11386377120;B
20241106;101355;345.27;10;11386377121;B
20241106;101355;345.27;30;11386377122;S
20241106;101355;345.35;100;11386377201;B
20241106;101355;345.42;20;11386377233;B
20241106;101355;345.63;80;11386377234;B
20241106;101356;345.62;70;11386377352;B
20241106;101356;345.63;30;11386377353;B
20241106;101356;345.63;50;11386377362;B
20241106;101356;345.66;10;11386377363;B
20241106;101356;345.66;40;11386377364;B
20241106;101358;345.69;60;11386377889;B
20241106;101405;345.6;30;11386379478;B
20241106;101405;345.58;20;11386379587;B
20241106;101406;345.56;10;11386379653;B
20241106;101406;345.19;30;11386379825;S
20241106;101406;345.1;20;11386379826;S
20241106;101410;345.37;60;11386380668;B
20241106;101414;345.42;10;11386381452;B
20241106;101416;345.38;300;11386381835;B
20241106;101436;345.19;20;11386385960;B
20241106;101436;345.19;300;11386385961;B
20241106;101436;345.2;1000;11386385962;B
20241106;101436;345.33;70;11386385963;B
20241106;101436;345.34;300;11386385964;B
20241106;101436;345.38;310;11386385965;S
20241106;101436;345.1;10;11386386105;S
20241106;101440;345.07;30;11386386691;S
20241106;101440;345.05;20;11386386692;S
20241106;101440;345.03;250;11386386693;S
20241106;101441;345.26;50;11386387171;B
20241106;101446;345.2;30;11386388253;B
20241106;101448;345.15;360;11386388714;S
20241106;101448;345.15;360;11386388715;S
20241106;101448;345.15;360;11386388717;S
20241106;101448;345.14;10;11386388718;S
20241106;101449;345.06;50;11386388861;S
20241106;101453;345.05;50;11386389683;S
20241106;101455;345.05;30;11386390325;S
20241106;101455;345.05;120;11386390481;S
20241106;101456;345;490;11386390740;S
20241106;101500;345;510;11386391561;S
20241106;101500;345;10;11386391562;S
20241106;101500;345;20;11386391563;S
20241106;101503;345;1000;11386392486;S
20241106;101506;345;10;11386393368;S
20241106;101507;345;990;11386393818;S
20241106;101507;345;100;11386393819;S
20241106;101509;345;40;11386394709;S
20241106;101509;345;450;11386394732;S
20241106;101510;345;1050;11386394941;S
20241106;101510;345;460;11386394942;S
20241106;101513;345;210;11386396456;S
20241106;101513;345;790;11386396457;S
20241106;101515;345;50;11386397554;S
20241106;101517;345;140;11386397990;S
20241106;101517;345.05;30;11386398064;B
20241106;101517;345.06;10;11386398065;B
20241106;101517;345.16;40;11386398066;B
20241106;101517;345.17;20;11386398067;B
20241106;101517;345.18;40;11386398068;B
20241106;101524;345.2;10;11386400924;B
20241106;101526;345.2;50;11386401750;B
20241106;101527;345.2;10;11386401997;B
20241106;101532;345.07;30;11386403730;S
20241106;101532;345.04;30;11386403731;S
20241106;101532;345.03;230;11386403732;S
20241106;101532;345.02;30;11386403733;S
20241106;101532;345;680;11386403734;S
20241106;101536;345.2;10;11386404929;B
20241106;101541;344.9;50;11386406469;S
20241106;101541;344.9;50;11386406510;S
20241106;101541;344.9;50;11386406553;S
20241106;101541;344.9;50;11386406599;S
20241106;101544;345.09;10;11386407277;B
20241106;101544;345.09;40;11386407403;B
20241106;101544;345.13;10;11386407404;B
20241106;101546;345.08;10;11386407923;B
20241106;101549;345.18;480;11386409252;B
20241106;101549;345.18;300;11386409253;B
20241106;101549;345.19;300;11386409254;B
20241106;101549;345.2;40;11386409255;B
20241106;101549;345.26;300;11386409256;B
20241106;101549;345.29;10;11386409257;B
20241106;101549;345.31;10;11386409258;B
20241106;101549;345.34;30;11386409259;B
20241106;101549;345.37;50;11386409260;B
20241106;101549;345.38;90;11386409261;B
20241106;101549;345.41;360;11386409262;B
20241106;101549;345.5;10;11386409263;B
20241106;101550;345.56;20;11386409601;B
20241106;101550;345.56;10;11386409607;B
20241106;101550;345.57;20;11386409608;B
20241106;101551;345.57;10;11386409871;B
20241106;101553;345.5;1000;11386410426;S
20241106;101553;345.57;40;11386410638;B
20241106;101555;345.57;20;11386411003;B
20241106;101556;345.5;10;11386411537;S
20241106;101558;345.57;10;11386412057;B
20241106;101559;345.5;110;11386412226;S
20241106;101601;345.5;20;11386412909;S
20241106;101601;345.5;10;11386412912;S
20241106;101603;345.6;10;11386413715;B
20241106;101603;345.7;30;11386413716;B
20241106;101609;345.51;30;11386415378;S
20241106;101609;345.51;270;11386415379;S
20241106;101611;345.69;30;11386416385;B
20241106;101611;345.7;10;11386416389;B
20241106;101611;345.7;10;11386416390;B
20241106;101611;345.7;20;11386416540;B
20241106;101611;345.7;20;11386416541;B
20241106;101611;345.7;10;11386416542;B
20241106;101612;345.7;10;11386416805;B
20241106;101612;345.7;10;11386416903;B
20241106;101613;345.79;50;11386417223;S
20241106;101613;345.78;50;11386417224;S
20241106;101613;345.78;30;11386417225;B
20241106;101613;345.53;10;11386417258;S
20241106;101616;345.76;10;11386418401;B
20241106;101617;345.77;30;11386418648;B
20241106;101620;345.78;60;11386419542;B
20241106;101628;345.72;10;11386422415;S
20241106;101630;345.78;90;11386422990;B
20241106;101630;345.81;10;11386422991;B
20241106;101633;345.82;100;11386423931;B
20241106;101635;345.81;10;11386424388;B
20241106;101639;345.83;10;11386425280;B
20241106;101639;345.83;20;11386425281;B
20241106;101639;345.85;60;11386425282;B
20241106;101639;345.85;10;11386425283;B
20241106;101641;345.95;100;11386426289;B
20241106;101648;345.83;10;11386428336;B
20241106;101648;345.84;120;11386428337;B
20241106;101648;345.85;10;11386428338;B
20241106;101648;345.85;300;11386428339;B
20241106;101648;345.88;40;11386428340;B
20241106;101648;345.91;200;11386428341;B
20241106;101648;345.95;170;11386428342;B
20241106;101648;345.95;120;11386428343;B
20241106;101648;345.95;300;11386428344;B
20241106;101648;345.96;30;11386428345;B
20241106;101648;345.96;360;11386428346;B
20241106;101648;345.98;110;11386428347;B
20241106;101648;346;10;11386428348;B
20241106;101648;346;10;11386428349;B
20241106;101648;346;10;11386428350;B
20241106;101648;346;100;11386428351;B
20241106;101648;346;1000;11386428352;B
20241106;101648;346;890;11386428353;B
20241106;101648;346;3070;11386428354;B
20241106;101649;346.04;30;11386428612;B
20241106;101649;346.04;10;11386428613;B
20241106;101650;346.19;190;11386428842;B
20241106;101653;346.1;30;11386429679;B
20241106;101653;346;10;11386429948;S
20241106;101655;346.09;20;11386430268;B
20241106;101655;346.1;80;11386430269;B
20241106;101655;346.09;30;11386430284;B
20241106;101655;346.1;40;11386430285;B
20241106;101655;346.19;30;11386430286;B
20241106;101655;346.19;190;11386430287;B
20241106;101655;346;1000;11386430386;S
20241106;101656;346;100;11386430615;S
20241106;101658;346.09;10;11386431313;B
20241106;101658;346.1;30;11386431314;B
20241106;101658;346.12;10;11386431315;B
20241106;101658;346.13;10;11386431316;B
20241106;101701;346.07;50;11386432126;B
20241106;101704;346;50;11386433300;S
20241106;101704;346;10;11386433341;S
20241106;101706;346;10;11386434034;S
20241106;101707;346.08;50;11386434293;B
20241106;101707;346.09;300;11386434294;B
20241106;101707;346.09;50;11386434295;B
20241106;101707;346.1;900;11386434296;B
20241106;101707;346.11;30;11386434297;B
20241106;101707;346.12;50;11386434298;B
20241106;101707;346.15;10;11386434346;S
20241106;101715;346.19;10;11386437189;B
20241106;101716;346.2;50;11386437361;B
20241106;101717;346.16;20;11386437629;S
20241106;101722;346.2;100;11386439293;B
20241106;101723;346.16;10;11386439732;S
20241106;101723;346.16;100;11386439733;S
20241106;101723;346.16;30;11386439734;S
20241106;101723;346.15;360;11386439735;S
20241106;101727;346.15;1220;11386441078;S
20241106;101734;346.1;10;11386443459;B
20241106;101734;346.13;10;11386443460;B
20241106;101737;346.15;50;11386445080;B
20241106;101738;346.01;480;11386445139;S
20241106;101738;346.01;10;11386445140;S
20241106;101738;346;610;11386445141;S
20241106;101738;346.14;10;11386445480;B
20241106;101738;346.15;140;11386445481;B
20241106;101742;346.15;10;11386446661;B
20241106;101744;346;10;11386447435;S
20241106;101747;346.11;100;11386448366;B
20241106;101749;346;70;11386448882;S
20241106;101752;346.06;20;11386450490;B
20241106;101756;346.07;10;11386451755;B
20241106;101756;346.08;10;11386451861;B
20241106;101758;346;30;11386452507;S
20241106;101801;346.02;10;11386453560;B
20241106;101801;346.07;70;11386453561;B
20241106;101801;346.08;20;11386453562;B
20241106;101801;346;320;11386453577;S
20241106;101801;346;30;11386453578;S
20241106;101801;346;150;11386453579;S
20241106;101801;346;500;11386453756;S
20241106;101803;346;50;11386454107;S
20241106;101804;346.08;30;11386454604;B
20241106;101806;346;10;11386455403;S
20241106;101807;346.08;20;11386455767;B
20241106;101809;346;300;11386456371;S
20241106;101809;346;300;11386456435;S
20241106;101810;346;100;11386456601;S
20241106;101811;346.07;10;11386456998;B
20241106;101811;346;2000;11386457193;S
20241106;101813;346.07;10;11386457718;B
20241106;101815;346.07;20;11386458278;B
20241106;101815;346.09;10;11386458279;B
20241106;101816;346.07;30;11386458599;B
20241106;101816;346.14;10;11386458600;B
20241106;101816;346.18;20;11386458601;B
20241106;101816;346.18;20;11386458656;B
20241106;101821;346;10;11386459730;S
20241106;101821;346.07;50;11386459856;B
20241106;101822;346;150;11386460262;S
20241106;101825;346;150;11386460999;S
20241106;101827;346.15;10;11386461453;B
20241106;101828;346.13;10;11386461914;B
20241106;101830;346;30;11386462162;S
20241106;101830;346.11;10;11386462239;B
20241106;101831;346.15;60;11386462410;B
20241106;101836;346.09;50;11386464032;B
20241106;101838;346;10;11386464598;S
20241106;101839;346.09;50;11386464705;B
20241106;101839;346;10;11386464908;S
20241106;101841;346.08;10;11386465359;B
20241106;101843;346;60;11386465613;S
20241106;101844;346.09;50;11386465974;B
20241106;101844;346;240;11386465977;S
20241106;101850;346.08;50;11386467316;B
20241106;101852;346;10;11386467558;S
20241106;101852;346.07;50;11386467704;B
20241106;101855;346;10;11386468369;S
20241106;101855;346;10;11386468412;S
20241106;101857;346.03;50;11386468730;B
20241106;101857;346;970;11386468938;S
20241106;101857;346;160;11386468939;S
20241106;101857;346;60;11386468940;S
20241106;101857;346;10;11386468989;S
20241106;101859;346;10;11386469346;S
20241106;101859;346;980;11386469347;S
20241106;101859;346.01;20;11386469476;B
20241106;101859;346;50;11386469559;S
20241106;101901;346.01;50;11386469907;B
20241106;101902;346;10;11386470267;S
20241106;101902;346;940;11386470268;S
20241106;101903;346;10;11386470384;S
20241106;101905;346;990;11386471071;S
20241106;101905;346;1000;11386471072;S
20241106;101906;346;500;11386471099;S
20241106;101906;346;620;11386471115;S
20241106;101906;345.55;50;11386471191;B
20241106;101906;345.51;10;11386471225;S
20241106;101906;345.51;10;11386471228;S
20241106;101906;345.5;10;11386471230;S
20241106;101906;345.5;10;11386471231;S
20241106;101909;345.55;10;11386471970;S
20241106;101910;345.64;10;11386472058;B
20241106;101912;345.55;10;11386472533;S
20241106;101912;345.5;10;11386472534;S
20241106;101912;345.5;10;11386472560;S
20241106;101914;345.5;10;11386473033;S
20241106;101916;345.59;10;11386473558;B
20241106;101919;345.59;20;11386474466;B
20241106;101919;345.57;260;11386474467;B
20241106;101920;345.5;10;11386474785;S
20241106;101920;345.5;130;11386474816;S
20241106;101920;345.47;10;11386474817;S
20241106;101920;345.43;20;11386474818;S
20241106;101920;345.05;10;11386474819;S
20241106;101920;345.05;480;11386474820;S
20241106;101920;345.05;30;11386474821;S
20241106;101920;345.04;120;11386474822;S
20241106;101920;345.02;200;11386474823;S
20241106;101920;345.02;90;11386474824;B
20241106;101927;345.02;10;11386476279;S
20241106;101927;345.01;10;11386476280;S
20241106;101927;345;10;11386476281;S
20241106;101927;345;10;11386476282;S
20241106;101927;344.9;200;11386476391;S
20241106;101927;344.87;80;11386476392;S
20241106;101927;344.87;30;11386476393;S
20241106;101927;344.86;30;11386476394;S
20241106;101927;344.8;1000;11386476395;S
20241106;101927;344.74;30;11386476396;S
20241106;101927;344.65;360;11386476397;S
20241106;101927;344.63;140;11386476398;S
20241106;101927;344.69;10;11386476408;B
20241106;101932;344.64;30;11386477252;B
20241106;101932;344.45;10;11386477339;B
20241106;101934;344.41;20;11386477898;S
20241106;101935;344.41;10;11386478037;S
20241106;101935;344.41;10;11386478146;S
20241106;101940;344.41;260;11386478932;S
20241106;101940;344.41;40;11386478933;S
20241106;101940;344.41;110;11386479054;S
20241106;101940;344.4;10;11386479055;S
20241106;101948;344.24;90;11386480644;B
20241106;101948;344.24;20;11386480645;B
20241106;101948;344.25;20;11386480646;B
20241106;101948;344.35;300;11386480647;B
20241106;101950;344.49;10;11386481048;S
20241106;101951;344.49;10;11386481324;S
20241106;101957;344.54;100;11386482898;S
20241106;102005;344.44;50;11386485905;S
20241106;102007;344.41;40;11386486859;S
20241106;102007;344.41;160;11386486860;S
20241106;102007;344.44;50;11386486994;B
20241106;102007;344.44;40;11386486995;S
20241106;102009;344.41;50;11386487756;S
20241106;102010;344.45;10;11386488283;B
20241106;102012;344.41;50;11386488926;S
20241106;102014;344.41;50;11386490105;S
20241106;102019;344.41;50;11386492373;S
20241106;102020;344.41;30;11386492802;S
20241106;102021;344.41;50;11386493032;S
20241106;102022;344.4;50;11386493625;S
20241106;102024;344.41;370;11386495140;S
20241106;102024;344.42;20;11386495227;B
20241106;102025;344.4;100;11386495469;S
20241106;102028;344.4;100;11386498262;S
20241106;102028;344.4;20;11386498511;S
20241106;102029;344.4;100;11386498658;S
20241106;102036;344.4;300;11386503134;S
20241106;102038;344.4;100;11386504908;S
20241106;102039;344.45;10;11386505169;B
20241106;102039;344.46;90;11386505170;B
20241106;102039;344.46;100;11386505171;B
20241106;102039;344.52;30;11386505172;B
20241106;102039;344.57;270;11386505173;B
20241106;102039;344.4;10;11386505360;S
20241106;102041;344.56;10;11386506884;B
20241106;102049;344.46;10;11386512314;S
20241106;102050;344.46;20;11386512570;S
20241106;102051;344.46;20;11386513198;S
20241106;102056;344.52;30;11386516835;B
20241106;102056;344.57;60;11386516836;B
20241106;102103;344.46;90;11386521207;B
20241106;102103;344.63;10;11386521208;B
20241106;102107;344.69;10;11386523427;B
20241106;102120;344.48;10;11386531152;B
20241106;102120;344.5;10;11386531234;B
20241106;102123;344.47;50;11386533236;S
20241106;102126;344.5;90;11386535032;B
20241106;102126;344.53;20;11386535033;B
20241106;102126;344.53;20;11386535034;B
20241106;102126;344.61;100;11386535035;B
20241106;102126;344.71;20;11386535036;B
20241106;102126;344.5;90;11386535210;B
20241106;102129;344.78;300;11386536905;B
20241106;102129;344.79;40;11386536906;B
20241106;102129;344.82;470;11386536907;B
20241106;102129;344.82;300;11386536908;B
20241106;102129;344.83;500;11386536909;B
20241106;102129;344.88;300;11386536910;B
20241106;102129;344.89;300;11386536911;B
20241106;102129;344.96;120;11386536912;B
20241106;102129;344.96;30;11386536913;B
20241106;102129;344.98;360;11386536914;B
20241106;102129;345;50;11386536915;B
20241106;102129;345;10;11386536916;B
20241106;102129;345;100;11386536917;B
20241106;102129;345;100;11386536918;B
20241106;102129;345.01;370;11386536919;B
20241106;102129;345.02;60;11386536920;B
20241106;102129;345.1;2120;11386536921;B
20241106;102129;345.1;2050;11386536922;B
20241106;102129;345.16;20;11386536923;B
20241106;102129;345.17;1000;11386536924;B
20241106;102129;345.2;10;11386536925;B
20241106;102129;345.35;1390;11386536926;B
20241106;102129;345.32;50;11386537174;S
20241106;102130;344.91;90;11386537816;B
20241106;102144;344.86;20;11386545368;S
20241106;102159;344.97;300;11386550113;B
20241106;102159;344.98;10;11386550114;B
20241106;102159;344.98;140;11386550115;B
20241106;102200;344.97;60;11386550319;B
20241106;102201;344.97;240;11386550620;B
20241106;102203;344.98;20;11386551314;B
20241106;102204;344.9;10;11386551647;S
20241106;102207;344.98;670;11386552619;B
20241106;102207;345;10;11386552633;B
20241106;102207;345;4050;11386552634;B
20241106;102207;345;100;11386552635;B
20241106;102207;345.14;30;11386552802;S
20241106;102207;345.07;20;11386552803;S
20241106;102207;345;300;11386552804;S
20241106;102207;345;650;11386552805;B
20241106;102209;345.14;30;11386553139;S
20241106;102209;345.14;10;11386553141;B
20241106;102213;345.14;30;11386554350;S
20241106;102213;345.1;10;11386554351;S
20241106;102213;345.04;40;11386554352;S
20241106;102213;345.03;40;11386554353;S
20241106;102213;345.02;500;11386554354;S
20241106;102213;345.01;20;11386554355;S
20241106;102213;345;350;11386554356;S
20241106;102213;344.98;50;11386554357;S
20241106;102213;344.96;120;11386554358;S
20241106;102213;344.95;300;11386554359;S
20241106;102213;344.94;540;11386554360;S
20241106;102224;345.01;20;11386557181;S
20241106;102224;345;50;11386557182;S
20241106;102225;344.9;70;11386557330;S
20241106;102229;345;20;11386558021;B
20241106;102243;344.9;120;11386561111;S
20241106;102243;344.9;310;11386561342;S
20241106;102244;344.9;320;11386561670;S
20241106;102248;344.91;10;11386562973;B
20241106;102253;344.97;20;11386563924;B
20241106;102257;344.94;20;11386564665;S
20241106;102257;344.81;20;11386564666;S
20241106;102257;344.81;20;11386564667;S
20241106;102257;344.8;10;11386564668;S
20241106;102257;344.79;30;11386564669;S
20241106;102304;344.95;10;11386567446;B
20241106;102318;344.97;20;11386573049;B
20241106;102318;344.94;40;11386573246;B
20241106;102318;344.95;10;11386573256;B
20241106;102339;344.79;10;11386582175;S
20241106;102339;344.78;10;11386582176;S
20241106;102342;344.78;20;11386583314;S
20241106;102347;344.78;470;11386585565;S
20241106;102347;344.75;50;11386585566;S
20241106;102347;344.74;60;11386585567;S
20241106;102347;344.56;470;11386585568;S
20241106;102347;344.55;300;11386585569;S
20241106;102347;344.54;30;11386585570;S
20241106;102347;344.5;30;11386585571;S
20241106;102347;344.43;10;11386585572;S
20241106;102347;344.42;20;11386585573;S
20241106;102347;344.42;160;11386585574;S
20241106;102347;344.41;500;11386585575;S
20241106;102347;344.4;1290;11386585576;S
20241106;102347;344.4;10;11386585577;S
20241106;102347;344.37;40;11386585578;S
20241106;102347;344.2;20;11386585616;S
20241106;102347;344.1;10;11386585617;S
20241106;102347;344.05;30;11386585618;S
20241106;102347;344.03;40;11386585619;S
20241106;102347;344.1;90;11386585621;B
20241106;102356;344.04;10;11386589091;S
20241106;102356;344.01;10;11386589092;S
20241106;102356;344;250;11386589093;S
20241106;102359;344.01;10;11386590263;S
20241106;102359;344;150;11386590264;S
20241106;102359;344;30;11386590265;S
20241106;102359;343.93;10;11386590266;S
20241106;102359;343.92;10;11386590267;S
20241106;102359;343.85;360;11386590268;S
20241106;102359;343.83;30;11386590269;S
20241106;102359;343.82;400;11386590270;S
20241106;102359;343.74;10;11386590271;S
20241106;102359;343.59;10;11386590272;S
20241106;102359;343.59;500;11386590273;S
20241106;102359;343.59;500;11386590274;S
20241106;102359;343.59;500;11386590275;S
20241106;102359;343.58;340;11386590276;S
20241106;102359;343.57;500;11386590277;S
20241106;102359;343.57;40;11386590278;S
20241106;102359;343.51;320;11386590288;S
20241106;102400;343.68;10;11386590665;B
20241106;102403;343.6;140;11386591688;S
20241106;102403;343.59;70;11386591689;S
20241106;102403;343.53;30;11386591690;S
20241106;102403;343.51;360;11386591691;S
20241106;102403;343.5;10;11386591692;S
20241106;102403;343.5;10;11386591693;S
20241106;102403;343.48;30;11386591694;S
20241106;102403;343.44;500;11386591695;S
20241106;102403;343.43;200;11386591696;S
20241106;102403;343.4;10;11386591697;S
20241106;102403;343.38;500;11386591698;S
20241106;102403;343.37;500;11386591699;S
20241106;102403;343.37;30;11386591700;S
20241106;102403;343.36;230;11386591701;S
20241106;102403;343.35;20;11386591702;S
20241106;102403;343.35;230;11386591703;S
20241106;102403;343.34;230;11386591704;S
20241106;102403;343.33;230;11386591705;S
20241106;102403;343.32;70;11386591706;S
20241106;102403;343.32;160;11386591715;S
20241106;102403;343.31;230;11386591716;S
20241106;102403;343.3;110;11386591717;S
20241106;102404;343.5;10;11386591852;B
20241106;102404;343.31;90;11386591976;B
20241106;102412;343.31;30;11386594201;S
20241106;102416;343.31;70;11386595534;S
20241106;102416;343.3;120;11386595535;S
20241106;102416;343.29;230;11386595536;S
20241106;102419;343.28;230;11386596455;S
20241106;102419;343.27;230;11386596456;S
20241106;102436;343.2;10;11386601129;S
20241106;102436;343.2;10;11386601130;S
20241106;102436;343.2;10;11386601131;S
20241106;102436;343.2;30;11386601170;S
20241106;102436;343.2;80;11386601174;S
20241106;102438;343.2;100;11386601627;S
20241106;102443;343.2;280;11386603043;S
20241106;102443;343.13;60;11386603044;S
20241106;102443;343.12;10;11386603045;S
20241106;102444;343.02;30;11386603293;S
20241106;102446;343.02;40;11386603612;S
20241106;102452;343.01;10;11386605240;S
20241106;102454;343.06;20;11386605876;B
20241106;102455;343;10;11386606189;S
20241106;102455;342.98;50;11386606190;S
20241106;102455;342.92;10;11386606191;S
20241106;102455;342.91;10;11386606192;S
20241106;102455;342.88;10;11386606193;S
20241106;102455;342.86;10;11386606194;S
20241106;102455;342.83;10;11386606195;S
20241106;102455;342.82;40;11386606196;S
20241106;102455;342.82;10;11386606234;S
20241106;102455;342.72;20;11386606235;S
20241106;102455;342.72;10;11386606236;S
20241106;102456;342.56;50;11386606439;S
20241106;102456;342.5;10;11386606456;S
20241106;102456;342.4;20;11386606457;S
20241106;102456;342.4;20;11386606458;S
20241106;102456;342.39;10;11386606459;S
20241106;102456;342.38;10;11386606460;S
20241106;102456;342.38;10;11386606461;S
20241106;102456;342.37;300;11386606462;S
20241106;102456;342.36;100;11386606463;S
20241106;102456;342.36;360;11386606464;S
20241106;102456;342.33;500;11386606465;S
20241106;102456;342.32;130;11386606466;S
20241106;102456;342.32;60;11386606467;S
20241106;102456;342.3;30;11386606468;S
20241106;102456;342.25;500;11386606469;S
20241106;102456;342.25;500;11386606470;S
20241106;102456;342.25;500;11386606471;S
20241106;102456;342.24;240;11386606472;S
20241106;102456;342.24;400;11386606473;S
20241106;102456;342.23;240;11386606474;S
20241106;102456;342.22;240;11386606475;S
20241106;102456;342.21;240;11386606476;S
20241106;102456;342.21;60;11386606477;S
20241106;102456;342.2;240;11386606478;S
20241106;102456;342.19;240;11386606479;S
20241106;102456;342.18;240;11386606480;S
20241106;102456;342.17;240;11386606481;S
20241106;102456;342.16;240;11386606482;S
20241106;102456;342.15;240;11386606483;S
20241106;102456;342.04;100;11386606484;S
20241106;102456;342.04;10;11386606485;S
20241106;102456;342.04;50;11386606486;S
20241106;102456;342.02;20;11386606487;S
20241106;102456;342;50;11386606488;S
20241106;102456;342;50;11386606489;S
20241106;102456;342;400;11386606490;S
20241106;102456;342;10;11386606491;S
20241106;102456;342;50;11386606492;S
20241106;102456;342;100;11386606493;S
20241106;102456;342;100;11386606494;S
20241106;102456;341.99;410;11386606495;S
20241106;102457;341.95;20;11386606677;S
20241106;102457;341.96;190;11386606726;S
20241106;102457;342;20;11386606762;S
20241106;102457;341.95;50;11386606763;S
20241106;102457;341.93;20;11386606764;S
20241106;102457;341.92;210;11386606765;S
20241106;102457;341.93;90;11386606767;B
20241106;102458;342.05;10;11386606868;S
20241106;102503;342.36;10;11386608407;B
20241106;102506;342.17;10;11386609121;S
20241106;102506;342.17;10;11386609122;S
20241106;102506;342.16;20;11386609123;S
20241106;102506;342.15;30;11386609124;S
20241106;102506;342.15;10;11386609125;S
20241106;102506;342.21;30;11386609132;S
20241106;102506;342.17;300;11386609133;S
20241106;102506;342.16;80;11386609134;S
20241106;102507;342.11;10;11386609609;S
20241106;102507;342.1;10;11386609610;S
20241106;102507;342.08;30;11386609611;S
20241106;102507;342.07;50;11386609612;S
20241106;102509;342.37;50;11386610457;B
20241106;102510;342.11;30;11386610557;S
20241106;102510;342.07;10;11386610558;S
20241106;102510;342.06;300;11386610559;S
20241106;102510;342.06;300;11386610560;S
20241106;102510;342.05;50;11386610561;S
20241106;102510;342.05;310;11386610562;S
20241106;102518;342.2;90;11386612577;B
20241106;102518;342.37;480;11386612578;B
20241106;102518;342.37;60;11386612579;B
20241106;102518;342.38;170;11386612580;B
20241106;102519;342.38;370;11386612833;B
20241106;102519;342.62;20;11386612834;B
20241106;102529;342.8;90;11386615254;S
20241106;102529;342.76;100;11386615255;S
20241106;102529;342.74;10;11386615256;S
20241106;102529;342.58;30;11386615257;S
20241106;102529;342.47;300;11386615258;S
20241106;102529;342.47;300;11386615259;S
20241106;102529;342.46;300;11386615260;S
