<DATE>;<TIME>;<LAST>;<VOL>;<ID>;<OPER>
20241113;095953;342.5;160;11415565510;S
20241113;095953;342.5;30;11415565511;B
20241113;095953;342.5;110;11415565512;B
20241113;095953;342.5;10;11415565513;S
20241113;095953;342.5;30;11415565514;B
20241113;100001;342.47;20;11415567742;S
20241113;100001;342.46;40;11415567743;S
20241113;100002;342.56;10;11415568373;B
20241113;100002;342.6;90;11415568374;B
20241113;100002;342.64;10;11415568375;B
20241113;100002;342.64;70;11415568376;B
20241113;100002;342.68;170;11415568377;S
20241113;100006;342.82;10;11415574772;B
20241113;100007;342.83;70;11415575986;B
20241113;100011;342.46;20;11415578139;S
20241113;100011;342.46;10;11415578140;S
20241113;100011;342.42;20;11415578141;S
20241113;100015;342.3;10;11415579225;S
20241113;100015;342.3;10;11415579226;S
20241113;100026;342.39;30;11415582472;B
20241113;100028;342.49;20;11415582976;B
20241113;100029;342.49;180;11415583068;B
20241113;100033;342.49;10;11415584232;S
20241113;100034;342.5;10;11415584426;B
20241113;100039;342.46;10;11415585504;B
20241113;100041;342.3;10;11415585964;S
20241113;100041;342.3;10;11415585965;S
20241113;100041;342.3;10;11415585966;S
20241113;100041;342.3;10;11415585967;S
20241113;100041;342.3;20;11415585968;S
20241113;100043;342.3;10;11415586187;S
20241113;100043;342.3;10;11415586188;S
20241113;100055;342.33;10;11415589648;B
20241113;100059;342.14;50;11415590800;S
20241113;100111;342.22;40;11415593646;B
20241113;100111;342.23;160;11415593647;B
20241113;100114;342.23;20;11415594354;B
20241113;100114;342.24;2000;11415594355;B
20241113;100114;342.24;180;11415594356;B
20241113;100114;342.24;180;11415594357;B
20241113;100114;342.31;2000;11415594358;B
20241113;100114;342.34;10;11415594359;B
20241113;100115;342.49;10;11415594392;B
20241113;100126;342.81;10;11415596670;B
20241113;100133;342.98;10;11415598021;B
20241113;100142;342.82;30;11415599654;S
20241113;100143;342.94;50;11415599932;B
20241113;100153;342.94;10;11415602368;S
20241113;100200;342.93;10;11415603934;B
20241113;100202;342.82;10;11415604219;S
20241113;100202;342.6;10;11415604220;S
20241113;100205;342.6;10;11415605020;S
20241113;100223;342.85;80;11415609948;B
20241113;100226;342.9;30;11415610607;B
20241113;100227;342.91;80;11415611033;B
20241113;100238;342.92;200;11415613302;B
20241113;100240;342.99;10;11415613755;B
20241113;100246;342.95;10;11415614668;B
20241113;100252;342.96;50;11415615898;B
20241113;100259;342.98;10;11415617170;B
20241113;100311;342.95;40;11415620854;B
20241113;100311;343;10;11415620855;B
20241113;100311;343.01;150;11415620856;B
20241113;100311;343.13;60;11415620857;B
20241113;100311;343.01;10;11415621046;S
20241113;100316;343;40;11415622200;S
20241113;100316;343;10;11415622201;S
20241113;100316;342.99;40;11415622202;S
20241113;100328;343.04;60;11415625650;B
20241113;100328;343.08;10;11415625651;B
20241113;100328;343.1;10;11415625652;B
20241113;100328;343.14;20;11415625653;B
20241113;100329;343.14;10;11415625895;B
20241113;100329;343.15;40;11415625896;B
20241113;100338;343.14;20;11415628032;B
20241113;100338;343.14;10;11415628033;B
20241113;100338;343.15;560;11415628034;B
20241113;100338;343.16;230;11415628035;B
20241113;100338;343.16;20;11415628036;B
20241113;100338;343.17;160;11415628037;B
20241113;100342;343.14;10;11415629100;S
20241113;100347;343.15;10;11415630076;B
20241113;100347;343.16;140;11415630077;B
20241113;100356;343;10;11415632191;S
20241113;100356;342.99;60;11415632192;S
20241113;100356;342.99;10;11415632193;S
20241113;100357;342.99;10;11415632231;B
20241113;100357;343;40;11415632232;B
20241113;100357;343.01;10;11415632233;B
20241113;100357;343.16;40;11415632234;B
20241113;100357;343.16;100;11415632342;B
20241113;100358;343.16;10;11415632483;B
20241113;100358;343.16;10;11415632634;B
20241113;100359;343.16;10;11415632684;B
20241113;100359;343.16;10;11415632788;B
20241113;100408;343.14;150;11415634689;B
20241113;100409;343.14;50;11415634853;S
20241113;100418;343.14;50;11415637128;B
20241113;100419;343.14;10;11415637320;B
20241113;100426;343.14;10;11415638803;B
20241113;100430;343.14;10;11415639524;B
20241113;100433;342.99;10;11415640324;S
20241113;100433;342.94;30;11415640325;S
20241113;100433;342.88;10;11415640326;S
20241113;100436;342.83;10;11415640803;S
20241113;100436;342.76;10;11415640804;S
20241113;100436;342.72;30;11415640805;S
20241113;100436;342.71;110;11415640806;S
20241113;100436;342.71;30;11415640807;S
20241113;100436;342.7;500;11415640808;S
20241113;100436;342.7;150;11415640809;S
20241113;100436;342.69;30;11415640810;S
20241113;100436;342.69;120;11415640811;S
20241113;100436;342.68;500;11415640812;S
20241113;100436;342.67;10;11415640813;S
20241113;100436;342.67;450;11415640814;S
20241113;100449;342.86;10;11415644382;S
20241113;100449;342.86;410;11415644383;B
20241113;100449;342.89;60;11415644498;B
20241113;100449;342.9;40;11415644499;B
20241113;100450;342.9;170;11415644825;B
20241113;100452;343.11;30;11415645238;B
20241113;100453;343.17;70;11415645528;B
20241113;100453;343.18;30;11415645529;B
20241113;100504;343.09;10;11415647974;B
20241113;100504;343.1;10;11415647975;B
20241113;100504;343.09;10;11415648001;B
20241113;100504;343.15;20;11415648002;B
20241113;100504;343.17;70;11415648003;B
20241113;100505;343.1;20;11415648262;B
20241113;100506;343.17;100;11415648618;B
20241113;100506;343.17;100;11415648735;B
20241113;100506;343.17;10;11415648771;B
20241113;100506;343.17;50;11415648971;B
20241113;100514;343.17;10;11415650925;B
20241113;100514;343.18;90;11415650926;B
20241113;100515;343.18;10;11415651168;B
20241113;100515;343.18;20;11415651220;B
20241113;100516;343.18;80;11415651444;B
20241113;100516;343.19;20;11415651445;B
20241113;100518;343.19;210;11415651972;B
20241113;100518;343.2;230;11415651973;B
20241113;100518;343.21;230;11415651974;B
20241113;100518;343.22;230;11415651975;B
20241113;100518;343.23;230;11415651976;B
20241113;100518;343.24;230;11415651977;B
20241113;100518;343.25;230;11415651978;B
20241113;100518;343.46;120;11415651979;B
20241113;100518;343.47;30;11415651980;B
20241113;100518;343.54;2000;11415651981;B
20241113;100518;343.55;40;11415651982;B
20241113;100518;343.62;140;11415651983;B
20241113;100518;343.62;10;11415651984;B
20241113;100518;343.62;10;11415651985;B
20241113;100518;343.62;20;11415651986;S
20241113;100519;343.82;10;11415652289;B
20241113;100519;343.82;100;11415652313;B
20241113;100520;344.01;30;11415652391;B
20241113;100520;344.03;10;11415652392;B
20241113;100520;344.15;10;11415652393;B
20241113;100521;344.01;10;11415652827;S
20241113;100521;343.95;40;11415652828;S
20241113;100521;343.94;100;11415652829;S
20241113;100521;343.82;30;11415652830;S
20241113;100521;343.72;10;11415652831;S
20241113;100521;343.68;240;11415652832;S
20241113;100521;343.67;120;11415652833;S
20241113;100521;343.64;120;11415652834;S
20241113;100521;343.63;330;11415652835;S
20241113;100529;343.41;20;11415655583;B
20241113;100531;343.63;40;11415656252;B
20241113;100531;343.81;50;11415656253;B
20241113;100536;343.92;70;11415657214;S
20241113;100537;343.96;10;11415657408;B
20241113;100538;343.96;10;11415657702;B
20241113;100538;343.97;40;11415657703;B
20241113;100542;343.94;10;11415658491;B
20241113;100547;343.63;20;11415659277;S
20241113;100548;343.91;40;11415659484;B
20241113;100548;343.92;10;11415659485;B
20241113;100548;343.94;10;11415659486;B
20241113;100548;343.96;10;11415659487;B
20241113;100548;343.98;10;11415659488;B
20241113;100548;343.98;30;11415659489;B
20241113;100548;343.98;30;11415659490;B
20241113;100548;344.08;60;11415659491;B
20241113;100555;344.04;10;11415660796;B
20241113;100555;344.08;10;11415660797;B
20241113;100555;344.1;10;11415660798;B
20241113;100555;344.15;20;11415660799;B
20241113;100555;344.16;250;11415660800;B
20241113;100606;344.04;20;11415662902;S
20241113;100610;344.06;10;11415663642;B
20241113;100610;344.07;10;11415663643;B
20241113;100610;344.08;20;11415663644;B
20241113;100610;344.08;40;11415663645;S
20241113;100619;344.03;10;11415665576;B
20241113;100619;344.04;30;11415665577;B
20241113;100619;344.05;10;11415665578;B
20241113;100619;344.08;780;11415665579;S
20241113;100619;343.98;40;11415665581;S
20241113;100620;343.88;10;11415665682;S
20241113;100620;343.69;110;11415665684;S
20241113;100620;343.68;100;11415665685;S
20241113;100620;343.68;20;11415665686;B
20241113;100620;343.68;90;11415665770;B
20241113;100620;343.55;20;11415665817;S
20241113;100620;343.54;110;11415665823;B
20241113;100620;343.63;60;11415665824;B
20241113;100620;344;130;11415665825;S
20241113;100620;343.92;90;11415665829;S
20241113;100635;343.47;10;11415668562;B
20241113;100635;343.48;90;11415668563;B
20241113;100635;343.51;20;11415668564;B
20241113;100635;343.53;10;11415668565;B
20241113;100635;343.7;20;11415668566;S
20241113;100635;343.92;20;11415668676;S
20241113;100642;343.78;30;11415669951;S
20241113;100646;343.54;120;11415670651;S
20241113;100646;343.53;100;11415670652;S
20241113;100646;343.47;50;11415670653;S
20241113;100646;343.41;230;11415670654;S
20241113;100657;343.47;10;11415672711;S
20241113;100702;343.38;10;11415673335;S
20241113;100702;343.37;30;11415673336;S
20241113;100702;343.34;10;11415673337;S
20241113;100702;343.33;20;11415673338;S
20241113;100708;343.67;10;11415674131;B
20241113;100736;343.88;20;11415678335;S
20241113;100739;343.88;10;11415678885;S
20241113;100741;344.03;10;11415679203;B
20241113;100741;344.1;20;11415679204;B
20241113;100741;344.1;20;11415679205;B
20241113;100750;344.17;10;11415680854;B
20241113;100750;344.17;10;11415680855;B
20241113;100750;344.18;10;11415680856;B
20241113;100750;344.19;10;11415680857;B
20241113;100750;344.2;20;11415680858;B
20241113;100750;344.25;20;11415680859;B
20241113;100750;344.21;100;11415680988;S
20241113;100752;344.17;50;11415681424;B
20241113;100754;344.24;10;11415681722;S
20241113;100754;344.44;10;11415681997;B
20241113;100755;344.56;100;11415682084;S
20241113;100755;344.43;10;11415682087;S
20241113;100755;343.99;40;11415682088;S
20241113;100755;344.41;10;11415682197;B
20241113;100755;344.48;100;11415682344;S
20241113;100756;344.41;10;11415682602;S
20241113;100756;344.38;10;11415682603;S
20241113;100800;344.48;100;11415683382;B
20241113;100800;344.61;20;11415683383;B
20241113;100800;344.64;10;11415683384;B
20241113;100800;344.65;10;11415683385;B
20241113;100800;344.71;160;11415683386;B
20241113;100800;344.69;10;11415683429;B
20241113;100807;344.67;100;11415684556;S
20241113;100808;344.72;10;11415684917;B
20241113;100809;344.9;10;11415685059;B
20241113;100809;344.91;90;11415685060;B
20241113;100809;344.91;100;11415685154;B
20241113;100809;344.91;10;11415685224;B
20241113;100809;344.91;100;11415685263;B
20241113;100810;344.91;10;11415685757;B
20241113;100810;344.9;10;11415685927;B
20241113;100811;344.9;10;11415686095;B
20241113;100812;344.9;20;11415686429;B
20241113;100813;344.9;10;11415686649;B
20241113;100819;344.9;20;11415688009;B
20241113;100821;344.91;100;11415688402;B
20241113;100821;344.91;90;11415688407;B
20241113;100821;344.98;30;11415688534;B
20241113;100821;344.99;10;11415688535;B
20241113;100821;345;10;11415688536;B
20241113;100821;345;20;11415688537;B
20241113;100821;345.01;30;11415688538;B
20241113;100822;345.06;100;11415688662;B
20241113;100822;345.14;900;11415688663;B
20241113;100823;345.13;90;11415688987;B
20241113;100823;345;20;11415688993;S
20241113;100826;345.1;10;11415689675;B
20241113;100826;345.11;10;11415689676;B
20241113;100827;344.96;30;11415689795;S
20241113;100832;345.06;10;11415690607;B
20241113;100832;345.08;10;11415690608;B
20241113;100832;345.09;80;11415690609;B
20241113;100837;344.96;20;11415691419;S
20241113;100848;344.94;90;11415693205;S
20241113;100848;344.88;10;11415693206;S
20241113;100902;344.93;10;11415695092;B
20241113;100902;344.88;290;11415695102;S
20241113;100902;344.88;210;11415695103;S
20241113;100905;344.88;30;11415695506;S
20241113;100910;344.88;20;11415696215;S
20241113;100914;344.93;20;11415696749;B
20241113;100914;344.93;10;11415696750;B
20241113;100914;344.94;10;11415696751;B
20241113;100914;344.96;40;11415696752;B
20241113;100914;344.97;90;11415696753;B
20241113;100914;344.97;30;11415696754;B
20241113;100919;344.88;20;11415697734;S
20241113;100919;344.88;50;11415697735;S
20241113;100919;344.83;30;11415697736;S
20241113;100920;344.75;30;11415697751;S
20241113;100921;344.94;10;11415697964;B
20241113;100921;344.98;10;11415697965;B
20241113;100922;344.98;200;11415698047;B
20241113;100950;345;20;11415702087;S
20241113;101029;345.14;100;11415707671;B
20241113;101031;345.01;20;11415707984;S
20241113;101032;345.12;50;11415708164;B
20241113;101032;345.14;100;11415708165;B
20241113;101041;345;30;11415709497;S
20241113;101055;345.01;10;11415711715;B
20241113;101057;345.13;50;11415712091;B
20241113;101057;345.15;10;11415712092;B
20241113;101058;345.17;20;11415712185;B
20241113;101058;345.19;230;11415712186;B
20241113;101058;345.2;230;11415712187;B
20241113;101058;345.21;120;11415712188;B
20241113;101100;345.21;100;11415712532;B
20241113;101100;345.16;30;11415712533;S
20241113;101100;345.15;60;11415712534;S
20241113;101100;345.09;10;11415712535;B
20241113;101100;345.21;10;11415712536;B
20241113;101100;345.21;90;11415712537;B
20241113;101100;345.02;30;11415712586;S
20241113;101108;345.02;100;11415713650;B
20241113;101115;345.07;10;11415714430;B
20241113;101123;345.08;40;11415715276;B
20241113;101123;345.2;10;11415715302;B
20241113;101131;345.19;50;11415716334;B
20241113;101135;345.08;10;11415716768;S
20241113;101149;345.19;10;11415719010;B
20241113;101149;345.19;30;11415719049;S
20241113;101156;345.22;10;11415720129;B
20241113;101200;345.22;80;11415720908;B
20241113;101206;345.22;140;11415722010;B
20241113;101206;345.23;10;11415722011;B
20241113;101211;345.19;20;11415722760;S
20241113;101214;345.23;140;11415723330;B
20241113;101215;345.22;10;11415723348;S
20241113;101216;345.23;80;11415723504;B
20241113;101220;345.24;10;11415724316;B
20241113;101220;345.24;220;11415724321;B
20241113;101224;345.25;230;11415724998;B
20241113;101227;345.26;80;11415725332;B
20241113;101229;345.26;10;11415725661;B
20241113;101238;345.26;10;11415726863;B
20241113;101239;345.23;20;11415726935;S
20241113;101239;345.22;80;11415726936;S
20241113;101243;345.26;40;11415727509;B
20241113;101314;345.26;30;11415731816;B
20241113;101327;345.24;30;11415734333;S
20241113;101332;345.25;10;11415735169;B
20241113;101332;345.25;40;11415735170;B
20241113;101332;345.26;30;11415735171;B
20241113;101340;345.25;10;11415736379;B
20241113;101340;345.26;30;11415736380;B
20241113;101340;345.26;60;11415736381;B
20241113;101343;345.22;1100;11415736745;S
20241113;101344;345.26;10;11415736846;B
20241113;101346;345.22;310;11415737246;S
20241113;101346;345.22;20;11415737247;S
20241113;101346;345.19;10;11415737250;S
20241113;101405;345.13;10;11415740412;B
20241113;101412;345.08;10;11415741394;S
20241113;101412;345.04;10;11415741395;S
20241113;101412;345.02;500;11415741396;S
20241113;101412;345.01;10;11415741397;S
20241113;101412;345.01;110;11415741398;S
20241113;101412;345;270;11415741399;S
20241113;101412;345;20;11415741400;S
20241113;101412;345;50;11415741401;S
20241113;101412;345;10;11415741402;S
20241113;101412;345;700;11415741403;S
20241113;101412;345;10;11415741404;S
20241113;101412;345;10;11415741405;S
20241113;101412;345;10;11415741406;S
20241113;101412;345;10;11415741407;S
20241113;101412;344.99;10;11415741408;S
20241113;101412;345;100;11415741409;B
20241113;101412;344.88;360;11415741410;S
20241113;101413;344.83;10;11415741526;S
20241113;101413;344.84;30;11415741602;B
20241113;101413;344.84;20;11415741603;B
20241113;101414;344.79;20;11415741739;S
20241113;101425;344.79;30;11415742832;S
20241113;101425;344.69;70;11415742833;S
20241113;101428;344.69;490;11415743225;S
20241113;101428;344.71;10;11415743226;B
20241113;101428;344.56;20;11415743227;S
20241113;101428;344.52;30;11415743228;B
20241113;101428;344.53;60;11415743229;B
20241113;101428;344.36;10;11415743232;S
20241113;101429;344.43;10;11415743351;B
20241113;101430;344.42;10;11415743390;B
20241113;101430;344.43;20;11415743391;B
20241113;101432;344.42;10;11415743699;B
20241113;101451;344.41;10;11415746554;B
20241113;101456;344.35;20;11415747211;S
20241113;101456;344.34;10;11415747212;S
20241113;101457;344.34;20;11415747383;S
20241113;101457;344.33;10;11415747384;S
20241113;101503;344.26;10;11415748477;B
20241113;101519;344.21;10;11415752645;B
20241113;101519;344.23;90;11415752720;B
20241113;101519;344.24;10;11415752721;B
20241113;101520;344.25;10;11415752806;B
20241113;101533;344.17;20;11415755763;S
20241113;101533;344.16;10;11415755764;S
20241113;101545;344.17;20;11415757690;S
20241113;101545;344.16;10;11415757691;S
20241113;101545;344.35;10;11415757774;B
20241113;101546;344.39;10;11415757938;B
20241113;101546;344.39;200;11415757939;B
20241113;101554;344.15;10;11415759185;S
20241113;101559;344.34;20;11415759798;B
20241113;101559;344.34;10;11415759799;B
20241113;101643;344.19;10;11415767415;S
20241113;101643;344.3;10;11415767434;B
20241113;101656;344.14;10;11415772691;B
20241113;101708;344.17;10;11415775711;B
20241113;101721;344.34;10;11415777795;B
20241113;101838;344.21;150;11415799989;B
20241113;101842;344.35;10;11415800886;B
20241113;101926;344.36;10;11415808626;S
20241113;101928;344.35;10;11415808906;S
20241113;101928;344.35;10;11415808907;S
20241113;101928;344.35;10;11415808908;S
20241113;101928;344.35;30;11415808909;B
20241113;102053;344.37;10;11415828969;B
20241113;102053;344.37;10;11415828970;B
20241113;102053;344.37;10;11415829021;B
20241113;102100;344.37;10;11415831580;B
20241113;102116;344.41;10;11415838046;B
20241113;102117;344.41;10;11415838558;B
20241113;102144;344.49;10;11415849952;S
20241113;102145;344.69;10;11415850894;B
20241113;102145;344.69;10;11415850895;B
20241113;102150;344.74;100;11415853109;B
20241113;102154;344.74;350;11415854885;B
20241113;102154;344.74;50;11415854886;B
20241113;102157;344.85;10;11415856305;B
20241113;102157;344.94;10;11415856306;B
20241113;102157;344.95;10;11415856307;B
20241113;102157;345.03;20;11415856308;B
20241113;102157;345.04;100;11415856309;B
20241113;102157;345.15;10;11415856310;B
20241113;102157;345.17;240;11415856311;B
20241113;102202;345.29;250;11415858383;B
20241113;102204;345.22;30;11415859411;B
20241113;102204;345.29;10;11415859412;B
20241113;102204;345.29;40;11415859413;B
20241113;102204;345.29;50;11415859414;B
20241113;102206;345.29;10;11415860235;B
20241113;102206;344.89;10;11415860547;S
20241113;102210;344.77;10;11415862751;S
20241113;102213;345.04;30;11415864052;B
20241113;102213;345.08;1170;11415864053;B
20241113;102213;345.09;120;11415864054;B
20241113;102213;345.11;10;11415864055;B
20241113;102213;345.13;170;11415864056;B
20241113;102220;345.28;50;11415867008;B
20241113;102220;345.34;30;11415867009;B
20241113;102220;345.4;10;11415867010;B
20241113;102220;345.42;10;11415867011;B
20241113;102220;345.48;400;11415867012;B
20241113;102225;345.21;10;11415867660;S
20241113;102225;345.19;20;11415867661;S
20241113;102235;345.29;10;11415869155;B
20241113;102235;345.45;10;11415869156;B
20241113;102235;345.5;10;11415869157;B
20241113;102236;345.51;10;11415869486;B
20241113;102236;345.54;20;11415869487;B
20241113;102236;345.55;10;11415869488;B
20241113;102242;345.55;10;11415870484;B
20241113;102242;345.67;140;11415870485;B
20241113;102242;345.73;10;11415870486;B
20241113;102242;345.77;600;11415870487;B
20241113;102242;345.77;600;11415870488;B
20241113;102242;345.78;160;11415870489;B
20241113;102242;345.82;300;11415870490;B
20241113;102242;345.83;100;11415870491;B
20241113;102242;345.86;10;11415870492;B
20241113;102242;345.94;70;11415870493;B
20241113;102242;345.93;10;11415870513;B
20241113;102242;345.94;20;11415870514;B
20241113;102242;345.94;20;11415870515;B
20241113;102242;345.96;50;11415870516;B
20241113;102242;345.96;50;11415870517;B
20241113;102242;345.99;600;11415870518;B
20241113;102242;345.99;50;11415870519;B
20241113;102243;345.72;10;11415870793;S
20241113;102243;345.72;20;11415870794;S
20241113;102248;345.66;10;11415871450;S
20241113;102258;345.99;200;11415873286;B
20241113;102302;345.99;10;11415873791;B
20241113;102306;345.99;350;11415874493;B
20241113;102306;345.99;270;11415874494;B
20241113;102306;345.99;60;11415874495;B
20241113;102306;345.99;320;11415874496;B
20241113;102307;345.99;30;11415874660;B
20241113;102307;346;270;11415874661;B
20241113;102308;346;720;11415874736;B
20241113;102308;346;300;11415874737;B
20241113;102308;346.03;60;11415874738;B
20241113;102308;346.05;60;11415874739;B
20241113;102308;346.1;40;11415874740;B
20241113;102308;346.22;20;11415874741;B
20241113;102323;346.15;20;11415877624;B
20241113;102323;346.18;10;11415877625;B
20241113;102323;346.19;10;11415877626;B
20241113;102323;346.23;10;11415877627;B
20241113;102323;346.29;50;11415877628;B
20241113;102336;346.29;10;11415879761;B
20241113;102336;346.29;10;11415879762;B
20241113;102338;346.29;200;11415880095;B
20241113;102340;346.2;10;11415880482;S
20241113;102350;346.16;10;11415882068;B
20241113;102351;346.24;10;11415882315;B
20241113;102351;346.27;10;11415882316;B
20241113;102351;346.29;80;11415882317;B
20241113;102354;346.2;90;11415882756;S
20241113;102358;346;30;11415883231;S
20241113;102407;346;70;11415884136;S
20241113;102407;346;30;11415884137;B
20241113;102407;346.03;20;11415884138;B
20241113;102407;346.05;20;11415884139;B
20241113;102407;346.12;10;11415884140;B
20241113;102407;346.15;10;11415884141;B
20241113;102407;346.21;10;11415884142;B
20241113;102407;345.97;20;11415884143;S
20241113;102409;345.92;70;11415884315;B
20241113;102409;345.95;20;11415884316;B
20241113;102409;345.97;10;11415884317;B
20241113;102418;345.87;30;11415885104;S
20241113;102418;345.78;10;11415885105;S
20241113;102418;345.77;160;11415885106;S
20241113;102419;345.99;10;11415885239;B
20241113;102419;346;10;11415885240;B
20241113;102419;346.09;40;11415885241;B
20241113;102419;346.1;140;11415885242;B
20241113;102427;346;100;11415886200;S
20241113;102436;345.99;20;11415887654;B
20241113;102436;346;200;11415887655;B
20241113;102436;346.09;20;11415887656;B
20241113;102436;346.09;170;11415887657;B
20241113;102446;346.01;10;11415889396;S
20241113;102446;346;10;11415889397;S
20241113;102456;346.09;10;11415890808;S
20241113;102456;346.09;140;11415890863;S
20241113;102456;346;60;11415890864;S
20241113;102458;346;500;11415891047;S
20241113;102458;346.1;10;11415891082;B
20241113;102513;346.1;20;11415893536;B
20241113;102513;346.14;70;11415893537;B
20241113;102513;346.15;60;11415893538;B
20241113;102518;346.15;30;11415894313;B
20241113;102518;346.19;120;11415894314;B
20241113;102541;346.14;10;11415897979;B
20241113;102543;346.02;10;11415898216;S
20241113;102543;346.01;10;11415898217;S
20241113;102543;346;430;11415898218;S
20241113;102543;346;10;11415898219;S
20241113;102545;345.79;10;11415898340;S
20241113;102612;345.98;10;11415903194;B
20241113;102612;345.99;10;11415903195;B
20241113;102612;345.99;10;11415903196;B
20241113;102612;346;30;11415903197;B
20241113;102612;346;210;11415903198;B
20241113;102626;346;20;11415905267;B
20241113;102626;346.09;10;11415905268;B
20241113;102626;346.09;10;11415905269;B
20241113;102626;346.1;60;11415905270;B
20241113;102626;346.1;900;11415905272;S
20241113;102626;346.19;10;11415905346;B
20241113;102639;346.11;10;11415907109;S
20241113;102639;346.1;100;11415907110;S
20241113;102651;346.11;10;11415908765;S
20241113;102651;346.1;20;11415908766;S
20241113;102654;346.18;10;11415909134;B
20241113;102703;346.19;200;11415909965;B
20241113;102704;346.1;30;11415909993;S
20241113;102717;346.12;30;11415911439;S
20241113;102717;346.11;10;11415911440;S
20241113;102717;346.1;260;11415911441;S
20241113;102718;346.19;50;11415911610;S
20241113;102720;346.11;50;11415911880;S
20241113;102720;346.1;90;11415911881;S
20241113;102720;346.1;50;11415911882;S
20241113;102720;346.04;30;11415911883;S
20241113;102720;346.02;70;11415911884;S
20241113;102720;346.01;480;11415911885;S
20241113;102720;346;1500;11415911886;S
20241113;102722;345.97;30;11415912126;B
20241113;102723;345.88;300;11415912179;S
20241113;102723;345.98;10;11415912247;B
20241113;102836;346.07;30;11415923016;B
20241113;102844;346.07;10;11415924196;B
20241113;102946;346.07;10;11415932088;S
20241113;102951;346.06;10;11415932559;B
20241113;102951;346.07;30;11415932560;B
20241113;103017;346.02;20;11415935526;B
20241113;103017;346.03;30;11415935527;B
20241113;103017;346.04;30;11415935528;B
20241113;103017;346.04;20;11415935529;B
20241113;103017;346.04;30;11415935530;B
20241113;103017;346.07;190;11415935531;B
20241113;103025;346;50;11415936509;S
20241113;103025;346.06;30;11415936580;B
20241113;103025;346.07;20;11415936581;B
20241113;103033;346.06;20;11415937722;B
20241113;103033;346.07;90;11415937723;B
20241113;103033;346;100;11415937808;S
20241113;103045;346.03;50;11415939450;S
20241113;103048;346.07;50;11415940081;B
20241113;103048;346.06;50;11415940098;S
20241113;103050;346.03;80;11415940415;S
20241113;103050;346.02;150;11415940417;S
20241113;103050;346.02;50;11415940634;S
20241113;103051;346.03;50;11415940916;S
20241113;103051;346.02;50;11415940917;S
20241113;103053;346.06;100;11415941140;B
20241113;103056;346.02;50;11415941743;S
20241113;103059;346.02;1700;11415942375;S
20241113;103059;346;20;11415942376;S
20241113;103106;346;130;11415943341;S
20241113;103106;345.94;80;11415943413;B
20241113;103106;345.95;80;11415943414;B
20241113;103107;345.88;250;11415943544;S
20241113;103107;345.88;10;11415943551;S
20241113;103107;345.88;10;11415943552;S
20241113;103110;345.88;590;11415943828;S
20241113;103110;345.88;10;11415943829;S
20241113;103110;345.88;340;11415943830;S
20241113;103110;345.83;80;11415943831;S
20241113;103110;345.82;50;11415943832;S
20241113;103128;345.89;600;11415946107;B
20241113;103130;345.89;50;11415946358;S
20241113;103134;345.92;10;11415946977;B
20241113;103134;345.92;90;11415946978;B
20241113;103149;345.92;20;11415949004;B
20241113;103207;345.81;10;11415951515;S
20241113;103207;345.8;20;11415951516;S
20241113;103207;345.8;80;11415951517;S
20241113;103213;345.8;1320;11415952207;S
20241113;103233;345.7;10;11415954439;S
20241113;103233;345.7;20;11415954440;S
20241113;103233;345.52;50;11415954441;S
20241113;103233;345.51;30;11415954442;S
20241113;103233;345.5;250;11415954443;S
20241113;103233;345.5;10;11415954444;S
20241113;103233;345.41;120;11415954446;S
20241113;103233;345.4;50;11415954447;S
20241113;103233;345.4;10;11415954448;S
20241113;103238;345.32;100;11415955000;B
20241113;103243;345.32;10;11415955363;B
20241113;103243;345.31;20;11415955445;S
20241113;103255;345.32;10;11415956599;B
20241113;103255;345.3;50;11415956602;S
20241113;103307;345.3;10;11415958074;S
20241113;103313;345.3;50;11415959025;S
20241113;103325;345.3;50;11415960707;S
20241113;103401;345.31;20;11415965191;B
20241113;103407;345.29;10;11415965968;S
20241113;103409;345.21;50;11415966179;S
20241113;103409;345.2;50;11415966180;S
20241113;103409;345.2;10;11415966181;S
20241113;103416;345.19;10;11415967117;S
20241113;103419;345.18;300;11415967425;S
20241113;103433;345.2;30;11415969076;B
20241113;103433;345.2;90;11415969077;B
20241113;103433;345.21;80;11415969078;B
20241113;103434;345.18;50;11415969318;S
20241113;103434;345.16;30;11415969319;S
20241113;103434;345.15;10;11415969320;S
20241113;103434;345.15;30;11415969321;S
20241113;103434;345.14;130;11415969322;S
20241113;103500;345.15;40;11415972783;S
20241113;103508;345.15;10;11415973849;S
20241113;103508;345.14;30;11415973850;S
20241113;103508;345.13;110;11415973851;S
20241113;103508;345.14;90;11415973858;S
20241113;103526;345.15;10;11415975810;S
20241113;103538;345.16;10;11415977024;B
20241113;103539;345.17;1120;11415977082;B
20241113;103539;345.17;20;11415977083;B
20241113;103539;345.17;30;11415977084;B
20241113;103539;345.17;330;11415977085;S
20241113;103540;345.18;10;11415977221;B
20241113;103542;345.16;10;11415977327;S
20241113;103556;345.14;10;11415979216;S
20241113;103559;345.15;20;11415979680;B
20241113;103559;345.16;10;11415979681;B
20241113;103604;345.16;40;11415980672;B
20241113;103604;345.17;20;11415980673;B
20241113;103604;345.18;40;11415980674;B
20241113;103604;345.18;20;11415980675;B
20241113;103604;345.22;20;11415980759;S
20241113;103604;345.21;40;11415980760;S
20241113;103615;345.24;60;11415982317;S
20241113;103615;345.23;50;11415982318;S
20241113;103615;345.22;50;11415982319;S
20241113;103615;345.21;90;11415982320;S
20241113;103623;345.24;10;11415983580;B
20241113;103631;345.21;750;11415984675;S
20241113;103633;345.21;100;11415985172;S
20241113;103633;345.21;400;11415985175;S
20241113;103638;345.15;350;11415986122;S
20241113;103638;345.13;390;11415986123;S
20241113;103639;345.11;10;11415986337;S
20241113;103659;345.18;40;11415989321;B
20241113;103714;345.18;10;11415991474;B
20241113;103735;345.18;30;11415994260;B
20241113;103755;345.11;10;11415996778;S
20241113;103815;345.17;30;11415999408;B
20241113;103827;345.17;10;11416000674;B
20241113;103858;345.11;10;11416004458;S
20241113;103859;345.11;50;11416004606;S
20241113;103923;345.11;310;11416007695;S
20241113;103925;345.11;90;11416007852;S
20241113;103926;345.11;20;11416008087;S
20241113;103926;345.11;20;11416008088;S
20241113;104003;345.09;10;11416013000;B
20241113;104003;345.1;50;11416013001;B
20241113;104003;345.1;40;11416013002;B
20241113;104003;345.11;20;11416013003;B
20241113;104003;345.12;300;11416013004;B
20241113;104003;345.14;50;11416013005;B
20241113;104003;345.14;30;11416013006;B
20241113;104003;345.17;50;11416013007;B
20241113;104003;345.2;110;11416013008;B
20241113;104003;345.21;480;11416013009;B
20241113;104003;345.21;600;11416013010;B
20241113;104003;345.22;300;11416013011;B
20241113;104003;345.22;500;11416013012;B
20241113;104003;345.27;360;11416013013;B
20241113;104003;345.3;10;11416013014;B
20241113;104003;345.31;20;11416013015;B
20241113;104003;345.31;3260;11416013016;B
20241113;104003;345.4;100;11416013017;B
20241113;104003;345.46;1000;11416013018;B
20241113;104003;345.5;10;11416013019;B
20241113;104003;345.56;30;11416013020;B
20241113;104003;345.6;1550;11416013021;B
20241113;104030;345.33;10;11416017317;S
20241113;104030;345.33;10;11416017326;S
20241113;104033;345.32;10;11416017617;S
20241113;104033;345.31;60;11416017618;S
20241113;104033;345.3;30;11416017619;S
20241113;104033;345.28;30;11416017620;S
20241113;104034;345.23;20;11416017727;B
20241113;104034;345.24;150;11416017728;B
20241113;104034;345.25;20;11416017729;B
20241113;104034;345.25;20;11416017730;B
20241113;104034;345.28;300;11416017731;B
20241113;104034;345.46;30;11416017732;B
20241113;104034;345.5;600;11416017733;B
20241113;104034;345.5;600;11416017734;B
20241113;104034;345.51;250;11416017735;B
20241113;104036;345.44;10;11416018027;B
20241113;104120;345.47;10;11416023443;S
20241113;104120;345.46;10;11416023444;S
20241113;104120;345.44;10;11416023445;S
20241113;104120;345.44;20;11416023446;S
20241113;104120;345.44;100;11416023447;B
20241113;104127;345.61;10;11416024256;B
20241113;104131;345.62;10;11416024779;B
20241113;104154;345.47;10;11416027579;S
20241113;104154;345.46;10;11416027580;S
20241113;104154;345.42;20;11416027581;S
20241113;104154;345.41;20;11416027582;S
20241113;104154;345.4;20;11416027583;S
20241113;104154;345.32;20;11416027584;S
20241113;104201;345.56;10;11416028502;S
20241113;104204;345.6;10;11416028879;B
20241113;104204;345.7;10;11416028880;B
20241113;104215;345.69;100;11416030120;B
20241113;104220;345.73;10;11416030704;S
20241113;104221;345.8;30;11416030761;B
20241113;104221;345.83;10;11416030762;B
20241113;104221;345.86;20;11416030763;B
20241113;104221;345.87;80;11416030764;B
20241113;104221;345.87;10;11416030765;B
20241113;104234;345.9;40;11416032105;B
20241113;104234;345.91;10;11416032106;B
20241113;104234;345.92;40;11416032107;B
20241113;104234;345.92;10;11416032108;B
20241113;104253;346;50;11416034823;B
20241113;104306;345.99;10;11416036407;B
20241113;104310;346;40;11416036914;B
20241113;104311;346;10;11416037135;B
20241113;104328;346;30;11416039116;B
20241113;104433;346;20;11416046371;B
20241113;104433;346;50;11416046372;B
20241113;104434;346;20;11416046700;B
20241113;104437;346;20;11416047147;B
20241113;104437;345.97;20;11416047283;B
20241113;104438;346;10;11416047323;B
20241113;104438;346;10;11416047324;B
20241113;104443;345.98;20;11416048126;B
20241113;104444;346;10;11416048214;B
20241113;104444;346.13;10;11416048215;B
20241113;104444;346.14;20;11416048216;B
20241113;104444;346.16;10;11416048217;B
20241113;104444;346.17;30;11416048218;B
20241113;104444;346.18;20;11416048219;B
20241113;104444;346.19;10;11416048220;B
20241113;104444;346.19;10;11416048221;B
20241113;104444;346.19;600;11416048222;B
20241113;104444;346.2;800;11416048223;B
20241113;104444;346.21;20;11416048224;B
20241113;104454;346.22;500;11416049943;B
20241113;104457;346.26;500;11416050430;B
20241113;104458;346.28;10;11416050616;B
20241113;104459;346.29;20;11416050777;B
20241113;104459;346.29;930;11416050778;B
20241113;104500;346.28;20;11416050921;S
20241113;104500;346.27;30;11416050922;S
20241113;104501;346.33;20;11416051237;B
20241113;104502;346.34;10;11416051305;B
20241113;104502;346.31;10;11416051359;S
20241113;104504;346.4;10;11416051542;B
20241113;104504;346.5;40;11416051543;B
20241113;104504;346.5;20;11416051564;B
20241113;104511;346.42;20;11416052405;S
20241113;104511;346.41;50;11416052406;S
20241113;104511;346.41;350;11416052407;B
20241113;104511;346.4;150;11416052408;B
20241113;104539;346.45;10;11416055527;B
20241113;104542;346.41;10;11416055789;S
20241113;104542;346.4;20;11416055790;S
20241113;104552;346.44;30;11416056986;B
20241113;104552;346.45;10;11416056987;B
20241113;104552;346.46;30;11416056988;B
20241113;104552;346.46;40;11416056989;B
20241113;104552;346.47;20;11416056990;B
20241113;104552;346.47;20;11416056991;B
20241113;104603;346.48;10;11416058498;B
20241113;104609;346.44;20;11416059302;S
20241113;104618;346.48;110;11416060380;B
20241113;104618;346.5;100;11416060381;B
20241113;104634;346.5;190;11416062373;B
20241113;104634;346.5;10;11416062374;B
20241113;104634;346.5;80;11416062375;B
20241113;104634;346.54;30;11416062376;B
20241113;104634;346.54;110;11416062377;B
20241113;104634;346.55;180;11416062378;B
20241113;104708;346.49;10;11416066212;S
20241113;104711;346.49;30;11416066727;B
20241113;104711;346.59;10;11416066728;B
20241113;104711;346.6;20;11416066729;B
20241113;104714;346.48;10;11416067294;S
20241113;104714;346.47;40;11416067295;S
20241113;104715;346.44;10;11416067372;S
20241113;104724;346.44;40;11416068628;S
20241113;104724;346.4;460;11416068629;S
20241113;104727;346.4;500;11416068937;S
20241113;104727;346.49;10;11416068940;B
20241113;104727;346.5;20;11416068941;B
20241113;104734;346.47;30;11416069815;B
20241113;104734;346.47;50;11416069816;B
20241113;104734;346.48;100;11416069817;B
20241113;104734;346.48;30;11416069818;B
20241113;104734;346.5;10;11416069819;B
20241113;104734;346.51;280;11416069820;B
20241113;104742;346.41;10;11416070840;S
20241113;104742;346.4;20;11416070841;S
20241113;104742;346.39;10;11416070842;S
20241113;104749;346.4;70;11416071701;B
20241113;104749;346.4;10;11416071702;B
20241113;104749;346.42;10;11416071703;B
20241113;104749;346.5;10;11416071704;B
20241113;104750;346.59;10;11416072006;B
20241113;104750;346.6;10;11416072007;B
20241113;104750;346.61;10;11416072008;B
20241113;104750;346.64;60;11416072036;B
20241113;104750;346.64;10;11416072037;B
20241113;104750;346.67;80;11416072038;B
20241113;104800;346.61;10;11416073159;B
20241113;104800;346.67;10;11416073160;B
20241113;104800;346.67;480;11416073161;B
20241113;104849;346.37;10;11416078784;S
20241113;104849;346.36;20;11416078785;S
20241113;104908;346.32;10;11416081390;S
20241113;104908;346.22;10;11416081391;S
20241113;104917;346.32;50;11416082281;B
20241113;104917;346.36;20;11416082282;B
20241113;104917;346.44;10;11416082283;B
20241113;104917;346.47;300;11416082284;B
20241113;104918;346.57;10;11416082442;S
20241113;104919;346.67;10;11416082511;B
20241113;104924;346.67;40;11416083058;B
20241113;104924;346.67;20;11416083059;B
20241113;104924;346.67;10;11416083060;B
20241113;104924;346.68;20;11416083061;B
20241113;104924;346.7;10;11416083062;B
20241113;104924;346.7;500;11416083063;B
20241113;104924;346.7;100;11416083064;B
20241113;104924;346.7;20;11416083065;B
20241113;104924;346.73;30;11416083066;B
20241113;104924;346.83;250;11416083067;B
20241113;104946;346.89;10;11416084901;B
20241113;104946;346.9;10;11416084902;B
20241113;104950;346.89;10;11416085219;B
20241113;104950;346.9;20;11416085220;B
20241113;104950;346.91;10;11416085221;B
20241113;104950;346.94;10;11416085222;B
20241113;104950;346.94;80;11416085223;B
20241113;104950;346.97;170;11416085224;B
20241113;104953;346.83;20;11416085496;S
20241113;104956;346.96;20;11416085685;B
20241113;104956;346.98;20;11416085686;B
20241113;104956;346.99;10;11416085687;B
20241113;104956;346.99;20;11416085688;B
20241113;104956;346.99;90;11416085689;B
20241113;105005;346.94;20;11416086725;B
20241113;105015;346.95;50;11416087878;B
20241113;105015;346.95;100;11416087879;B
20241113;105015;346.96;20;11416087880;B
20241113;105015;346.98;10;11416087881;B
20241113;105022;346.9;10;11416088667;S
20241113;105022;346.89;100;11416088668;S
20241113;105028;346.89;10;11416089631;B
20241113;105028;346.9;10;11416089632;B
20241113;105030;346.9;80;11416089805;B
20241113;105030;346.9;10;11416089806;B
20241113;105030;346.92;10;11416089807;B
20241113;105030;346.92;10;11416089808;B
20241113;105030;346.96;10;11416089809;B
20241113;105030;346.98;10;11416089810;B
20241113;105030;346.99;600;11416089811;B
20241113;105030;347;270;11416089812;B
20241113;105037;346.98;10;11416091327;S
20241113;105041;346.98;20;11416092238;B
20241113;105041;346.99;20;11416092239;B
20241113;105041;346.99;600;11416092240;B
20241113;105041;347;230;11416092241;B
20241113;105041;347;10;11416092242;B
20241113;105041;347;10;11416092243;B
20241113;105041;347;60;11416092244;B
20241113;105041;347;500;11416092245;B
20241113;105102;347.02;10;11416095365;S
20241113;105109;347.12;10;11416095982;B
20241113;105109;347.14;10;11416095983;B
20241113;105112;347.01;10;11416096356;S
20241113;105112;347;40;11416096357;S
20241113;105115;347;70;11416096671;S
20241113;105120;347;440;11416097143;S
20241113;105120;347;10;11416097144;S
20241113;105120;347;10;11416097145;S
20241113;105120;347;30;11416097146;S
20241113;105120;347;10;11416097147;S
20241113;105130;347;50;11416098396;S
20241113;105133;347;50;11416098824;S
20241113;105139;347;10;11416099634;S
20241113;105155;347;250;11416101342;S
20241113;105203;347;200;11416102297;S
20241113;105218;347.04;10;11416103904;B
20241113;105218;347.05;60;11416103957;B
20241113;105231;347.04;20;11416104805;B
20241113;105231;347.05;40;11416104806;B
20241113;105231;347.05;20;11416104807;B
20241113;105231;347.09;420;11416104808;B
20241113;105234;347.01;10;11416105122;S
20241113;105234;347;50;11416105123;S
20241113;105245;347.01;20;11416105931;B
20241113;105306;346.85;10;11416108598;S
20241113;105306;346.84;40;11416108599;S
20241113;105306;346.84;10;11416108600;S
20241113;105306;346.82;10;11416108601;S
20241113;105306;346.8;20;11416108602;S
20241113;105306;346.8;480;11416108603;S
20241113;105306;346.79;1000;11416108604;S
20241113;105307;346.8;30;11416108761;B
20241113;105307;346.82;20;11416108762;B
20241113;105307;346.84;20;11416108763;B
20241113;105307;346.84;30;11416108764;B
20241113;105307;346.96;480;11416108765;B
20241113;105307;346.96;420;11416108766;B
20241113;105326;346.91;40;11416114268;B
20241113;105326;346.92;10;11416114269;B
20241113;105326;346.93;40;11416114270;B
20241113;105326;346.93;100;11416114271;B
20241113;105326;346.96;410;11416114272;B
20241113;105335;346.96;10;11416116640;S
20241113;105345;346.95;30;11416118160;B
20241113;105345;346.96;40;11416118161;B
20241113;105407;346.98;100;11416121111;B
20241113;105421;346.85;10;11416122493;S
20241113;105431;346.86;10;11416123666;S
20241113;105433;346.95;10;11416123825;B
20241113;105444;346.83;10;11416124931;S
20241113;105448;346.82;50;11416125335;B
20241113;105514;346.8;10;11416127918;S
20241113;105514;346.79;90;11416127919;S
20241113;105520;346.83;10;11416128355;B
20241113;105520;346.84;90;11416128356;B
20241113;105526;346.81;10;11416128757;S
20241113;105530;346.84;110;11416129136;B
20241113;105537;346.86;10;11416129685;B
20241113;105552;346.96;10;11416131140;B
20241113;105552;346.98;10;11416131141;B
20241113;105554;347;500;11416131314;B
20241113;105554;347;100;11416131315;B
20241113;105555;347.01;70;11416131460;B
20241113;105556;347.08;10;11416131472;B
20241113;105556;347.11;50;11416131473;B
20241113;105556;347.16;20;11416131474;B
20241113;105556;347.17;20;11416131475;B
20241113;105556;347.17;50;11416131482;B
20241113;105557;347.05;10;11416131689;S
20241113;105557;347.18;20;11416131691;B
20241113;105626;347.01;10;11416134737;S
20241113;105626;347.01;10;11416134738;S
20241113;105634;347;10;11416135653;B
20241113;105634;347.01;30;11416135654;B
20241113;105641;346.94;10;11416136353;S
20241113;105641;346.93;40;11416136354;S
20241113;105707;347;370;11416138994;S
20241113;105707;347;10;11416138995;S
20241113;105707;346.98;10;11416138996;S
20241113;105707;346.94;30;11416138997;S
20241113;105707;346.9;20;11416138998;S
20241113;105737;347.07;10;11416142555;B
20241113;105737;347.07;10;11416142556;B
20241113;105737;347.07;10;11416142557;B
20241113;105737;347.13;10;11416142558;B
20241113;105737;347.14;10;11416142559;B
20241113;105737;347.17;50;11416142560;B
20241113;105756;347.07;80;11416144783;B
20241113;105756;347.07;20;11416144847;B
20241113;105756;347.13;20;11416144848;B
20241113;105756;347.14;20;11416144849;B
20241113;105807;347.13;10;11416146136;B
20241113;105807;347.14;30;11416146137;B
20241113;105809;347.16;500;11416146499;B
20241113;105810;347.18;10;11416146599;B
20241113;105810;347.18;2380;11416146600;B
20241113;105811;347.19;20;11416146734;B
20241113;105811;347.2;30;11416146735;B
20241113;105811;347.2;50;11416146741;B
20241113;105811;347.2;10;11416146798;B
20241113;105812;347.2;50;11416146826;B
20241113;105812;347.2;2000;11416146827;B
20241113;105812;347.2;60;11416146828;B
20241113;105812;347.2;200;11416146829;B
20241113;105818;347.2;20;11416147563;B
20241113;105821;347.2;10;11416147934;B
20241113;105824;347.2;100;11416148287;B
20241113;105824;347.2;10;11416148288;B
20241113;105827;347.2;20;11416148694;B
20241113;105828;347.2;10;11416148786;B
20241113;105830;347.2;20;11416149006;B
20241113;105835;347.2;20;11416149720;B
20241113;105836;347.2;10;11416149933;B
20241113;105837;347.17;10;11416150047;S
20241113;105837;347.2;10;11416150048;B
20241113;105838;347.2;10;11416150249;B
20241113;105839;347.2;10;11416150472;B
20241113;105841;347.19;10;11416150570;B
20241113;105851;347.2;20;11416151969;B
20241113;105852;347.2;330;11416152141;B
20241113;105854;347.29;10;11416152491;B
20241113;105854;347.29;10;11416152492;B
20241113;105855;347.29;30;11416152598;B
20241113;105910;347.42;20;11416154461;B
20241113;105910;347.44;10;11416154462;B
20241113;105910;347.45;20;11416154463;B
20241113;105910;347.48;10;11416154464;B
20241113;105910;347.48;10;11416154465;B
20241113;105910;347.5;90;11416154466;B
20241113;105910;347.5;10;11416154484;B
20241113;105910;347.5;50;11416154485;B
20241113;105910;347.53;140;11416154486;B
20241113;105913;347.38;10;11416154826;S
20241113;105913;347.37;30;11416154827;S
20241113;105913;347.34;10;11416154828;S
20241113;105913;347.33;100;11416154829;S
20241113;105926;347.48;10;11416156372;B
20241113;105926;347.53;60;11416156373;B
20241113;105928;347.45;30;11416156634;S
20241113;105928;347.39;50;11416156635;S
20241113;105929;347.64;10;11416156789;B
20241113;105929;347.7;90;11416156790;B
20241113;105943;347.66;10;11416158515;S
20241113;105943;347.65;20;11416158516;S
20241113;105945;347.69;30;11416158780;B
20241113;105951;347.69;10;11416159704;B
20241113;105951;347.7;10;11416159705;B
20241113;105951;347.7;100;11416159706;B
20241113;105951;347.69;200;11416159717;B
20241113;110001;347.68;100;11416161131;B
20241113;110001;347.69;30;11416161132;B
20241113;110001;347.7;10;11416161133;B
20241113;110003;347.74;20;11416161620;B
20241113;110003;347.75;50;11416161621;B
20241113;110004;347.7;10;11416161628;S
20241113;110004;347.79;50;11416161673;B
20241113;110004;347.81;60;11416161674;B
20241113;110004;347.87;180;11416161675;B
20241113;110005;347.72;10;11416161845;S
20241113;110005;347.7;10;11416161846;S
20241113;110010;347.69;10;11416162873;S
20241113;110014;347.65;50;11416163324;S
20241113;110026;347.69;10;11416165019;B
20241113;110036;347.65;10;11416166292;S
20241113;110036;347.47;10;11416166293;S
20241113;110118;347.53;10;11416169950;S
20241113;110118;347.52;10;11416169951;S
20241113;110148;347.69;10;11416176425;B
20241113;110148;347.7;10;11416176427;B
20241113;110152;347.62;30;11416177184;S
20241113;110152;347.62;10;11416177185;S
20241113;110152;347.59;10;11416177186;S
20241113;110152;347.54;150;11416177187;S
20241113;110200;347.73;10;11416178928;B
20241113;110202;347.74;10;11416179666;B
20241113;110205;347.61;30;11416180415;S
20241113;110206;347.74;30;11416180630;B
20241113;110209;347.7;500;11416181495;B
20241113;110209;347.75;10;11416181496;B
20241113;110209;347.75;60;11416181497;B
20241113;110213;347.7;30;11416181952;S
20241113;110213;347.66;70;11416181953;S
20241113;110215;347.73;50;11416182615;B
20241113;110230;347.68;10;11416188012;S
20241113;110230;347.67;90;11416188013;S
20241113;110232;347.73;10;11416188451;B
20241113;110238;347.68;10;11416189652;S
20241113;110238;347.67;10;11416189653;S
20241113;110238;347.64;10;11416189654;S
20241113;110238;347.63;70;11416189655;S
20241113;110244;347.73;10;11416190759;B
20241113;110244;347.74;100;11416190760;B
20241113;110246;347.62;50;11416191482;S
20241113;110246;347.62;30;11416191483;S
20241113;110246;347.59;10;11416191484;S
20241113;110246;347.58;110;11416191485;S
20241113;110253;347.6;10;11416193816;S
20241113;110253;347.59;50;11416193817;S
20241113;110253;347.58;170;11416193818;S
20241113;110303;347.69;10;11416195542;B
20241113;110305;347.58;10;11416196114;S
20241113;110305;347.57;90;11416196115;S
20241113;110305;347.7;10;11416196122;B
20241113;110319;347.6;20;11416199022;S
20241113;110348;347.57;160;11416204074;S
20241113;110400;347.57;130;11416206074;S
20241113;110407;347.57;10;11416206851;S
20241113;110410;347.57;20;11416207276;S
20241113;110410;347.57;10;11416207277;S
20241113;110425;347.57;10;11416209935;S
20241113;110432;347.6;30;11416211134;B
20241113;110438;347.6;10;11416212261;B
20241113;110441;347.6;10;11416212838;B
20241113;110446;347.58;10;11416213755;S
20241113;110448;347.6;40;11416214165;B
20241113;110457;347.6;10;11416215885;B
20241113;110506;347.6;10;11416217111;B
20241113;110512;347.57;10;11416217895;S
20241113;110513;347.57;100;11416218007;S
20241113;110515;347.6;10;11416218191;B
20241113;110532;347.6;110;11416221100;B
20241113;110532;347.6;30;11416221101;B
20241113;110532;347.6;20;11416221102;B
20241113;110534;347.61;10;11416221575;S
20241113;110612;347.65;30;11416227642;S
20241113;110612;347.65;30;11416227643;S
20241113;110612;347.64;10;11416227644;S
20241113;110612;347.64;10;11416227645;S
20241113;110612;347.63;30;11416227646;S
20241113;110613;347.58;30;11416227738;S
20241113;110613;347.57;110;11416227739;S
20241113;110614;347.6;50;11416227922;B
20241113;110614;347.61;240;11416227923;B
20241113;110614;347.62;50;11416227924;B
20241113;110614;347.7;20;11416227925;B
20241113;110614;347.7;10;11416227926;B
20241113;110614;347.73;40;11416227927;B
20241113;110614;347.74;320;11416227928;B
20241113;110614;347.75;940;11416227929;B
20241113;110617;347.77;10;11416228407;B
20241113;110617;347.77;10;11416228408;B
20241113;110638;347.77;10;11416231980;S
20241113;110647;347.76;20;11416233702;S
20241113;110647;347.77;200;11416233804;B
20241113;110650;347.79;10;11416234293;B
20241113;110650;347.8;10;11416234294;B
20241113;110650;347.81;20;11416234295;B
20241113;110650;347.81;10;11416234296;B
20241113;110703;347.84;20;11416236918;B
20241113;110706;347.84;10;11416237709;B
20241113;110709;347.82;10;11416238737;S
20241113;110727;347.84;10;11416242037;B
20241113;110727;347.85;10;11416242038;B
20241113;110727;347.85;80;11416242039;B
20241113;110727;347.85;130;11416242040;B
20241113;110740;347.85;150;11416244064;B
20241113;110745;347.85;30;11416245034;B
20241113;110753;347.85;290;11416246549;B
20241113;110757;347.81;30;11416247177;S
20241113;110757;347.81;70;11416247178;B
20241113;110800;347.84;10;11416247704;B
20241113;110800;347.85;20;11416247705;B
20241113;110814;347.78;10;11416250667;S
20241113;110829;347.8;10;11416253272;B
20241113;110829;347.81;10;11416253273;B
20241113;110829;347.81;10;11416253274;B
20241113;110829;347.83;10;11416253275;B
20241113;110829;347.85;50;11416253276;B
20241113;110832;347.78;10;11416253949;S
20241113;110832;347.78;10;11416253950;S
20241113;110832;347.77;10;11416253951;S
20241113;110832;347.77;10;11416253952;S
20241113;110848;347.84;300;11416257344;B
20241113;110934;347.77;10;11416266841;S
20241113;110934;347.76;30;11416266842;S
20241113;110934;347.75;10;11416266843;S
20241113;110940;347.79;10;11416268146;B
20241113;110948;347.77;30;11416270088;S
20241113;110948;347.75;170;11416270089;S
20241113;110954;347.8;100;11416271372;B
20241113;111003;347.83;10;11416273212;B
20241113;111003;347.85;10;11416273216;B
20241113;111003;347.85;20;11416273217;B
20241113;111005;347.85;480;11416273672;B
20241113;111005;347.85;10;11416273673;B
20241113;111005;347.85;20;11416273674;B
20241113;111005;347.86;60;11416273675;B
20241113;111006;347.86;30;11416273996;B
20241113;111008;347.86;290;11416274457;B
20241113;111008;347.85;10;11416274495;S
20241113;111008;347.86;10;11416274672;B
20241113;111012;347.86;110;11416275585;B
20241113;111012;347.86;160;11416275586;B
20241113;111014;347.86;10;11416276173;B
20241113;111015;347.85;10;11416276449;S
20241113;111020;347.86;30;11416277836;B
20241113;111025;347.86;170;11416278766;B
20241113;111028;347.86;90;11416279361;B
20241113;111029;347.85;80;11416279691;S
20241113;111029;347.85;20;11416279692;S
20241113;111034;347.86;280;11416280789;B
20241113;111040;347.86;190;11416282399;B
20241113;111044;347.86;120;11416283343;B
20241113;111044;347.87;100;11416283344;B
20241113;111044;347.87;50;11416283349;B
20241113;111045;347.87;30;11416283658;B
20241113;111050;347.87;20;11416285254;B
20241113;111052;347.87;120;11416285511;B
20241113;111052;347.89;100;11416285604;B
20241113;111058;347.91;40;11416287143;B
20241113;111058;347.91;90;11416287144;B
20241113;111104;347.98;90;11416288416;B
20241113;111104;347.99;100;11416288417;B
20241113;111104;347.99;10;11416288418;B
20241113;111104;347.99;100;11416288419;B
20241113;111104;347.99;10;11416288420;B
20241113;111104;347.99;20;11416288421;B
20241113;111104;348;10;11416288422;B
20241113;111104;348;80;11416288423;B
20241113;111104;348;40;11416288424;B
20241113;111105;348;60;11416288548;B
20241113;111105;348;30;11416288549;B
20241113;111105;348;110;11416288550;B
20241113;111106;347.96;10;11416288964;B
20241113;111106;348;10;11416288965;B
20241113;111108;348;10;11416289612;B
20241113;111122;348;300;11416292774;B
20241113;111125;348;50;11416293354;B
20241113;111143;348;300;11416299477;B
20241113;111144;348;100;11416299598;B
20241113;111148;348;10;11416300314;B
20241113;111153;348;10;11416301399;B
20241113;111202;348;50;11416303323;B
20241113;111233;347.98;20;11416309600;B
20241113;111233;348;30;11416309601;B
20241113;111244;347.95;20;11416312115;S
20241113;111244;347.88;10;11416312116;S
20241113;111244;347.88;20;11416312117;S
20241113;111246;348;20;11416313065;B
20241113;111246;348;50;11416313066;B
20241113;111246;348;30;11416313067;B
20241113;111254;348;10;11416316743;B
20241113;111256;347.95;10;11416317518;S
20241113;111311;347.96;10;11416324406;S
20241113;111335;347.95;90;11416332157;S
20241113;111335;347.95;20;11416332158;S
20241113;111335;347.95;10;11416332159;S
20241113;111340;347.91;10;11416333055;S
20241113;111345;347.91;300;11416334157;S
20241113;111352;347.9;1000;11416335565;S
20241113;111405;347.75;150;11416338444;S
20241113;111407;347.7;100;11416338758;S
20241113;111407;347.86;10;11416338771;B
20241113;111407;347.88;10;11416338772;B
20241113;111407;347.9;10;11416338773;B
20241113;111407;347.91;30;11416338774;B
20241113;111407;347.92;600;11416338775;B
20241113;111407;347.92;20;11416338776;B
20241113;111407;347.92;30;11416338777;B
20241113;111407;347.92;30;11416338778;B
20241113;111407;347.93;590;11416338779;B
20241113;111407;347.95;440;11416338780;B
20241113;111407;347.98;300;11416338781;B
20241113;111407;348;60;11416338782;B
20241113;111407;348;130;11416338783;B
20241113;111411;347.77;10;11416339542;S
20241113;111426;347.76;10;11416342269;S
20241113;111430;347.88;10;11416342781;B
20241113;111430;347.95;10;11416342782;B
20241113;111430;347.96;10;11416342783;B
20241113;111452;347.88;20;11416346685;B
20241113;111453;347.88;10;11416346855;B
20241113;111505;347.95;10;11416348693;B
20241113;111519;347.81;10;11416350915;S
20241113;111519;347.79;10;11416350916;S
20241113;111519;347.78;380;11416350917;S
20241113;111539;347.76;150;11416353596;S
20241113;111543;347.7;20;11416354190;S
20241113;111543;347.7;50;11416354205;S
20241113;111547;347.75;10;11416354777;B
20241113;111547;347.76;10;11416354778;B
20241113;111557;347.7;60;11416356082;S
20241113;111601;347.7;10;11416356661;S
20241113;111603;347.7;60;11416356899;S
20241113;111608;347.68;10;11416357431;B
20241113;111608;347.69;20;11416357432;B
20241113;111608;347.7;640;11416357433;B
20241113;111608;347.7;20;11416357434;B
20241113;111608;347.71;200;11416357435;B
20241113;111608;347.74;300;11416357436;B
20241113;111608;347.81;10;11416357437;B
20241113;111608;347.84;300;11416357438;B
20241113;111608;347.85;100;11416357439;B
20241113;111608;347.86;30;11416357440;B
20241113;111608;347.88;10;11416357441;B
20241113;111608;347.94;10;11416357442;B
20241113;111608;347.95;260;11416357443;B
20241113;111608;347.96;40;11416357444;B
20241113;111608;347.96;20;11416357445;B
20241113;111608;347.99;10;11416357446;B
20241113;111608;348;210;11416357447;B
20241113;111608;348;50;11416357448;B
20241113;111608;348.05;380;11416357449;B
20241113;111608;348.05;600;11416357450;B
20241113;111608;348.06;1000;11416357451;B
20241113;111608;348.09;350;11416357452;B
20241113;111608;348.1;10;11416357453;B
20241113;111608;348.13;10;11416357454;B
20241113;111608;348.13;10;11416357455;B
20241113;111608;348.13;500;11416357456;B
20241113;111608;348.14;50;11416357457;B
20241113;111608;348.15;250;11416357458;B
20241113;111620;348.11;10;11416359234;S
20241113;111626;347.94;10;11416360839;S
20241113;111626;347.94;10;11416360840;S
20241113;111645;348.02;1000;11416363584;S
20241113;111647;348.04;10;11416364041;B
20241113;111652;348.02;1000;11416365023;S
20241113;111707;348;1000;11416367079;S
20241113;111708;348;500;11416367234;S
20241113;111741;347.97;10;11416372851;B
20241113;111741;347.97;300;11416372852;B
20241113;111741;347.98;10;11416372853;B
20241113;111741;347.98;10;11416372854;B
20241113;111741;348;150;11416372855;B
20241113;111741;348.09;30;11416372856;B
20241113;111741;348.09;10;11416372857;B
20241113;111741;348.1;480;11416372858;B
20241113;111810;348.09;10;11416376767;B
20241113;111810;348.1;10;11416376768;B
20241113;111819;348.09;10;11416377893;B
20241113;111829;348.09;10;11416379493;B
20241113;111829;348.09;10;11416379494;B
20241113;111829;348.1;80;11416379495;B
20241113;111853;347.92;10;11416383009;S
20241113;111853;347.91;10;11416383010;S
20241113;111853;347.87;10;11416383011;S
20241113;111853;347.86;10;11416383012;S
20241113;111853;347.85;10;11416383013;S
20241113;111853;347.85;10;11416383014;S
20241113;111853;347.83;10;11416383015;S
20241113;111853;347.81;30;11416383016;S
20241113;111853;347.75;10;11416383019;B
20241113;111853;347.75;90;11416383020;B
20241113;111924;347.91;10;11416386775;B
20241113;111924;347.93;20;11416386776;B
20241113;112002;347.92;10;11416392173;B
20241113;112005;347.76;10;11416392718;S
20241113;112045;347.76;10;11416400201;S
20241113;112045;347.76;40;11416400202;B
20241113;112048;347.74;10;11416400652;S
20241113;112048;347.71;790;11416400653;B
20241113;112125;347.79;10;11416406376;B
20241113;112125;347.79;10;11416406377;B
20241113;112125;347.8;60;11416406378;B
20241113;112125;347.8;10;11416406379;B
20241113;112125;347.95;10;11416406380;B
20241113;112154;347.91;10;11416410777;B
20241113;112339;347.76;10;11416423581;S
20241113;112339;347.76;10;11416423582;S
20241113;112339;347.75;10;11416423583;S
20241113;112339;347.75;10;11416423584;S
20241113;112339;347.73;30;11416423585;S
20241113;112339;347.71;880;11416423586;B
20241113;112341;347.73;30;11416423962;S
20241113;112341;347.72;10;11416423963;S
20241113;112341;347.71;560;11416423964;S
20241113;112353;347.7;20;11416424999;S
20241113;112353;347.68;10;11416425000;S
20241113;112353;347.66;10;11416425003;S
20241113;112353;347.66;10;11416425009;S
20241113;112353;347.66;20;11416425010;S
20241113;112353;347.66;30;11416425011;S
20241113;112353;347.66;10;11416425013;S
20241113;112353;347.66;10;11416425015;S
20241113;112353;347.66;10;11416425025;S
20241113;112353;347.66;10;11416425026;S
20241113;112353;347.66;10;11416425027;S
20241113;112353;347.66;10;11416425029;S
20241113;112353;347.66;10;11416425030;S
20241113;112353;347.66;10;11416425031;S
20241113;112353;347.83;10;11416425032;B
20241113;112353;347.84;10;11416425033;B
20241113;112353;347.65;10;11416425039;S
20241113;112354;347.65;10;11416425057;S
20241113;112354;347.64;20;11416425058;S
20241113;112404;347.88;10;11416425892;B
20241113;112404;347.88;20;11416425893;B
20241113;112404;347.88;20;11416425894;S
20241113;112448;347.88;10;11416430086;B
20241113;112504;347.88;10;11416431347;B
20241113;112504;347.88;10;11416431348;B
20241113;112504;347.88;30;11416431349;B
20241113;112504;347.89;600;11416431350;B
20241113;112504;347.9;1120;11416431351;B
20241113;112504;347.9;30;11416431352;B
20241113;112504;347.91;20;11416431353;B
20241113;112504;347.91;20;11416431354;B
20241113;112504;347.92;30;11416431355;B
20241113;112504;347.94;50;11416431356;B
20241113;112504;347.96;80;11416431357;B
20241113;112506;347.95;150;11416431524;B
20241113;112506;347.96;420;11416431525;B
20241113;112506;347.96;30;11416431526;B
20241113;112506;347.98;30;11416431527;B
20241113;112506;348.05;50;11416431528;B
20241113;112506;348.08;500;11416431529;B
20241113;112552;347.98;10;11416435904;B
20241113;112556;347.82;10;11416436373;S
20241113;112556;347.81;10;11416436374;S
20241113;112556;347.8;10;11416436375;S
20241113;112556;347.8;10;11416436376;S
20241113;112556;347.79;20;11416436377;S
20241113;112556;347.79;10;11416436378;S
20241113;112556;347.75;30;11416436379;S
20241113;112626;347.75;10;11416440253;B
20241113;112626;347.91;10;11416440254;B
20241113;112626;347.92;10;11416440255;B
20241113;112626;347.92;10;11416440256;B
20241113;112626;347.98;200;11416440257;S
20241113;112635;347.74;120;11416442056;S
20241113;112635;347.73;10;11416442057;S
20241113;112635;347.73;10;11416442058;S
20241113;112635;347.71;10;11416442059;S
20241113;112635;347.7;20;11416442060;S
20241113;112641;347.55;10;11416443034;S
20241113;112644;347.57;10;11416443452;S
20241113;112658;347.62;50;11416445000;B
20241113;112701;347.67;10;11416445347;B
20241113;112702;347.67;10;11416445464;B
20241113;112702;347.62;10;11416445465;S
20241113;112705;347.68;10;11416445711;B
20241113;112708;347.62;10;11416445995;S
20241113;112708;347.62;10;11416446013;S
20241113;112710;347.61;30;11416446144;S
20241113;112710;347.57;20;11416446145;S
20241113;112710;347.7;30;11416446253;B
20241113;112713;347.69;10;11416446697;B
20241113;112714;347.61;10;11416446729;S
20241113;112716;347.7;10;11416446894;B
20241113;112721;347.7;40;11416447436;B
20241113;112724;347.77;10;11416447702;B
20241113;112724;347.77;10;11416447703;B
20241113;112735;347.86;10;11416448775;B
20241113;112735;347.87;10;11416448776;B
20241113;112738;347.88;10;11416448944;B
20241113;112754;347.86;10;11416450403;B
20241113;112754;347.87;10;11416450404;B
20241113;112754;347.88;10;11416450405;B
20241113;112754;347.89;10;11416450406;B
20241113;112754;347.9;10;11416450407;B
20241113;112754;347.91;10;11416450408;B
20241113;112754;347.92;10;11416450409;B
20241113;112754;347.93;10;11416450410;B
20241113;112754;347.94;10;11416450411;B
20241113;112754;347.94;20;11416450412;B
20241113;112923;347.8;10;11416458525;B
20241113;112951;347.8;10;11416461107;B
20241113;112951;347.85;10;11416461108;B
20241113;112954;347.76;10;11416461347;S
20241113;112954;347.76;10;11416461348;S
20241113;112954;347.75;10;11416461349;S
20241113;112954;347.75;10;11416461350;S
20241113;112954;347.71;10;11416461351;S
20241113;113003;347.8;10;11416462246;B
20241113;113003;347.84;10;11416462247;B
20241113;113003;347.85;10;11416462248;B
20241113;113003;347.85;10;11416462249;B
20241113;113003;347.86;10;11416462250;B
20241113;113003;347.9;10;11416462251;B
20241113;113016;347.95;10;11416463327;B
20241113;113016;347.98;10;11416463328;B
20241113;113016;347.98;10;11416463329;B
20241113;113016;347.99;20;11416463330;B
20241113;113043;347.91;10;11416466070;S
20241113;113045;347.94;10;11416466351;B
20241113;113049;347.95;10;11416466792;B
20241113;113054;347.99;80;11416467283;B
20241113;113054;348;20;11416467284;B
20241113;113054;348;80;11416467285;B
20241113;113054;348;20;11416467286;B
20241113;113054;348;10;11416467287;B
20241113;113054;348.08;20;11416467288;B
20241113;113054;348.09;10;11416467289;B
20241113;113054;348.09;10;11416467290;B
20241113;113054;348.11;50;11416467291;B
20241113;113054;348.11;60;11416467292;B
20241113;113056;348.11;30;11416467497;B
20241113;113056;348.12;10;11416467498;B
20241113;113056;348.15;110;11416467499;B
20241113;113109;348.15;10;11416468976;B
20241113;113109;348.15;90;11416468977;B
20241113;113130;348.04;10;11416470498;S
20241113;113130;348.04;10;11416470499;S
20241113;113130;348.04;80;11416470500;S
20241113;113139;348.06;10;11416471356;B
20241113;113139;348.07;10;11416471357;B
20241113;113139;348.15;10;11416471358;B
20241113;113139;348.18;60;11416471359;B
20241113;113139;348.18;40;11416471365;B
20241113;113139;348.2;10;11416471366;B
20241113;113147;348.13;10;11416472028;B
20241113;113147;348.14;100;11416472029;B
20241113;113147;348.16;90;11416472030;B
20241113;113157;348.16;10;11416472882;B
20241113;113209;348.16;50;11416474062;B
20241113;113257;348.16;10;11416478496;B
20241113;113309;348.16;40;11416479578;B
20241113;113309;348.19;40;11416479579;B
20241113;113359;348.14;10;11416484067;B
20241113;113359;348.05;10;11416484087;S
20241113;113359;348.04;20;11416484088;S
20241113;113359;348;30;11416484089;S
20241113;113359;347.95;10;11416484090;S
20241113;113359;347.95;10;11416484094;S
20241113;113359;347.95;10;11416484095;S
20241113;113359;347.93;30;11416484096;S
20241113;113359;347.93;10;11416484097;S
20241113;113414;348;10;11416485356;B
20241113;113424;347.96;10;11416486183;B
20241113;113425;347.96;10;11416486260;B
20241113;113432;347.96;10;11416486989;B
20241113;113450;347.92;10;11416488357;S
20241113;113450;347.91;10;11416488358;S
20241113;113450;347.9;80;11416488359;S
20241113;113452;347.96;20;11416488521;B
20241113;113452;348;230;11416488522;B
20241113;113456;347.92;10;11416489089;S
20241113;113503;348;10;11416489777;B
20241113;113503;348.08;10;11416489778;B
20241113;113540;348.09;10;11416493428;B
20241113;113540;348.09;10;11416493429;B
20241113;113540;348.1;10;11416493430;B
20241113;113605;348.09;10;11416495548;B
20241113;113632;348.08;10;11416497430;B
20241113;113632;348.09;10;11416497431;B
20241113;113632;348.09;20;11416497432;B
20241113;113632;348.1;10;11416497433;B
20241113;113632;348.1;10;11416497434;B
20241113;113632;348.1;10;11416497435;B
20241113;113632;348.1;10;11416497436;B
20241113;113632;348.13;50;11416497437;B
20241113;113632;348.14;600;11416497438;B
20241113;113632;348.15;50;11416497439;B
20241113;113646;348.14;10;11416498520;B
20241113;113651;348.14;290;11416498849;S
20241113;113704;348.15;200;11416499834;B
20241113;113709;348.09;10;11416500292;S
20241113;113709;348.09;10;11416500293;S
20241113;113709;348.08;30;11416500294;S
20241113;113733;348.09;10;11416502191;B
20241113;113733;348.08;10;11416502192;S
20241113;113816;348.08;10;11416506108;B
20241113;113829;348.01;10;11416507048;S
20241113;113829;348;50;11416507054;S
20241113;113833;348;50;11416507363;S
20241113;113833;347.96;90;11416507364;S
20241113;113842;347.92;10;11416507894;S
20241113;113842;347.91;20;11416507895;S
20241113;113842;347.91;10;11416507896;S
20241113;113842;347.91;480;11416507897;S
20241113;113842;347.91;10;11416507898;S
20241113;113842;347.9;470;11416507899;S
20241113;113932;347.91;10;11416513383;S
20241113;113932;347.9;10;11416513384;S
20241113;113934;347.9;30;11416513519;S
20241113;113943;347.99;10;11416514643;B
20241113;114008;347.91;10;11416517016;S
20241113;114008;347.9;290;11416517017;S
20241113;114031;347.9;60;11416519006;S
20241113;114031;347.89;40;11416519007;S
20241113;114035;347.89;10;11416519464;S
20241113;114052;348.06;10;11416521022;B
20241113;114059;347.9;10;11416521611;S
20241113;114059;347.9;20;11416521612;S
20241113;114059;347.89;70;11416521613;S
20241113;114059;347.99;50;11416521614;B
20241113;114119;347.99;40;11416523155;B
20241113;114119;348;50;11416523156;B
20241113;114134;348;10;11416524161;B
20241113;114137;348;10;11416524383;B
20241113;114142;348;100;11416524732;B
20241113;114202;348;20;11416526465;B
20241113;114207;348;10;11416526866;B
20241113;114220;347.92;30;11416528009;S
20241113;114220;347.91;20;11416528010;S
20241113;114224;348;10;11416528505;B
20241113;114230;347.96;10;11416528969;S
20241113;114233;348;240;11416529352;B
20241113;114234;348.01;30;11416529374;S
20241113;114234;348;30;11416529375;S
20241113;114234;347.98;30;11416529376;S
20241113;114234;347.98;50;11416529377;S
20241113;114234;347.96;360;11416529378;S
20241113;114241;348.11;10;11416529896;B
20241113;114241;348.11;10;11416529897;B
20241113;114241;348.13;10;11416529898;B
20241113;114258;348.14;10;11416531295;B
20241113;114258;348.18;40;11416531296;B
20241113;114258;348.19;20;11416531297;B
20241113;114300;348.1;500;11416531411;B
20241113;114300;348.18;20;11416531412;B
20241113;114300;348.19;480;11416531413;B
20241113;114300;348.2;40;11416531414;B
20241113;114302;348.2;60;11416531576;B
20241113;114302;348.2;50;11416531577;B
20241113;114304;348.22;10;11416531731;B
20241113;114304;348.22;20;11416531732;B
20241113;114305;348.22;10;11416531799;B
20241113;114310;348.22;10;11416532200;B
20241113;114314;348.22;10;11416532455;B
20241113;114318;348.22;100;11416532834;B
20241113;114322;348.22;10;11416533536;B
20241113;114322;348.19;30;11416533728;S
20241113;114322;348.19;760;11416533729;B
20241113;114322;348.19;490;11416533730;B
20241113;114322;348.22;340;11416533731;B
20241113;114322;348.22;30;11416533732;B
20241113;114322;348.24;10;11416533733;B
20241113;114322;348.25;50;11416533734;B
20241113;114322;348.26;50;11416533735;B
20241113;114322;348.28;50;11416533736;B
20241113;114322;348.28;100;11416533737;B
20241113;114322;348.28;500;11416533738;B
20241113;114322;348.34;100;11416533739;B
20241113;114322;348.34;100;11416533740;B
20241113;114322;348.4;550;11416533741;B
20241113;114323;348.4;10;11416533842;B
20241113;114323;348.4;100;11416533897;B
20241113;114324;348.27;10;11416534024;S
20241113;114328;348.4;50;11416534864;B
20241113;114331;348.4;10;11416535378;B
20241113;114334;348.4;70;11416535950;B
20241113;114335;348.4;10;11416536091;B
20241113;114347;348.36;10;11416537958;S
20241113;114348;348.31;30;11416538059;S
20241113;114349;348.3;10;11416538128;S
20241113;114349;348.3;10;11416538209;S
20241113;114350;348.26;10;11416538273;S
20241113;114350;348.25;10;11416538296;S
20241113;114350;348.25;40;11416538317;S
20241113;114351;348.25;20;11416538362;S
20241113;114351;348.25;10;11416538378;S
20241113;114352;348.25;10;11416538427;S
20241113;114352;348.25;30;11416538428;S
20241113;114352;348.23;20;11416538429;S
20241113;114352;348.24;10;11416538430;S
20241113;114352;348.23;10;11416538434;S
20241113;114352;348.23;40;11416538443;S
20241113;114352;348.23;20;11416538466;S
20241113;114353;348.37;20;11416538475;B
20241113;114353;348.23;10;11416538479;S
20241113;114353;348.22;90;11416538506;S
20241113;114353;348.22;20;11416538514;S
20241113;114353;348.22;10;11416538515;S
20241113;114353;348.22;10;11416538521;S
20241113;114353;348.22;10;11416538524;S
20241113;114353;348.22;10;11416538525;S
20241113;114353;348.22;50;11416538568;S
20241113;114354;348.22;20;11416538586;S
20241113;114355;348.22;20;11416538652;S
20241113;114407;348.3;10;11416539828;S
20241113;114407;348.3;10;11416539830;S
20241113;114407;348.3;10;11416539832;S
20241113;114407;348.3;10;11416539834;S
20241113;114407;348.23;10;11416539835;S
20241113;114407;348.23;10;11416539836;S
20241113;114407;348.22;20;11416539837;S
20241113;114407;348.22;10;11416539839;S
20241113;114407;348.22;90;11416539841;S
20241113;114407;348.22;20;11416539842;S
20241113;114407;348.22;10;11416539843;S
20241113;114407;348.22;10;11416539844;S
20241113;114407;348.17;10;11416539845;S
20241113;114407;348.17;10;11416539847;S
20241113;114407;348.17;10;11416539848;S
20241113;114407;348.17;10;11416539849;S
20241113;114407;348.17;30;11416539850;S
20241113;114407;348.17;10;11416539851;S
20241113;114407;348.17;10;11416539852;S
20241113;114407;348.17;10;11416539855;S
20241113;114407;348.17;10;11416539856;S
20241113;114407;348.17;10;11416539858;S
20241113;114407;348.17;10;11416539863;S
20241113;114407;348.17;20;11416539864;S
20241113;114422;348.35;10;11416541243;B
20241113;114422;348.35;10;11416541244;B
20241113;114454;348.2;10;11416546071;B
20241113;114519;348.37;10;11416548510;B
20241113;114519;348.37;10;11416548511;B
20241113;114519;348.38;130;11416548512;B
20241113;114529;348.25;10;11416549921;S
20241113;114629;348.28;20;11416556214;S
20241113;114634;348.34;10;11416556581;B
20241113;114634;348.35;10;11416556582;B
20241113;114634;348.36;10;11416556583;B
20241113;114634;348.36;10;11416556584;B
20241113;114634;348.38;10;11416556585;B
20241113;114634;348.38;190;11416556586;B
20241113;114634;348.39;30;11416556587;B
20241113;114634;348.39;10;11416556588;B
20241113;114634;348.4;200;11416556589;B
20241113;114636;348.43;20;11416556715;S
20241113;114641;348.43;20;11416557142;B
20241113;114649;348.43;860;11416558567;B
20241113;114649;348.46;30;11416558568;B
20241113;114649;348.47;30;11416558569;B
20241113;114649;348.49;10;11416558570;B
20241113;114649;348.5;30;11416558571;B
20241113;114649;348.5;100;11416558572;B
20241113;114649;348.5;100;11416558573;B
20241113;114649;348.6;10;11416558574;B
20241113;114649;348.61;50;11416558575;B
20241113;114702;348.61;20;11416562138;B
20241113;114719;348.6;10;11416564397;B
20241113;114719;348.61;130;11416564398;B
20241113;114719;348.64;10;11416564399;B
20241113;114719;348.64;10;11416564400;B
20241113;114719;348.71;140;11416564401;B
20241113;114719;348.72;500;11416564454;B
20241113;114719;348.73;20;11416564455;B
20241113;114719;348.74;20;11416564456;B
20241113;114719;348.76;10;11416564457;B
20241113;114719;348.78;150;11416564458;B
20241113;114731;348.67;10;11416565426;S
20241113;114731;348.66;10;11416565427;S
20241113;114731;348.65;10;11416565428;S
20241113;114731;348.63;50;11416565429;S
20241113;114731;348.62;30;11416565430;S
20241113;114731;348.62;40;11416565431;S
20241113;114801;348.52;20;11416568047;B
20241113;114802;348.52;30;11416568232;B
20241113;114802;348.52;100;11416568253;B
20241113;114802;348.52;50;11416568254;B
20241113;114806;348.67;10;11416568724;B
20241113;114809;348.7;10;11416569056;B
20241113;114819;348.73;10;11416570034;B
20241113;114819;348.77;20;11416570044;B
20241113;114820;348.78;20;11416570172;B
20241113;114822;348.75;10;11416570619;B
20241113;114822;348.78;20;11416570620;B
20241113;114833;348.78;10;11416571947;B
20241113;114835;348.78;30;11416572077;B
20241113;114856;348.73;10;11416574903;S
20241113;114929;348.76;10;11416578392;B
20241113;114929;348.77;10;11416578393;B
20241113;114929;348.78;230;11416578394;B
20241113;114936;348.74;40;11416579173;S
20241113;114938;348.77;70;11416579316;S
20241113;114938;348.76;30;11416579317;S
20241113;114940;348.78;60;11416579425;B
20241113;114945;348.78;40;11416580701;B
20241113;115014;348.74;50;11416587205;S
20241113;115045;348.73;20;11416590608;S
20241113;115048;348.72;90;11416590888;S
20241113;115054;348.66;50;11416591753;S
20241113;115101;348.57;10;11416592803;S
20241113;115101;348.56;20;11416592804;S
20241113;115107;348.57;10;11416593197;S
20241113;115129;348.69;10;11416595883;B
20241113;115129;348.7;20;11416595884;B
20241113;115211;348.58;10;11416599755;S
20241113;115214;348.72;10;11416599903;B
20241113;115214;348.74;10;11416599904;B
20241113;115214;348.75;30;11416599905;B
20241113;115219;348.57;10;11416600291;S
20241113;115219;348.57;10;11416600292;S
20241113;115228;348.56;10;11416601001;S
20241113;115228;348.56;20;11416601002;S
20241113;115228;348.55;10;11416601003;S
20241113;115228;348.55;50;11416601004;S
20241113;115228;348.48;10;11416601005;S
20241113;115245;348.5;10;11416602343;S
20241113;115314;348.64;10;11416605018;B
20241113;115314;348.65;10;11416605019;B
20241113;115328;348.65;10;11416606465;S
20241113;115328;348.65;10;11416606466;S
20241113;115328;348.64;20;11416606467;S
20241113;115347;348.64;10;11416608203;S
20241113;115450;348.69;10;11416615444;B
20241113;115454;348.69;10;11416616332;B
20241113;115455;348.7;10;11416616456;B
20241113;115459;348.7;20;11416617325;B
20241113;115525;348.65;10;11416621455;S
20241113;115525;348.64;40;11416621456;S
20241113;115525;348.64;350;11416621457;S
20241113;115525;348.64;10;11416621458;S
20241113;115525;348.64;40;11416621459;S
20241113;115525;348.6;10;11416621460;S
20241113;115525;348.6;20;11416621461;S
20241113;115525;348.58;20;11416621462;S
20241113;115525;348.58;30;11416621463;S
20241113;115525;348.54;10;11416621464;S
20241113;115525;348.5;370;11416621465;S
20241113;115525;348.47;60;11416621466;S
20241113;115610;348.64;10;11416624793;B
20241113;115610;348.64;10;11416624794;B
20241113;115617;348.64;40;11416625481;S
20241113;115627;348.65;20;11416626203;B
20241113;115634;348.67;10;11416627253;B
20241113;115634;348.67;10;11416627325;B
20241113;115634;348.69;200;11416627394;B
20241113;115635;348.74;10;11416627689;B
20241113;115635;348.77;20;11416627690;B
20241113;115635;348.77;20;11416627691;B
20241113;115635;348.78;50;11416627692;B
20241113;115636;348.78;60;11416628100;B
20241113;115636;348.78;30;11416628186;B
20241113;115637;348.78;40;11416628414;B
20241113;115643;348.78;260;11416629582;B
20241113;115643;348.78;10;11416629583;B
20241113;115643;348.78;500;11416629584;B
20241113;115643;348.78;10;11416629585;B
20241113;115643;348.8;500;11416629586;B
20241113;115643;348.8;10;11416629587;B
20241113;115643;348.8;20;11416629588;B
20241113;115643;348.83;50;11416629589;B
20241113;115643;348.84;50;11416629590;B
20241113;115643;348.85;10;11416629591;B
20241113;115643;348.94;30;11416629592;B
20241113;115643;348.95;30;11416629593;B
20241113;115643;348.98;20;11416629594;B
20241113;115644;348.98;20;11416629732;B
20241113;115659;348.93;10;11416631372;S
20241113;115703;348.96;10;11416631856;B
20241113;115703;348.97;20;11416631857;B
20241113;115703;348.98;10;11416631858;B
20241113;115703;348.98;50;11416631859;B
20241113;115703;348.98;10;11416631860;B
20241113;115703;348.99;10;11416631861;B
20241113;115703;348.99;10;11416631862;B
20241113;115703;348.99;110;11416631863;B
20241113;115707;348.99;50;11416632432;B
20241113;115707;348.99;10;11416632433;B
20241113;115707;349;20;11416632434;B
20241113;115707;349;10;11416632435;B
20241113;115707;349;100;11416632436;B
20241113;115707;349;30;11416632437;B
20241113;115707;349.03;10;11416632438;B
20241113;115707;349.06;10;11416632439;B
20241113;115707;349.11;240;11416632440;B
20241113;115707;349.15;20;11416632441;B
20241113;115707;349.18;50;11416632442;B
20241113;115707;349.18;10;11416632443;B
20241113;115707;349.18;10;11416632444;B
20241113;115707;349.19;10;11416632445;B
20241113;115707;349.22;50;11416632446;B
20241113;115707;349.22;60;11416632447;B
20241113;115707;349.26;10;11416632448;B
20241113;115707;349.32;10;11416632449;B
20241113;115707;349.36;100;11416632450;B
20241113;115707;349.4;10;11416632451;B
20241113;115707;349.44;40;11416632452;B
20241113;115707;349.45;500;11416632453;B
20241113;115707;349.5;130;11416632454;B
20241113;115707;349.53;10;11416632455;B
20241113;115707;349.39;50;11416632490;S
20241113;115707;349.3;30;11416632491;S
20241113;115707;349.13;30;11416632492;S
20241113;115707;349.12;240;11416632493;S
20241113;115707;349.56;10;11416632501;B
20241113;115707;349.56;240;11416632515;B
20241113;115707;349.57;30;11416632516;B
20241113;115707;349.57;30;11416632517;B
20241113;115707;349.57;30;11416632518;B
20241113;115707;349.58;100;11416632519;B
20241113;115725;349.44;10;11416636166;B
20241113;115733;349.36;10;11416638613;S
20241113;115822;349.32;20;11416650327;B
20241113;115822;349.34;10;11416650332;B
20241113;115830;349.18;10;11416652570;S
20241113;115924;349.23;30;11416667329;S
20241113;115924;349.23;10;11416667330;S
20241113;115924;349.2;20;11416667331;S
20241113;115924;349.19;40;11416667332;S
20241113;115924;349.18;480;11416667333;S
20241113;115924;349.17;420;11416667334;S
20241113;115932;349.17;100;11416669064;S
20241113;115948;349.25;10;11416673795;B
20241113;115948;349.26;10;11416673796;B
20241113;115948;349.27;10;11416673797;B
20241113;115948;349.28;10;11416673798;B
20241113;115948;349.28;10;11416673799;B
20241113;115948;349.3;10;11416673800;B
20241113;115948;349.31;10;11416673801;B
20241113;115948;349.32;10;11416673802;B
20241113;115948;349.35;80;11416673803;B
20241113;115948;349.38;480;11416673804;B
20241113;115948;349.39;500;11416673805;B
20241113;115953;349.4;10;11416675413;B
20241113;120002;349.41;60;11416678344;B
20241113;120002;349.41;370;11416678477;B
20241113;120002;349.42;20;11416678499;B
20241113;120002;349.43;350;11416678500;B
20241113;120002;349.44;10;11416678506;B
20241113;120002;349.44;60;11416678507;B
20241113;120002;349.45;200;11416678508;B
20241113;120002;349.5;100;11416678509;B
20241113;120002;349.5;370;11416678519;B
20241113;120002;349.5;20;11416678531;B
20241113;120002;349.57;60;11416678532;B
20241113;120002;349.58;290;11416678533;B
20241113;120002;349.58;20;11416678551;B
20241113;120002;349.6;100;11416678552;B
20241113;120002;349.61;10;11416678553;B
20241113;120002;349.61;20;11416678554;B
20241113;120002;349.71;220;11416678555;B
20241113;120003;349.71;280;11416678835;B
20241113;120003;349.72;10;11416678836;B
20241113;120003;349.73;80;11416678837;B
20241113;120003;349.73;420;11416678848;B
20241113;120003;349.74;10;11416678849;B
20241113;120003;349.74;3270;11416678850;B
20241113;120003;349.74;60;11416678852;B
20241113;120003;349.74;3700;11416678864;B
20241113;120003;349.74;60;11416678865;B
20241113;120004;349.74;60;11416678873;B
20241113;120004;349.74;60;11416678888;B
20241113;120004;349.74;60;11416679129;B
20241113;120005;349.74;60;11416679170;B
20241113;120005;349.74;60;11416679246;B
20241113;120005;349.74;60;11416679286;B
20241113;120005;349.74;60;11416679292;B
20241113;120005;349.74;60;11416679303;B
20241113;120005;349.74;60;11416679382;B
20241113;120005;349.74;60;11416679438;B
20241113;120005;349.74;10;11416679442;B
20241113;120007;349.59;10;11416679956;S
20241113;120015;349.72;10;11416682168;B
20241113;120015;349.73;10;11416682169;B
20241113;120015;349.74;30;11416682170;B
20241113;120016;349.68;10;11416682411;S
20241113;120016;349.65;10;11416682412;S
20241113;120016;349.64;10;11416682413;S
20241113;120016;349.64;10;11416682414;S
20241113;120016;349.64;20;11416682415;S
20241113;120018;349.72;10;11416683093;B
20241113;120025;349.61;10;11416684796;S
20241113;120025;349.6;20;11416684797;S
20241113;120025;349.55;20;11416684798;S
20241113;120027;349.55;30;11416685105;S
20241113;120028;349.31;10;11416685357;S
20241113;120034;349.6;120;11416686631;B
20241113;120103;349.56;50;11416691497;B
20241113;120103;349.57;40;11416691498;B
20241113;120103;349.6;380;11416691499;B
20241113;120103;349.6;500;11416691500;B
20241113;120103;349.6;30;11416691501;B
20241113;120104;349.6;50;11416691611;B
20241113;120115;349.59;10;11416693500;B
20241113;120122;349.59;10;11416695026;B
20241113;120129;349.59;10;11416696660;B
20241113;120129;349.56;10;11416696687;S
20241113;120138;349.6;50;11416698368;B
20241113;120141;349.56;500;11416698782;S
20241113;120143;349.56;500;11416699069;S
20241113;120143;349.56;110;11416699070;S
20241113;120144;349.56;50;11416699167;S
20241113;120148;349.59;10;11416699774;B
20241113;120148;349.56;140;11416699775;S
20241113;120204;349.56;60;11416702286;S
20241113;120208;349.59;20;11416702859;B
20241113;120219;349.59;30;11416704046;B
20241113;120219;349.59;50;11416704047;B
20241113;120219;349.6;870;11416704048;B
20241113;120219;349.6;20;11416704049;B
20241113;120219;349.6;100;11416704050;B
20241113;120219;349.6;180;11416704051;B
20241113;120219;349.6;180;11416704052;B
20241113;120219;349.64;30;11416704053;B
20241113;120219;349.68;10;11416704054;B
20241113;120219;349.68;10;11416704055;B
20241113;120219;349.68;10;11416704056;B
20241113;120219;349.73;10;11416704057;B
20241113;120318;349.62;10;11416712685;S
20241113;120318;349.61;10;11416712686;S
20241113;120318;349.6;60;11416712687;S
20241113;120318;349.71;30;11416712749;B
20241113;120318;349.71;30;11416712750;B
20241113;120321;349.69;10;11416713406;B
20241113;120336;349.68;10;11416715131;B
20241113;120345;349.71;20;11416715922;B
20241113;120345;349.71;10;11416715923;B
20241113;120345;349.73;20;11416715924;B
20241113;120349;349.73;170;11416716224;B
20241113;120349;349.73;140;11416716225;B
20241113;120352;349.73;670;11416716444;B
20241113;120352;349.73;190;11416716445;B
20241113;120352;349.73;50;11416716446;B
20241113;120353;349.74;50;11416716663;B
20241113;120353;349.74;220;11416716664;B
20241113;120356;349.74;1000;11416716917;B
20241113;120356;349.74;60;11416716918;B
20241113;120356;349.74;60;11416716966;B
20241113;120356;349.74;60;11416716985;B
20241113;120357;349.74;60;11416716993;B
20241113;120357;349.74;60;11416717012;B
20241113;120357;349.74;600;11416717013;B
20241113;120358;349.79;10;11416717130;B
20241113;120405;349.82;10;11416717883;S
20241113;120429;349.77;10;11416725856;S
20241113;120435;349.73;10;11416727818;S
20241113;120439;349.78;10;11416729026;B
20241113;120446;349.78;10;11416730651;S
20241113;120450;349.78;10;11416731394;S
20241113;120450;349.7;30;11416731395;S
20241113;120450;349.69;600;11416731396;S
20241113;120450;349.68;1990;11416731397;S
20241113;120450;349.68;230;11416731398;S
20241113;120507;349.78;30;11416734444;S
20241113;120509;349.78;260;11416734625;S
20241113;120510;349.68;10;11416734749;S
20241113;120528;349.7;10;11416736762;B
20241113;120531;349.68;270;11416736951;S
20241113;120538;349.7;10;11416737492;S
20241113;120544;349.68;20;11416738164;S
20241113;120546;349.68;20;11416738328;S
20241113;120546;349.68;80;11416738352;S
20241113;120546;349.68;20;11416738353;S
20241113;120546;349.6;100;11416738354;S
20241113;120546;349.56;630;11416738355;S
20241113;120604;349.61;150;11416740727;S
20241113;120627;349.61;10;11416746346;B
20241113;120627;349.62;10;11416746347;B
20241113;120627;349.62;60;11416746348;B
20241113;120627;349.69;20;11416746349;B
20241113;120632;349.61;10;11416747012;B
20241113;120632;349.69;20;11416747013;B
20241113;120638;349.5;10;11416747753;S
20241113;120655;349.61;310;11416749446;S
20241113;120657;349.51;50;11416749956;S
20241113;120659;349.47;10;11416750103;S
20241113;120701;349.47;10;11416750554;S
20241113;120701;349.38;10;11416750555;S
20241113;120701;349.37;10;11416750556;S
20241113;120701;349.36;10;11416750557;S
20241113;120701;349.33;460;11416750558;S
20241113;120707;349.37;20;11416751361;S
20241113;120710;349.35;100;11416751621;S
20241113;120711;349.35;10;11416751810;S
20241113;120719;349.37;20;11416753470;S
20241113;120719;349.36;50;11416753471;S
20241113;120719;349.34;30;11416753472;S
20241113;120721;349.56;10;11416753644;B
20241113;120721;349.57;50;11416753645;B
20241113;120721;349.57;10;11416753646;B
20241113;120721;349.59;30;11416753647;B
20241113;120821;349.39;10;11416764448;S
20241113;120821;349.38;30;11416764449;S
20241113;120821;349.37;40;11416764450;S
20241113;120828;349.37;40;11416766759;S
20241113;120849;349.37;300;11416774253;S
20241113;120910;349.35;100;11416779509;S
20241113;120919;349.35;10;11416781200;S
20241113;120921;349.42;30;11416781689;B
20241113;120921;349.43;50;11416781690;B
20241113;120921;349.43;20;11416781691;S
20241113;120954;349.34;50;11416804915;S
20241113;120954;349.33;240;11416804916;S
20241113;121017;349.33;10;11416828868;S
20241113;121019;349.3;10;11416831457;S
20241113;121024;349.3;70;11416836745;S
20241113;121031;349.36;10;11416844681;B
20241113;121039;349.36;40;11416853108;B
20241113;121039;349.36;140;11416853109;B
20241113;121047;349.36;10;11416862860;B
20241113;121059;349.34;50;11416876111;B
20241113;121059;349.35;200;11416876112;B
20241113;121100;349.33;100;11416877421;S
20241113;121105;349.34;10;11416882592;S
20241113;121107;349.36;150;11416884661;B
20241113;121107;349.36;50;11416884662;B
20241113;121107;349.36;50;11416884663;B
20241113;121115;349.34;10;11416893432;S
20241113;121115;349.34;10;11416893439;S
20241113;121124;349.36;30;11416904138;B
20241113;121124;349.37;60;11416904139;B
20241113;121138;349.37;240;11416920036;B
20241113;121138;349.37;40;11416920037;B
20241113;121138;349.37;40;11416920038;B
20241113;121138;349.39;90;11416920654;B
20241113;121138;349.41;40;11416920655;B
20241113;121138;349.41;40;11416920656;B
20241113;121138;349.52;10;11416920657;B
20241113;121138;349.59;20;11416920658;B
20241113;121138;349.59;10;11416920659;B
20241113;121138;349.59;190;11416920660;B
20241113;121215;349.56;10;11416963187;B
20241113;121220;349.56;20;11416968850;B
20241113;121221;349.48;10;11416970358;S
20241113;121237;349.56;10;11416987858;B
20241113;121239;349.56;10;11416989161;B
20241113;121239;349.56;10;11416989162;B
20241113;121240;349.57;100;11416990181;B
20241113;121247;349.6;20;11416996695;B
20241113;121247;349.62;200;11416996696;B
20241113;121247;349.69;100;11416996697;B
20241113;121249;349.77;50;11416998346;B
20241113;121249;349.77;10;11416998347;B
20241113;121249;349.79;40;11416998348;B
20241113;121256;349.79;10;11417005893;B
20241113;121314;349.77;100;11417022156;S
20241113;121421;349.7;10;11417097224;B
20241113;121425;349.7;20;11417101249;B
20241113;121432;349.7;70;11417109513;B
20241113;121432;349.73;10;11417109514;B
20241113;121432;349.75;100;11417109515;B
20241113;121432;349.76;10;11417109516;B
20241113;121432;349.76;10;11417109517;B
20241113;121435;349.74;20;11417113211;B
20241113;121437;349.63;20;11417114966;S
20241113;121437;349.62;30;11417114967;S
20241113;121447;349.71;10;11417127191;B
20241113;121447;349.72;30;11417127192;B
20241113;121449;349.73;50;11417129087;S
20241113;121449;349.75;10;11417129460;B
20241113;121508;349.73;20;11417151183;S
20241113;121508;349.68;10;11417151184;S
20241113;121508;349.66;10;11417151185;S
20241113;121508;349.56;10;11417151187;B
20241113;121509;349.71;10;11417152952;B
20241113;121509;349.71;20;11417152953;B
20241113;121509;349.72;10;11417152954;B
20241113;121524;349.7;50;11417170092;B
20241113;121524;349.69;10;11417171079;B
20241113;121525;349.7;40;11417171556;B
20241113;121540;349.68;10;11417189508;B
20241113;121540;349.69;10;11417189509;B
20241113;121638;349.67;20;11417248566;B
20241113;121638;349.68;30;11417248567;B
20241113;121736;349.6;30;11417314773;B
20241113;121748;349.6;70;11417329342;B
20241113;121748;349.62;10;11417329343;B
20241113;121748;349.63;10;11417329344;B
20241113;121748;349.69;240;11417329345;B
20241113;121748;349.7;100;11417329346;B
20241113;121748;349.71;70;11417329347;B
20241113;121749;349.7;30;11417330719;B
20241113;121749;349.71;30;11417330720;B
20241113;121749;349.71;200;11417330721;B
20241113;121749;349.72;10;11417330722;B
20241113;121749;349.72;10;11417330723;B
20241113;121749;349.76;320;11417330724;B
20241113;121751;349.65;10;11417332418;S
20241113;121835;349.7;100;11417382029;B
20241113;121835;349.72;10;11417382030;B
20241113;121835;349.74;10;11417382031;B
20241113;121835;349.77;10;11417382032;B
20241113;121835;349.78;10;11417382033;B
20241113;121835;349.78;50;11417382034;B
20241113;121835;349.78;10;11417382035;B
20241113;121835;349.79;10;11417382036;B
20241113;121835;349.79;10;11417382037;B
20241113;121835;349.79;10;11417382038;B
20241113;121835;349.79;20;11417382039;B
20241113;121835;349.8;300;11417382040;B
20241113;121835;349.8;340;11417382041;B
20241113;121835;349.8;10;11417382042;B
20241113;121835;349.82;10;11417382043;B
20241113;121835;349.83;30;11417382044;B
20241113;121835;349.83;10;11417382045;B
20241113;121835;349.86;10;11417382046;B
20241113;121835;349.87;40;11417382047;B
20241113;121840;349.87;50;11417388435;B
20241113;121840;349.87;20;11417388436;B
20241113;121840;349.88;200;11417388437;B
20241113;121840;349.89;10;11417388438;B
20241113;121840;349.9;10;11417388439;B
20241113;121840;349.9;160;11417388440;B
20241113;121840;349.9;20;11417388441;B
20241113;121840;349.9;50;11417388442;B
20241113;121840;349.91;120;11417388443;B
20241113;121840;349.91;10;11417388444;B
20241113;121840;349.94;80;11417388445;B
20241113;121840;349.97;10;11417388446;B
20241113;121840;349.98;500;11417388447;B
20241113;121840;349.98;10;11417388448;B
20241113;121840;349.99;50;11417388449;B
20241113;121840;349.99;10;11417388450;B
20241113;121840;349.99;10;11417388451;B
20241113;121840;349.99;50;11417388452;B
20241113;121840;349.99;30;11417388453;B
20241113;121840;350;10;11417388454;B
20241113;121840;350;300;11417388455;B
20241113;121840;350;10;11417388456;B
20241113;121840;350;10;11417388457;B
20241113;121840;350;10;11417388458;B
20241113;121840;350;100;11417388459;B
20241113;121840;350;20;11417388460;B
20241113;121840;350;10;11417388461;B
20241113;121840;350;130;11417388462;B
20241113;121841;350;70;11417388781;B
20241113;121841;350;50;11417388782;B
20241113;121841;350;10;11417388783;B
20241113;121841;350;90;11417388784;B
20241113;121841;350;20;11417388785;B
20241113;121841;350;10;11417388786;B
20241113;121841;350;80;11417388787;B
20241113;121841;350;40;11417388788;B
20241113;121842;350;80;11417389716;B
20241113;121844;350;250;11417393165;B
20241113;121848;350;130;11417397027;B
20241113;121848;350;30;11417397028;B
20241113;121848;350;100;11417397029;B
20241113;121848;350;30;11417397030;B
20241113;121901;349.8;10;11417411584;S
20241113;121902;349.91;10;11417412404;B
20241113;121906;349.92;10;11417415827;B
20241113;121907;349.92;10;11417416605;B
20241113;121926;349.8;10;11417435762;S
20241113;122010;349.88;10;11417481339;B
20241113;122011;349.71;30;11417481954;S
20241113;122020;349.67;10;11417492863;S
20241113;122020;349.65;10;11417492864;S
20241113;122020;349.65;10;11417492865;S
20241113;122021;349.6;20;11417494390;B
20241113;122022;349.7;20;11417496090;B
20241113;122022;349.71;70;11417496091;B
20241113;122022;349.71;20;11417496092;B
20241113;122022;349.89;10;11417496093;B
20241113;122022;349.9;50;11417496094;B
20241113;122022;349.92;20;11417496095;B
20241113;122022;349.92;90;11417496096;B
20241113;122022;349.93;10;11417496097;B
20241113;122022;349.94;500;11417496098;B
20241113;122022;349.95;620;11417496099;B
20241113;122025;349.94;20;11417499537;B
20241113;122036;349.76;20;11417513722;S
20241113;122040;349.92;40;11417517753;B
20241113;122040;349.92;60;11417517930;B
20241113;122051;349.95;200;11417530680;B
20241113;122054;349.95;50;11417535621;B
20241113;122111;349.95;40;11417555431;B
20241113;122116;349.95;90;11417562696;B
20241113;122116;349.95;100;11417562697;B
20241113;122116;349.97;70;11417562698;B
20241113;122116;349.98;40;11417562699;B
20241113;122117;349.98;300;11417563615;B
20241113;122118;349.98;30;11417565265;B
20241113;122120;349.98;50;11417567436;B
20241113;122123;349.98;30;11417570737;B
20241113;122123;349.98;20;11417570958;B
20241113;122124;349.97;50;11417571589;S
20241113;122124;349.97;60;11417571590;S
20241113;122130;349.98;60;11417579596;B
20241113;122131;349.98;30;11417581480;B
20241113;122133;349.95;250;11417584267;S
20241113;122137;349.98;220;11417589180;B
20241113;122143;349.97;20;11417596009;B
20241113;122143;349.97;10;11417596010;B
20241113;122153;349.98;10;11417609044;B
20241113;122200;349.97;20;11417616902;B
20241113;122210;349.97;50;11417627974;B
20241113;122216;349.95;10;11417635146;S
20241113;122218;349.95;60;11417637425;S
20241113;122225;349.97;70;11417645041;B
20241113;122225;349.98;210;11417645042;B
20241113;122225;349.98;250;11417645043;B
20241113;122225;349.98;470;11417645044;B
20241113;122228;349.95;10;11417648121;S
20241113;122256;349.96;10;11417677285;B
20241113;122256;349.96;10;11417677286;B
20241113;122256;349.97;10;11417677287;B
20241113;122256;349.97;60;11417677288;B
20241113;122256;349.98;100;11417677289;B
20241113;122256;349.99;10;11417677290;B
20241113;122256;349.99;300;11417677291;B
20241113;122256;349.99;60;11417677292;B
20241113;122256;349.99;10;11417677293;B
20241113;122256;350;2000;11417677294;B
20241113;122256;350;50;11417677295;B
20241113;122256;350;10;11417677296;B
20241113;122256;350;50;11417677297;B
20241113;122256;350;820;11417677298;B
20241113;122256;350;230;11417677299;B
20241113;122256;350;200;11417677300;B
20241113;122302;349.99;200;11417683277;B
20241113;122312;349.97;20;11417692399;S
20241113;122314;350;50;11417695047;B
20241113;122324;349.98;100;11417705135;S
20241113;122324;349.96;180;11417705136;S
20241113;122324;349.95;120;11417705137;S
20241113;122345;349.95;350;11417726647;S
20241113;122345;349.95;80;11417726648;S
20241113;122345;349.99;30;11417727474;B
20241113;122345;350;40;11417727475;B
20241113;122436;349.97;200;11417777161;B
20241113;122436;349.98;300;11417777162;B
20241113;122440;349.9;50;11417780882;S
20241113;122440;349.89;50;11417780883;S
20241113;122440;349.88;200;11417780884;S
20241113;122450;349.97;10;11417790521;S
20241113;122459;349.98;170;11417799385;B
20241113;122511;349.97;70;11417809488;S
20241113;122539;349.9;10;11417837075;S
20241113;122548;349.9;40;11417845499;S
20241113;122548;349.88;80;11417845500;S
20241113;122548;349.83;80;11417845501;S
20241113;122550;349.97;10;11417846594;B
20241113;122550;349.97;10;11417846595;B
20241113;122550;349.98;30;11417846596;B
20241113;122550;349.98;10;11417846597;B
20241113;122550;349.98;10;11417846598;B
20241113;122550;349.98;30;11417846599;B
20241113;122550;349.99;30;11417846600;B
20241113;122554;349.85;100;11417850004;S
20241113;122554;349.86;30;11417850029;S
20241113;122554;349.86;20;11417850087;S
20241113;122554;349.86;40;11417850295;S
20241113;122639;349.96;10;11417874292;B
20241113;122639;349.96;10;11417874293;B
20241113;122639;349.96;10;11417874294;B
20241113;122639;349.96;20;11417874295;B
20241113;122639;349.98;10;11417874296;B
20241113;122639;349.98;20;11417874297;B
20241113;122639;349.99;170;11417874298;B
20241113;122639;349.99;10;11417874299;B
20241113;122639;350;240;11417874300;B
20241113;122648;349.9;200;11417875001;S
20241113;122704;349.98;10;11417876671;B
20241113;122722;349.97;10;11417878094;B
20241113;122728;349.96;60;11417878641;B
20241113;122730;349.94;10;11417879124;B
20241113;122730;349.96;130;11417879125;B
20241113;122808;349.88;10;11417882748;S
20241113;122808;349.88;50;11417882749;S
20241113;122808;349.85;20;11417882750;S
20241113;122808;349.85;270;11417882751;S
20241113;122904;349.86;10;11417888247;S
20241113;122904;349.85;20;11417888248;S
20241113;122912;349.86;10;11417888908;S
20241113;122917;349.95;10;11417889264;B
20241113;122927;349.96;50;11417890261;B
20241113;122927;349.98;10;11417890262;B
20241113;122927;349.99;10;11417890263;B
20241113;122927;349.99;30;11417890264;B
20241113;122932;349.99;100;11417890688;B
20241113;122947;349.99;70;11417892076;B
20241113;122947;349.99;10;11417892077;B
20241113;122947;349.99;100;11417892078;B
20241113;122954;350;20;11417892962;B
20241113;122954;350;30;11417893041;B
20241113;122956;350;100;11417893287;B
20241113;122957;350;10;11417893526;B
20241113;123001;350;10;11417894324;B
20241113;123003;350;10;11417894686;B
20241113;123003;350;30;11417894785;B
20241113;123008;350;500;11417895349;B
20241113;123010;350;110;11417895550;B
20241113;123010;349.99;10;11417895626;S
20241113;123013;350;10;11417896032;B
20241113;123013;350;10;11417896062;B
20241113;123013;350;20;11417896094;B
20241113;123013;350;80;11417896095;B
20241113;123014;350;40;11417896610;B
20241113;123014;350;10;11417896631;B
20241113;123016;350;140;11417896817;B
20241113;123016;350;10;11417896982;B
20241113;123018;350;190;11417897198;B
20241113;123018;350;20;11417897199;B
20241113;123018;350;100;11417897552;B
20241113;123019;350;120;11417897731;B
20241113;123020;350;50;11417897950;B
20241113;123021;350;10;11417898093;B
20241113;123023;349.99;30;11417898482;S
20241113;123023;349.99;30;11417898483;S
20241113;123023;349.95;100;11417898484;S
20241113;123023;349.95;90;11417898485;S
20241113;123023;349.9;60;11417898486;S
20241113;123023;349.89;600;11417898487;S
20241113;123023;349.88;10;11417898488;S
20241113;123023;349.88;640;11417898489;S
20241113;123026;350;10;11417898845;B
20241113;123026;350;200;11417898846;B
20241113;123026;350;90;11417898847;B
20241113;123026;350;90;11417898857;B
20241113;123029;350;30;11417899202;B
20241113;123030;350;470;11417899341;B
20241113;123032;350;140;11417899626;B
20241113;123042;349.98;40;11417900867;S
20241113;123104;350;20;11417903069;B
20241113;123110;350;400;11417903761;B
20241113;123119;350;30;11417904481;B
20241113;123126;350;20;11417905280;B
20241113;123126;350;10;11417905281;B
20241113;123129;350;30;11417905451;B
20241113;123129;350;10;11417905452;B
20241113;123129;350;10;11417905453;B
20241113;123129;350;10;11417905454;B
20241113;123129;350;10;11417905455;B
20241113;123129;350;10;11417905456;B
20241113;123129;350;20;11417905457;B
20241113;123131;349.98;40;11417905581;S
20241113;123132;350;10;11417905722;B
20241113;123133;350;10;11417905766;B
20241113;123133;350;10;11417905767;B
20241113;123149;350.06;10;11417907455;B
20241113;123149;350.08;10;11417907456;B
20241113;123149;350.1;10;11417907463;B
20241113;123149;350.1;10;11417907477;B
20241113;123149;350.11;80;11417907478;B
20241113;123149;350.12;20;11417907479;B
20241113;123149;350.16;10;11417907480;B
20241113;123149;350.16;120;11417907481;B
