<DATE>;<TIME>;<LAST>;<VOL>;<ID>;<OPER>
20240418;095954;1868;5;10142460238;S
20240418;095954;1868;3;10142460239;S
20240418;095954;1868;1;10142460240;S
20240418;095954;1868;1;10142460241;S
20240418;095954;1868;4;10142460242;S
20240418;095954;1868;4;10142460243;S
20240418;095954;1868;5;10142460244;S
20240418;095954;1868;5;10142460245;S
20240418;095954;1868;5;10142460246;S
20240418;095954;1868;2;10142460247;S
20240418;095954;1868;3;10142460248;B
20240418;095954;1868;1;10142460249;B
20240418;095954;1868;40;10142460250;S
20240418;095954;1868;50;10142460251;S
20240418;095954;1868;2;10142460252;B
20240418;095954;1868;1;10142460253;B
20240418;095954;1868;4;10142460254;B
20240418;095954;1868;1;10142460255;B
20240418;095954;1868;4;10142460256;B
20240418;095954;1868;1;10142460257;B
20240418;095954;1868;1;10142460258;B
20240418;095954;1868;1;10142460259;S
20240418;095954;1868;3;10142460260;S
20240418;095954;1868;6;10142460261;S
20240418;095954;1868;10;10142460262;S
20240418;095954;1868;2;10142460263;S
20240418;095954;1868;2;10142460264;S
20240418;095954;1868;1;10142460265;S
20240418;095954;1868;1;10142460266;S
20240418;095954;1868;1;10142460267;S
20240418;095954;1868;12;10142460268;S
20240418;095954;1868;104;10142460269;S
20240418;095954;1868;2;10142460270;S
20240418;095954;1868;30;10142460271;S
20240418;095954;1868;69;10142460272;S
20240418;095954;1868;300;10142460273;S
20240418;095954;1868;6;10142460274;B
20240418;095954;1868;1;10142460275;B
20240418;095954;1868;1;10142460276;B
20240418;095954;1868;7;10142460277;S
20240418;095954;1868;116;10142460278;B
20240418;095954;1868;66;10142460279;B
20240418;095954;1868;52;10142460280;B
20240418;095954;1868;2;10142460281;B
20240418;095954;1868;1;10142460282;B
20240418;095954;1868;30;10142460283;B
20240418;095954;1868;36;10142460284;B
20240418;095954;1868;14;10142460285;B
20240418;095954;1868;1;10142460286;S
20240418;095954;1868;4;10142460287;S
20240418;095954;1868;5;10142460288;S
20240418;095954;1868;1;10142460289;S
20240418;095954;1868;4;10142460290;B
20240418;095954;1868;15;10142460291;B
20240418;095954;1868;3;10142460292;B
20240418;095954;1868;3;10142460293;B
20240418;095954;1868;1;10142460294;S
20240418;095954;1868;5;10142460295;S
20240418;095954;1868;1;10142460296;S
20240418;095954;1868;6;10142460297;S
20240418;095954;1868;1;10142460298;B
20240418;095954;1868;3;10142460299;B
20240418;095954;1868;15;10142460300;B
20240418;095954;1868;9;10142460301;S
20240418;095954;1868;1;10142460302;B
20240418;095954;1868;1;10142460303;B
20240418;095954;1868;20;10142460304;B
20240418;095954;1868;1;10142460305;B
20240418;095954;1868;1;10142460306;B
20240418;095954;1868;82;10142460307;B
20240418;095954;1868;68;10142460308;B
20240418;095954;1868;1;10142460309;B
20240418;095954;1868;1;10142460310;B
20240418;095954;1868;1;10142460311;B
20240418;095954;1868;1;10142460312;B
20240418;095954;1868;1;10142460313;B
20240418;095954;1868;1;10142460314;B
20240418;095954;1868;1;10142460315;B
20240418;095954;1868;1;10142460316;B
20240418;095954;1868;1;10142460317;B
20240418;095954;1868;1;10142460318;B
20240418;095954;1868;18;10142460319;B
20240418;095954;1868;35;10142460320;S
20240418;095954;1868;654;10142460321;S
20240418;095954;1868;10;10142460322;S
20240418;095954;1868;40;10142460323;S
20240418;095954;1868;53;10142460324;S
20240418;095954;1868;524;10142460325;S
20240418;095954;1868;250;10142460326;S
20240418;095954;1868;156;10142460327;S
20240418;095954;1868;2;10142460328;S
20240418;095954;1868;5;10142460329;S
20240418;095954;1868;20;10142460330;S
20240418;095954;1868;6;10142460331;B
20240418;095954;1868;33;10142460332;B
20240418;095954;1868;100;10142460333;B
20240418;095954;1868;10;10142460334;S
20240418;095954;1868;514;10142460335;S
20240418;095954;1868;1;10142460336;B
20240418;095954;1868;1;10142460337;B
20240418;095954;1868;54;10142460338;S
20240418;095954;1868;1;10142460339;S
20240418;095954;1868;803;10142460340;S
20240418;095954;1868;10;10142460341;S
20240418;095954;1868;25;10142460342;S
20240418;095954;1868;1;10142460343;S
20240418;095954;1868;300;10142460344;S
20240418;095954;1868;200;10142460345;S
20240418;095954;1868;55;10142460346;S
20240418;095954;1868;1;10142460347;B
20240418;095954;1868;30;10142460348;B
20240418;095954;1868;160;10142460349;B
20240418;095954;1868;254;10142460350;S
20240418;095954;1868;2;10142460351;S
20240418;095954;1868;30;10142460352;S
20240418;095954;1868;2;10142460353;S
20240418;095954;1868;1;10142460354;S
20240418;100000;1867.4;20;10142461734;S
20240418;100000;1867.2;20;10142461772;S
20240418;100000;1867;30;10142461799;S
20240418;100000;1867;1;10142461938;B
20240418;100000;1867;1;10142461939;B
20240418;100000;1867;1;10142461952;B
20240418;100000;1867;1;10142461953;B
20240418;100000;1867;1;10142461956;B
20240418;100000;1867;1;10142461957;B
20240418;100000;1867;138;10142462062;B
20240418;100000;1867;162;10142462063;B
20240418;100000;1867;16;10142462098;B
20240418;100000;1866.8;81;10142462101;B
20240418;100000;1866.8;144;10142462102;B
20240418;100000;1868;295;10142462103;B
20240418;100000;1867.8;107;10142462125;B
20240418;100000;1867.8;37;10142462126;B
20240418;100000;1868;123;10142462127;B
20240418;100000;1867.6;10;10142462200;B
20240418;100000;1867.6;134;10142462202;B
20240418;100000;1867.8;80;10142462203;B
20240418;100000;1867.8;17;10142462212;B
20240418;100000;1867.8;44;10142462213;B
20240418;100000;1868;105;10142462214;B
20240418;100000;1868;120;10142462220;B
20240418;100000;1867.2;97;10142462240;B
20240418;100000;1867.6;10;10142462241;B
20240418;100000;1867.6;25;10142462244;B
20240418;100000;1866.8;81;10142462249;B
20240418;100000;1867.6;100;10142462278;B
20240418;100000;1867.8;57;10142462279;B
20240418;100000;1867.8;8;10142462337;B
20240418;100000;1868;68;10142462338;B
20240418;100000;1868.2;1;10142462339;B
20240418;100000;1868.2;144;10142462340;B
20240418;100000;1868.2;36;10142462341;B
20240418;100000;1868.4;1;10142462342;B
20240418;100000;1868.6;1;10142462343;B
20240418;100000;1868.6;25;10142462344;B
20240418;100000;1868.8;1;10142462345;B
20240418;100000;1868.8;50;10142462346;B
20240418;100000;1869;1;10142462347;B
20240418;100000;1869;9;10142462348;B
20240418;100000;1869;20;10142462349;B
20240418;100000;1869;170;10142462350;B
20240418;100000;1868.8;91;10142462379;B
20240418;100000;1867.8;5;10142462438;B
20240418;100001;1867.4;1;10142462478;S
20240418;100001;1867.4;1;10142462497;S
20240418;100001;1867.4;18;10142462517;S
20240418;100001;1868.6;21;10142462604;B
20240418;100001;1868.8;65;10142462605;B
20240418;100001;1869;44;10142462606;B
20240418;100001;1868.8;54;10142462688;B
20240418;100001;1868.8;65;10142462755;B
20240418;100001;1869;186;10142462756;B
20240418;100001;1869;250;10142462757;B
20240418;100001;1869.2;1;10142462758;B
20240418;100001;1869.2;3;10142462759;B
20240418;100001;1869.2;3;10142462760;B
20240418;100001;1869.2;192;10142462761;B
20240418;100001;1869.2;143;10142462764;B
20240418;100001;1869.4;1;10142462765;B
20240418;100001;1869.4;40;10142462766;B
20240418;100001;1869.4;19;10142462767;B
20240418;100001;1869.4;43;10142462768;B
20240418;100001;1868.4;8;10142462770;S
20240418;100001;1868.4;13;10142462804;S
20240418;100001;1868.2;17;10142462805;S
20240418;100001;1868;34;10142462806;S
20240418;100001;1867.8;36;10142462807;S
20240418;100001;1868.6;19;10142462897;S
20240418;100001;1868.6;17;10142462898;S
20240418;100001;1868.4;53;10142462899;S
20240418;100001;1868.4;107;10142462900;S
20240418;100001;1868.4;30;10142462905;S
20240418;100001;1867.8;30;10142462938;S
20240418;100001;1867.8;91;10142463004;S
20240418;100001;1867.2;55;10142463007;S
20240418;100001;1867.2;36;10142463008;S
20240418;100001;1868;17;10142463025;B
20240418;100001;1868;61;10142463026;B
20240418;100001;1868;83;10142463027;B
20240418;100001;1868.2;22;10142463028;B
20240418;100001;1868.4;26;10142463029;B
20240418;100001;1868.4;10;10142463032;B
20240418;100001;1867.2;21;10142463036;S
20240418;100001;1867;17;10142463037;S
20240418;100001;1866.8;53;10142463038;S
20240418;100001;1866.8;4;10142463039;S
20240418;100001;1867.6;17;10142463041;B
20240418;100001;1867.8;65;10142463042;B
20240418;100001;1868;81;10142463043;B
20240418;100001;1868.4;21;10142463044;B
20240418;100001;1868.4;64;10142463045;B
20240418;100001;1868.4;80;10142463046;B
20240418;100001;1868.4;27;10142463047;B
20240418;100001;1868.2;81;10142463062;B
20240418;100001;1868.2;21;10142463063;B
20240418;100001;1868.8;107;10142463064;B
20240418;100001;1868.8;101;10142463065;B
20240418;100001;1869.6;1;10142463066;B
20240418;100001;1869.8;1;10142463067;B
20240418;100001;1869.8;2;10142463068;B
20240418;100001;1869.8;8;10142463069;B
20240418;100001;1869.8;96;10142463070;B
20240418;100001;1868.2;17;10142463072;B
20240418;100001;1869.6;144;10142463073;B
20240418;100001;1869.8;6;10142463074;B
20240418;100001;1868.2;65;10142463076;B
20240418;100001;1869.6;144;10142463077;B
20240418;100001;1869.6;9;10142463078;B
20240418;100001;1868;81;10142463079;B
20240418;100001;1869.8;19;10142463080;B
20240418;100001;1868.4;1;10142463172;S
20240418;100001;1869.8;1;10142463246;B
20240418;100002;1869.4;53;10142463351;B
20240418;100002;1869.8;65;10142463421;B
20240418;100002;1869.8;69;10142463422;B
20240418;100002;1869.8;81;10142463490;B
20240418;100002;1869.8;65;10142463491;B
20240418;100002;1869.8;54;10142463492;B
20240418;100002;1868.8;17;10142463498;S
20240418;100002;1868.6;11;10142463499;S
20240418;100002;1869.6;16;10142463510;B
20240418;100002;1869.6;1;10142463533;B
20240418;100002;1869.6;4;10142463534;B
20240418;100002;1869.8;48;10142463535;B
20240418;100002;1869.8;81;10142463564;B
20240418;100002;1869.8;19;10142463565;B
20240418;100002;1869.8;1;10142463733;B
20240418;100002;1869.8;45;10142463768;B
20240418;100002;1869.8;21;10142463769;B
20240418;100002;1869.8;65;10142463797;B
20240418;100002;1870;1;10142463798;B
20240418;100002;1870;1;10142463799;B
20240418;100002;1870;2;10142463800;B
20240418;100002;1870;50;10142463801;B
20240418;100002;1870;50;10142463802;B
20240418;100002;1870;25;10142463803;B
20240418;100002;1870;25;10142463804;B
20240418;100002;1870;5;10142463805;B
20240418;100002;1870;3;10142463806;B
20240418;100002;1870;61;10142463807;B
20240418;100002;1869.8;21;10142463825;B
20240418;100002;1870;6;10142463826;B
20240418;100002;1869.8;65;10142463833;B
20240418;100002;1870;12;10142463834;B
20240418;100002;1870;1;10142463835;B
20240418;100002;1870;15;10142463836;B
20240418;100002;1870;38;10142463837;B
20240418;100002;1870;107;10142463843;B
20240418;100002;1870;131;10142463849;B
20240418;100002;1870;13;10142463857;B
20240418;100002;1870;260;10142463862;B
20240418;100002;1870;13;10142463865;B
20240418;100002;1870;32;10142463871;B
20240418;100002;1870;15;10142463872;B
20240418;100002;1870;10;10142463873;B
20240418;100002;1870;131;10142463877;B
20240418;100002;1870;150;10142463880;B
20240418;100002;1870;40;10142463883;B
20240418;100002;1870;1;10142463884;B
20240418;100002;1870;79;10142463885;B
20240418;100002;1869.4;10;10142463886;S
20240418;100002;1870;26;10142463921;B
20240418;100002;1869.4;7;10142463955;S
20240418;100002;1869.2;81;10142463956;S
20240418;100002;1869;286;10142463957;S
20240418;100002;1869.8;8;10142464013;B
20240418;100002;1869.4;1;10142464121;S
20240418;100002;1869.2;10;10142464272;B
20240418;100003;1869;17;10142464292;B
20240418;100003;1869.4;33;10142464293;B
20240418;100003;1869.4;19;10142464385;B
20240418;100003;1869.6;10;10142464400;B
20240418;100003;1868.8;19;10142464426;S
20240418;100003;1868.8;359;10142464427;S
20240418;100003;1868.6;17;10142464428;S
20240418;100003;1868.6;55;10142464429;S
20240418;100003;1869.6;29;10142464506;B
20240418;100003;1869.6;8;10142464507;B
20240418;100003;1869.6;9;10142464519;B
20240418;100003;1869.8;30;10142464520;B
20240418;100003;1868;1;10142464873;S
20240418;100004;1869;81;10142465247;B
20240418;100004;1869.4;135;10142465248;B
20240418;100004;1869.6;144;10142465249;B
20240418;100004;1869.8;24;10142465250;B
20240418;100004;1870;116;10142465251;B
20240418;100004;1868.4;10;10142465380;S
20240418;100005;1869;1;10142466041;S
20240418;100005;1869.6;1;10142466131;B
20240418;100005;1869.4;2;10142466136;S
20240418;100006;1869.4;8;10142466232;S
20240418;100006;1869.6;18;10142466578;B
20240418;100006;1869.4;6;10142466580;S
20240418;100006;1869.2;1;10142466779;S
20240418;100006;1869.4;50;10142466943;B
20240418;100006;1869.4;31;10142466951;B
20240418;100006;1869.6;69;10142466952;B
20240418;100007;1869.8;10;10142467301;B
20240418;100007;1869.8;15;10142467651;B
20240418;100007;1869.4;1;10142467652;S
20240418;100007;1869.8;5;10142467655;B
20240418;100008;1870;30;10142468047;B
20240418;100008;1869.4;144;10142468230;S
20240418;100008;1869.4;17;10142468231;S
20240418;100008;1869.2;1;10142468232;S
20240418;100008;1869.2;1;10142468233;S
20240418;100008;1869;4;10142468234;S
20240418;100008;1868.8;14;10142468235;S
20240418;100008;1868;2;10142468236;S
20240418;100008;1869.8;18;10142468337;B
20240418;100008;1869.8;17;10142468338;B
20240418;100008;1869.8;15;10142468339;B
20240418;100008;1869.4;2;10142468360;S
20240418;100008;1869.4;1;10142468361;S
20240418;100008;1869.8;10;10142468562;B
20240418;100008;1869.8;1;10142468664;B
20240418;100009;1869.4;15;10142469096;S
20240418;100009;1869.8;1;10142469098;B
20240418;100009;1869.4;1;10142469270;S
20240418;100009;1869.8;4;10142469638;B
20240418;100009;1869.8;47;10142470039;B
20240418;100009;1869.8;1;10142470044;B
20240418;100009;1869.8;144;10142470052;S
20240418;100009;1869.8;2;10142470175;B
20240418;100009;1869.8;2;10142470176;B
20240418;100010;1869.6;1;10142470293;S
20240418;100010;1869.8;1;10142470483;B
20240418;100010;1869.8;2;10142470493;B
20240418;100010;1869.4;126;10142470539;S
20240418;100010;1870;2;10142470735;B
20240418;100010;1869.8;1;10142470931;B
20240418;100010;1869.8;10;10142470932;B
20240418;100010;1869.2;4;10142471057;S
20240418;100010;1869.4;1;10142471201;S
20240418;100010;1869.8;4;10142471213;B
20240418;100010;1869.8;56;10142471214;B
20240418;100010;1870;42;10142471215;B
20240418;100010;1870;18;10142471216;B
20240418;100010;1870;1;10142471399;B
20240418;100010;1870;1;10142471562;B
20240418;100010;1870;1;10142471563;B
20240418;100010;1870;9;10142471564;B
20240418;100010;1869.4;13;10142471758;S
20240418;100010;1869.8;5;10142471760;B
20240418;100010;1869.4;9;10142471782;S
20240418;100010;1869.4;58;10142471805;S
20240418;100010;1869.2;13;10142471806;S
20240418;100010;1869.2;171;10142471807;S
20240418;100010;1869;228;10142471808;S
20240418;100011;1869.2;8;10142472017;S
20240418;100011;1869.2;76;10142472018;S
20240418;100011;1869;6;10142472096;S
20240418;100011;1869.2;7;10142472116;S
20240418;100011;1869.4;80;10142472141;B
20240418;100011;1868.8;17;10142472202;S
20240418;100011;1869.4;6;10142472210;B
20240418;100011;1869.4;13;10142472211;B
20240418;100011;1869.8;59;10142472216;B
20240418;100011;1869.8;30;10142472396;B
20240418;100012;1870;1;10142472705;B
20240418;100012;1869.8;20;10142472712;S
20240418;100013;1869.8;44;10142473097;S
20240418;100014;1869.8;81;10142473291;S
20240418;100014;1869.6;19;10142473292;S
20240418;100014;1870;13;10142473324;B
20240418;100015;1870;57;10142473613;B
20240418;100015;1870;1;10142473614;B
20240418;100015;1870;3;10142473615;B
20240418;100015;1870;1;10142473616;B
20240418;100015;1870;4;10142473617;B
20240418;100015;1870;33;10142473618;B
20240418;100015;1869.8;11;10142473697;S
20240418;100015;1869.8;19;10142473729;S
20240418;100015;1870;551;10142473757;B
20240418;100015;1870;1;10142473779;B
20240418;100015;1870;509;10142473785;B
20240418;100015;1870;200;10142473786;B
20240418;100015;1870;44;10142473787;B
20240418;100015;1870;70;10142473788;B
20240418;100015;1870;35;10142473789;B
20240418;100015;1870;50;10142473790;B
20240418;100015;1870;128;10142473791;B
20240418;100015;1870;39;10142473792;B
20240418;100015;1870;15;10142473793;B
20240418;100015;1870;2;10142473794;B
20240418;100015;1870;100;10142473795;B
20240418;100015;1870;20;10142473796;B
20240418;100015;1870.2;1;10142473797;B
20240418;100015;1870.2;10;10142473798;B
20240418;100015;1870.4;1;10142473799;B
20240418;100015;1870.4;60;10142473800;B
20240418;100015;1870.6;1;10142473801;B
20240418;100015;1870.8;1;10142473803;B
20240418;100015;1870.8;100;10142473804;B
20240418;100015;1870.8;10;10142473805;B
20240418;100015;1871;1;10142473815;B
20240418;100015;1871;400;10142473816;B
20240418;100015;1871;1;10142473817;B
20240418;100015;1871;35;10142473818;B
20240418;100015;1871.2;1;10142473819;B
20240418;100015;1871.2;5;10142473820;B
20240418;100015;1871.4;1;10142473822;B
20240418;100015;1871.6;1;10142473823;B
20240418;100015;1871.6;4;10142473824;B
20240418;100015;1871.8;1;10142473827;B
20240418;100015;1871.8;10;10142473828;B
20240418;100015;1872;1;10142473829;B
20240418;100015;1872;3;10142473830;B
20240418;100015;1872;1;10142473831;B
20240418;100015;1872;1;10142473832;B
20240418;100015;1872.2;1;10142473833;B
20240418;100015;1871.8;91;10142473871;S
20240418;100015;1871.8;17;10142473872;S
20240418;100015;1871.4;16;10142473873;S
20240418;100015;1871.4;396;10142473874;S
20240418;100016;1870.2;2;10142473966;S
20240418;100016;1869.8;14;10142473967;S
20240418;100016;1869.8;3;10142473968;S
20240418;100016;1870.6;50;10142474052;B
20240418;100016;1870.6;81;10142474068;B
20240418;100016;1870.8;17;10142474069;B
20240418;100016;1871;17;10142474070;B
20240418;100016;1871;135;10142474071;B
20240418;100016;1871.2;50;10142474072;B
20240418;100016;1870;1;10142474113;S
20240418;100016;1869.8;17;10142474114;S
20240418;100016;1869.6;1;10142474115;S
20240418;100016;1870.6;81;10142474146;B
20240418;100016;1870.8;59;10142474147;B
20240418;100016;1870.6;2;10142474148;B
20240418;100017;1869.6;11;10142474270;S
20240418;100017;1870;11;10142474318;S
20240418;100017;1870;1;10142474342;S
20240418;100018;1870.2;11;10142474512;S
20240418;100019;1870.2;11;10142474702;S
20240418;100019;1871;1;10142474893;B
20240418;100019;1870.4;100;10142474958;S
20240418;100019;1870.2;1;10142474964;S
20240418;100019;1870.2;11;10142474969;S
20240418;100020;1870.2;10;10142475053;S
20240418;100020;1870.2;21;10142475062;S
20240418;100020;1870.2;26;10142475063;S
20240418;100020;1870.2;17;10142475064;S
20240418;100020;1870.2;1;10142475065;S
20240418;100020;1870;88;10142475066;S
20240418;100020;1870;100;10142475067;S
20240418;100020;1869.8;37;10142475068;S
20240418;100020;1869.8;1;10142475094;S
20240418;100020;1869.8;1;10142475157;S
20240418;100020;1869.8;1;10142475204;S
20240418;100021;1870;6;10142475405;B
20240418;100021;1869.6;100;10142475406;S
20240418;100021;1870;5;10142475451;B
20240418;100021;1869.4;112;10142475469;S
20240418;100021;1869.8;8;10142475524;B
20240418;100021;1869.8;42;10142475525;B
20240418;100021;1870;450;10142475526;B
20240418;100021;1869.4;100;10142475559;S
20240418;100021;1869.4;200;10142475561;S
20240418;100022;1869.4;1;10142475648;S
20240418;100022;1869.4;2;10142475721;S
20240418;100023;1869.6;20;10142475805;B
20240418;100023;1869.4;3;10142475904;S
20240418;100023;1869.4;3;10142475908;S
20240418;100024;1869.6;2;10142475967;B
20240418;100024;1869.4;60;10142475983;S
20240418;100024;1869;1;10142475984;S
20240418;100024;1868.4;17;10142475985;S
20240418;100024;1868.4;2;10142475986;S
20240418;100024;1868.4;142;10142476026;S
20240418;100024;1868.2;8;10142476027;S
20240418;100024;1868;48;10142476028;S
20240418;100024;1868;2;10142476029;S
20240418;100024;1867.6;1;10142476122;S
20240418;100025;1868.4;17;10142476241;B
20240418;100025;1868.6;3;10142476242;B
20240418;100025;1867.8;1;10142476269;S
20240418;100025;1867.8;4;10142476278;S
20240418;100026;1867.6;1;10142476452;S
20240418;100026;1868;14;10142476453;B
20240418;100026;1868;3;10142476454;B
20240418;100026;1867.6;1;10142476547;S
20240418;100026;1867.6;100;10142476566;S
20240418;100026;1868.2;17;10142476833;B
20240418;100026;1868.4;12;10142476834;B
20240418;100026;1868.4;81;10142476835;B
20240418;100026;1868.6;13;10142476836;B
20240418;100026;1868.6;52;10142476837;B
20240418;100026;1869.2;42;10142476838;B
20240418;100026;1869.4;93;10142476839;B
20240418;100027;1868.2;5;10142477265;S
20240418;100028;1868.2;1;10142477307;S
20240418;100028;1868.2;5;10142477330;S
20240418;100028;1869.2;135;10142477412;B
20240418;100028;1869.2;15;10142477413;B
20240418;100028;1869.4;50;10142477414;B
20240418;100029;1868.2;5;10142477553;S
20240418;100029;1868.2;17;10142477554;S
20240418;100029;1868;3;10142477555;S
20240418;100029;1868;20;10142477637;S
20240418;100029;1868.8;5;10142477757;B
20240418;100029;1868;2;10142477759;S
20240418;100030;1868;20;10142477840;S
20240418;100030;1868;100;10142477886;S
20240418;100030;1868;17;10142478000;B
20240418;100030;1868.4;135;10142478001;B
20240418;100030;1868.4;81;10142478002;B
20240418;100030;1868.6;207;10142478003;B
20240418;100030;1868.8;10;10142478004;B
20240418;100030;1869;22;10142478005;B
20240418;100031;1868;2;10142478086;S
20240418;100031;1868;100;10142478110;S
20240418;100031;1868;92;10142478242;S
20240418;100031;1867.8;17;10142478243;S
20240418;100031;1867.8;15;10142478244;S
20240418;100031;1867.8;194;10142478245;S
20240418;100031;1867.6;122;10142478246;S
20240418;100031;1867.6;144;10142478247;S
20240418;100031;1867.6;42;10142478248;S
20240418;100031;1867.6;70;10142478249;S
20240418;100031;1867.4;1;10142478250;S
20240418;100031;1867.4;66;10142478251;S
20240418;100032;1868;10;10142478487;B
20240418;100032;1868;1;10142478488;B
20240418;100032;1868.2;17;10142478489;B
20240418;100032;1868.2;22;10142478490;B
20240418;100032;1867.2;5;10142478518;S
20240418;100034;1867.2;55;10142478727;S
20240418;100034;1867;24;10142478728;S
20240418;100034;1867;271;10142478729;B
20240418;100034;1867;17;10142478734;S
20240418;100034;1866.8;1;10142478735;S
20240418;100034;1866.6;82;10142478736;S
20240418;100034;1867.8;16;10142478741;B
20240418;100034;1867.8;17;10142478742;B
20240418;100034;1867.8;5;10142478743;B
20240418;100034;1868;20;10142478744;B
20240418;100034;1868;135;10142478745;B
20240418;100034;1868.2;199;10142478746;B
20240418;100034;1868.6;108;10142478747;B
20240418;100034;1867.8;17;10142478809;S
20240418;100034;1867.6;16;10142478810;S
20240418;100034;1867.4;42;10142478811;S
20240418;100034;1867.4;125;10142478812;S
20240418;100035;1867.2;1;10142479017;S
20240418;100035;1867.2;2;10142479018;B
20240418;100035;1867.2;5;10142479019;B
20240418;100035;1868;17;10142479021;B
20240418;100035;1868;135;10142479022;B
20240418;100035;1868;3;10142479058;S
20240418;100035;1868;100;10142479059;S
20240418;100036;1868;1;10142479123;S
20240418;100036;1868;100;10142479156;S
20240418;100036;1868;7;10142479232;S
20240418;100036;1868;44;10142479258;S
20240418;100036;1868;50;10142479421;S
20240418;100037;1868;1;10142479533;S
20240418;100037;1868.2;17;10142479620;B
20240418;100037;1868.2;3;10142479621;B
20240418;100037;1868.2;5;10142479692;B
20240418;100037;1868;20;10142479714;S
20240418;100038;1868.2;8;10142479920;B
20240418;100038;1868.2;97;10142479924;B
20240418;100038;1868.2;13;10142479925;B
20240418;100038;1868.2;96;10142479926;B
20240418;100038;1869;111;10142479927;B
20240418;100038;1869.2;1;10142479954;B
20240418;100038;1868.6;30;10142480086;B
20240418;100038;1869;41;10142480087;B
20240418;100038;1869.2;134;10142480088;B
20240418;100038;1869.4;16;10142480089;B
20240418;100038;1869.4;144;10142480090;B
20240418;100038;1869.4;42;10142480091;B
20240418;100038;1869.4;93;10142480092;B
20240418;100039;1869.2;5;10142480182;B
20240418;100039;1868.4;4;10142480239;S
20240418;100040;1868.8;5;10142480401;S
20240418;100040;1868.4;12;10142480402;S
20240418;100040;1868.2;17;10142480403;S
20240418;100040;1868.2;25;10142480404;S
20240418;100040;1868.2;57;10142480405;S
20240418;100040;1868.2;15;10142480444;S
20240418;100041;1868.2;1;10142480809;S
20240418;100041;1868.2;2;10142480810;S
20240418;100041;1868;197;10142480811;S
20240418;100041;1868.4;12;10142480835;B
20240418;100041;1869.2;24;10142480836;B
20240418;100041;1869.2;17;10142480837;B
20240418;100041;1869.2;16;10142480838;B
20240418;100041;1869.4;131;10142480839;B
20240418;100042;1869;25;10142480980;B
20240418;100043;1869;1;10142481207;B
20240418;100044;1869;11;10142481735;B
20240418;100044;1869.2;39;10142481736;B
20240418;100045;1869.2;25;10142481835;B
20240418;100045;1869.2;31;10142481881;B
20240418;100045;1869;3;10142482011;S
20240418;100045;1868.6;10;10142482012;S
20240418;100045;1868.2;17;10142482013;S
20240418;100045;1868.2;1;10142482014;S
20240418;100045;1868.2;3;10142482015;S
20240418;100045;1868.2;66;10142482016;S
20240418;100046;1868.4;11;10142482112;S
20240418;100046;1869.2;17;10142482276;B
20240418;100046;1869.4;3;10142482277;B
20240418;100048;1869.6;30;10142482627;B
20240418;100048;1869.2;2;10142482728;S
20240418;100049;1869.2;98;10142482961;S
20240418;100049;1868.8;2;10142482962;S
20240418;100049;1868.4;2;10142482991;S
20240418;100049;1868.4;3;10142482998;S
20240418;100049;1868.4;17;10142482999;S
20240418;100049;1868.4;10;10142483000;B
20240418;100049;1869;2;10142483046;B
20240418;100049;1869;11;10142483047;B
20240418;100050;1868.2;5;10142483164;S
20240418;100050;1868.2;130;10142483212;S
20240418;100050;1868.2;70;10142483213;S
20240418;100051;1868.6;5;10142483391;B
20240418;100051;1868.8;2;10142483392;B
20240418;100051;1868.8;15;10142483633;B
20240418;100051;1869.2;15;10142483634;B
20240418;100052;1868.6;1;10142483690;S
20240418;100052;1869.2;3;10142483731;B
20240418;100054;1869.2;1;10142484095;B
20240418;100054;1869.4;10;10142484120;B
20240418;100054;1868.6;3;10142484133;S
20240418;100056;1868.8;10;10142484650;B
20240418;100056;1868.8;41;10142484651;B
20240418;100056;1868.8;10;10142484719;B
20240418;100056;1868.6;1;10142484877;S
20240418;100056;1868.4;10;10142484878;S
20240418;100056;1868;209;10142484879;S
20240418;100057;1868;1;10142484983;S
20240418;100057;1868;3;10142485328;S
20240418;100058;1868.6;10;10142485399;B
20240418;100058;1868.6;8;10142485511;S
20240418;100058;1868.8;66;10142485578;B
20240418;100058;1868.8;24;10142485610;B
20240418;100058;1869;8;10142485611;B
20240418;100059;1869;50;10142485908;B
20240418;100100;1869;1;10142486074;B
20240418;100100;1869;24;10142486280;B
20240418;100100;1869;494;10142486282;B
20240418;100100;1869;1;10142486283;B
20240418;100100;1869;7;10142486288;S
20240418;100101;1868.8;5;10142486431;S
20240418;100101;1868.8;1;10142486481;S
20240418;100101;1868.8;35;10142486498;S
20240418;100101;1868.8;12;10142486576;S
20240418;100101;1868.8;26;10142486620;S
20240418;100101;1869;6;10142486657;S
20240418;100101;1869;43;10142486708;S
20240418;100101;1869;1;10142486756;S
20240418;100102;1869;43;10142486939;S
20240418;100102;1869.4;3;10142487044;B
20240418;100103;1868.8;12;10142487285;S
20240418;100103;1868.8;15;10142487330;S
20240418;100103;1869;6;10142487377;B
20240418;100104;1868.8;3;10142487457;S
20240418;100104;1868.8;1;10142487499;S
20240418;100104;1868.8;14;10142487519;S
20240418;100104;1869;29;10142487537;B
20240418;100104;1869;6;10142487538;B
20240418;100106;1869.4;150;10142487945;B
20240418;100107;1869.2;11;10142488118;S
20240418;100107;1869.4;7;10142488223;B
20240418;100107;1869.4;3;10142488224;B
20240418;100107;1869.4;15;10142488225;B
20240418;100108;1869.2;31;10142488256;S
20240418;100108;1869.2;5;10142488372;S
20240418;100109;1869.2;1;10142488468;S
20240418;100111;1869.2;23;10142488840;S
20240418;100111;1869.4;2;10142488976;B
20240418;100112;1869.2;1;10142489076;S
20240418;100113;1869.2;1;10142489248;S
20240418;100113;1869.2;8;10142489334;S
20240418;100113;1869.2;92;10142489335;S
20240418;100114;1869.2;100;10142489358;S
20240418;100114;1869.2;1;10142489363;S
20240418;100115;1869.2;23;10142489685;S
20240418;100116;1869.2;3;10142489769;S
20240418;100116;1869.2;18;10142489856;S
20240418;100116;1869.2;5;10142489923;S
20240418;100116;1869.4;15;10142489971;B
20240418;100116;1869.4;36;10142489972;B
20240418;100116;1869.4;4;10142489973;B
20240418;100117;1869.4;21;10142490020;B
20240418;100117;1869.4;30;10142490021;B
20240418;100117;1869.6;4;10142490022;B
20240418;100118;1869.2;1;10142490253;S
20240418;100118;1869.2;190;10142490276;S
20240418;100118;1869.2;1;10142490277;S
20240418;100118;1869.2;134;10142490278;S
20240418;100118;1869;2;10142490279;S
20240418;100118;1869;30;10142490280;S
20240418;100118;1868.8;255;10142490281;S
20240418;100118;1868.8;17;10142490282;S
20240418;100118;1868.8;2;10142490283;S
20240418;100118;1868.8;36;10142490284;S
20240418;100118;1868.6;182;10142490285;S
20240418;100118;1868.6;1;10142490286;S
20240418;100118;1868.6;42;10142490287;S
20240418;100118;1868.4;500;10142490288;S
20240418;100118;1868.2;6;10142490289;S
20240418;100118;1868;112;10142490290;S
20240418;100118;1868;5;10142490291;S
20240418;100118;1868;500;10142490292;S
20240418;100118;1867.8;144;10142490293;S
20240418;100118;1867.6;600;10142490294;S
20240418;100118;1867.4;30;10142490295;S
20240418;100118;1867;100;10142490296;S
20240418;100118;1867;50;10142490297;S
20240418;100118;1866.8;61;10142490298;S
20240418;100118;1867.6;26;10142490366;B
20240418;100119;1867;17;10142490401;S
20240418;100119;1866.8;38;10142490402;S
20240418;100119;1866.8;50;10142490538;S
20240418;100119;1866.8;5;10142490546;S
20240418;100119;1866.6;215;10142490547;S
20240418;100122;1866.6;4;10142491076;S
20240418;100122;1866.6;31;10142491222;S
20240418;100123;1866.6;50;10142491375;S
20240418;100124;1866.8;187;10142491474;B
20240418;100124;1866.8;36;10142491475;B
20240418;100124;1867.2;17;10142491476;B
20240418;100124;1867.2;42;10142491477;B
20240418;100124;1867.6;18;10142491478;B
20240418;100124;1867.8;30;10142491485;B
20240418;100124;1867.8;105;10142491533;B
20240418;100124;1867.8;17;10142491534;B
20240418;100124;1868;16;10142491535;B
20240418;100124;1868;36;10142491536;B
20240418;100124;1868.2;26;10142491537;B
20240418;100124;1868.2;1;10142491544;B
20240418;100124;1867;16;10142491545;S
20240418;100124;1866.8;14;10142491546;S
20240418;100126;1867;20;10142491911;S
20240418;100126;1866.8;3;10142491912;S
20240418;100126;1866.8;12;10142491913;S
20240418;100126;1866.8;42;10142491914;S
20240418;100126;1866.8;1;10142491915;S
20240418;100126;1866.8;36;10142491916;S
20240418;100126;1866.6;36;10142491917;S
20240418;100129;1867.6;50;10142492423;S
20240418;100129;1867.2;30;10142492424;S
20240418;100131;1867.8;6;10142492876;B
20240418;100131;1867.2;1;10142492888;S
20240418;100134;1867.8;16;10142493210;S
20240418;100134;1868;100;10142493285;B
20240418;100134;1868;50;10142493330;B
20240418;100134;1868;10;10142493331;B
20240418;100136;1868.2;3;10142493530;B
20240418;100136;1867.8;67;10142493606;S
20240418;100136;1867.6;28;10142493607;S
20240418;100136;1868;20;10142493688;B
20240418;100136;1868.2;12;10142493689;B
20240418;100136;1868.2;14;10142493690;B
20240418;100136;1868.2;14;10142493691;B
20240418;100141;1868;3;10142494673;S
20240418;100142;1868.2;15;10142494775;B
20240418;100142;1868.2;10;10142494809;B
20240418;100143;1868;25;10142495153;S
20240418;100144;1868;38;10142495347;S
20240418;100144;1868;5;10142495452;S
20240418;100145;1868;10;10142495629;S
20240418;100145;1868;10;10142495813;S
20240418;100145;1867.8;1;10142495876;S
20240418;100145;1868;6;10142495902;B
20240418;100146;1868;284;10142496111;B
20240418;100146;1868;35;10142496112;B
20240418;100146;1868;144;10142496113;B
20240418;100147;1868;23;10142496290;S
20240418;100147;1868.2;16;10142496326;B
20240418;100147;1868.4;3;10142496327;B
20240418;100148;1868.6;32;10142496399;S
20240418;100148;1868.2;35;10142496400;S
20240418;100148;1868.2;209;10142496475;B
20240418;100148;1868.2;35;10142496476;B
20240418;100148;1868.8;135;10142496477;B
20240418;100148;1868.8;2;10142496478;B
20240418;100148;1869;1;10142496479;B
20240418;100148;1869;160;10142496480;B
20240418;100148;1869;50;10142496481;B
20240418;100148;1869;42;10142496482;B
20240418;100148;1869;90;10142496483;B
20240418;100148;1869.2;144;10142496484;B
20240418;100148;1869.4;97;10142496485;B
20240418;100148;1869.4;10;10142496486;B
20240418;100148;1869.4;8;10142496487;B
20240418;100148;1869.4;16;10142496488;B
20240418;100148;1869.6;55;10142496489;B
20240418;100148;1869.6;10;10142496490;B
20240418;100148;1869.6;8;10142496491;B
20240418;100148;1869.8;35;10142496492;B
20240418;100148;1869.8;194;10142496493;B
20240418;100148;1870;25;10142496494;B
20240418;100148;1870;50;10142496495;B
20240418;100148;1870;25;10142496496;B
20240418;100148;1870;3;10142496497;B
20240418;100148;1870;130;10142496498;B
20240418;100148;1870;2;10142496499;B
20240418;100148;1870;1;10142496500;B
20240418;100148;1870;50;10142496501;B
20240418;100148;1870;1;10142496502;B
20240418;100148;1870;15;10142496503;B
20240418;100148;1870.2;6;10142496504;B
20240418;100148;1870.2;161;10142496505;B
20240418;100149;1868.4;15;10142496630;S
20240418;100149;1869.8;1;10142496721;B
20240418;100150;1868.8;1;10142496757;S
20240418;100150;1869.8;10;10142496870;B
20240418;100150;1868.8;1;10142496881;S
20240418;100151;1868.8;1;10142496975;S
20240418;100152;1869;45;10142497144;S
20240418;100152;1868.8;5;10142497145;S
20240418;100153;1869.8;4;10142497284;B
20240418;100153;1869.8;34;10142497285;B
20240418;100153;1870;1;10142497286;B
20240418;100153;1870;11;10142497287;B
20240418;100156;1869.4;4;10142497969;S
20240418;100156;1869.4;1;10142498007;S
20240418;100159;1870;30;10142498497;B
20240418;100200;1870;9;10142498933;B
20240418;100200;1870;34;10142498934;B
20240418;100200;1870;7;10142498935;B
20240418;100200;1869.4;27;10142498960;S
20240418;100200;1869;34;10142498961;S
20240418;100200;1869;17;10142498962;S
20240418;100200;1868.8;8;10142498963;S
20240418;100200;1868.6;42;10142498964;S
20240418;100200;1868.4;23;10142498965;S
20240418;100200;1868.4;135;10142498966;S
20240418;100200;1868.4;34;10142498967;S
20240418;100201;1868.6;8;10142499023;S
20240418;100201;1868.6;7;10142499298;S
20240418;100201;1868.6;1;10142499299;S
20240418;100202;1869.4;17;10142499533;B
20240418;100202;1869.6;135;10142499534;B
20240418;100202;1869.8;85;10142499535;B
20240418;100202;1869.8;34;10142499536;B
20240418;100202;1870;13;10142499537;B
20240418;100202;1870;10;10142499538;B
20240418;100202;1870;16;10142499539;B
20240418;100202;1870;42;10142499540;B
20240418;100202;1870;199;10142499541;B
20240418;100202;1870.2;644;10142499542;B
20240418;100202;1870.2;600;10142499543;B
20240418;100202;1870.4;60;10142499544;B
20240418;100202;1870.4;2;10142499545;B
20240418;100202;1870.6;1;10142499546;B
20240418;100202;1870.8;6;10142499547;B
20240418;100202;1870.8;1;10142499548;B
20240418;100202;1870.8;144;10142499549;B
20240418;100202;1871;84;10142499550;B
20240418;100202;1871;56;10142499551;B
20240418;100202;1871;14;10142499552;B
20240418;100202;1871.2;2;10142499553;B
20240418;100202;1871.2;96;10142499554;B
20240418;100202;1871.6;20;10142499555;B
20240418;100202;1871.8;20;10142499556;B
20240418;100202;1871.8;20;10142499557;B
20240418;100202;1871.8;1;10142499558;B
20240418;100202;1872;10;10142499559;B
20240418;100202;1872;1;10142499560;B
20240418;100202;1872;9;10142499561;B
20240418;100202;1872;20;10142499562;B
20240418;100202;1872;50;10142499563;B
20240418;100202;1872;2;10142499564;B
20240418;100202;1872;3;10142499565;B
20240418;100202;1872;1;10142499566;B
20240418;100202;1872.2;229;10142499567;B
20240418;100202;1871;11;10142499622;S
20240418;100202;1872;1;10142499624;B
20240418;100202;1872;4;10142499625;B
20240418;100203;1871;5;10142499713;S
20240418;100203;1872;11;10142499729;B
20240418;100203;1872;1;10142499730;B
20240418;100203;1872.2;288;10142499731;B
20240418;100203;1872;5;10142499740;B
20240418;100203;1872;26;10142499741;S
20240418;100203;1871.6;11;10142499754;S
20240418;100203;1870.8;11;10142499857;S
20240418;100204;1871;1;10142499895;B
20240418;100204;1871;49;10142499898;B
20240418;100204;1872;136;10142499899;B
20240418;100204;1870.8;5;10142499938;S
20240418;100204;1870.8;5;10142499939;S
20240418;100204;1870.8;5;10142499958;S
20240418;100206;1870.8;5;10142500352;S
20240418;100206;1870.8;1;10142500362;S
20240418;100209;1871;1;10142500793;B
20240418;100209;1870.8;6;10142500956;S
20240418;100210;1870.8;53;10142501020;S
20240418;100210;1870.8;10;10142501021;S
20240418;100211;1871;1;10142501362;B
20240418;100211;1871.4;20;10142501377;B
20240418;100211;1871.6;30;10142501378;B
20240418;100215;1871.4;3;10142502243;S
20240418;100215;1871.4;3;10142502281;S
20240418;100215;1871.8;5;10142502315;B
20240418;100215;1871.8;26;10142502316;B
20240418;100215;1871.4;3;10142502321;S
20240418;100215;1871.4;3;10142502426;S
20240418;100216;1871.4;3;10142502516;S
20240418;100216;1871.4;25;10142502640;S
20240418;100217;1871.4;104;10142502926;S
20240418;100217;1871.4;60;10142502927;S
20240418;100217;1871.2;37;10142502928;S
20240418;100217;1871;9;10142502929;S
20240418;100217;1870.8;40;10142502930;S
20240418;100217;1870.8;17;10142502931;S
20240418;100217;1870.6;33;10142502932;S
20240418;100219;1871;10;10142503408;S
20240418;100219;1871;5;10142503438;B
20240418;100221;1870.8;3;10142503684;S
20240418;100222;1870.8;15;10142503854;S
20240418;100222;1871;75;10142503956;B
20240418;100223;1870.8;126;10142504045;S
20240418;100223;1870.8;60;10142504046;S
20240418;100223;1870.6;37;10142504047;S
20240418;100223;1870.4;5;10142504048;S
20240418;100223;1870.2;8;10142504049;S
20240418;100223;1870.2;17;10142504050;S
20240418;100223;1870;16;10142504051;S
20240418;100223;1870;42;10142504052;S
20240418;100223;1869.8;139;10142504053;S
20240418;100225;1870;110;10142504292;S
20240418;100225;1870.6;3;10142504307;B
20240418;100225;1870;34;10142504358;S
20240418;100225;1870;16;10142504359;S
20240418;100227;1870.4;43;10142504660;B
20240418;100227;1870.4;7;10142504661;B
20240418;100227;1870.8;1;10142504722;B
20240418;100228;1870;36;10142504786;S
20240418;100228;1870;60;10142504787;S
20240418;100228;1869.8;1;10142504788;S
20240418;100228;1869.6;3;10142504789;S
20240418;100228;1870;1;10142504870;B
20240418;100230;1870.4;1;10142505332;B
20240418;100231;1870;10;10142505445;S
20240418;100232;1870.6;1;10142505610;B
20240418;100233;1870.6;6;10142505758;B
20240418;100233;1870.6;14;10142505890;B
20240418;100233;1870.8;6;10142505891;B
20240418;100234;1870.8;46;10142506017;B
20240418;100234;1870.8;139;10142506018;B
20240418;100234;1870.8;17;10142506019;B
20240418;100234;1871;10;10142506020;B
20240418;100234;1871;388;10142506021;B
20240418;100234;1870.6;25;10142506178;S
20240418;100237;1871;2;10142506571;B
20240418;100238;1870.8;36;10142506871;S
20240418;100238;1870.6;14;10142506872;S
20240418;100238;1871;3;10142506878;B
20240418;100239;1871;7;10142507022;B
20240418;100239;1871;50;10142507023;B
20240418;100240;1871;1;10142507189;B
20240418;100240;1871;1;10142507191;B
20240418;100240;1871;68;10142507236;B
20240418;100240;1871;5;10142507237;B
20240418;100241;1871.4;8;10142507406;B
20240418;100241;1871.4;17;10142507407;B
20240418;100241;1871.6;33;10142507408;B
20240418;100242;1871;3;10142507657;S
20240418;100243;1871;14;10142507801;S
20240418;100243;1871;25;10142507802;S
20240418;100243;1871.2;17;10142507814;S
20240418;100243;1871;15;10142507815;S
20240418;100243;1871;7;10142507833;S
20240418;100244;1871.2;50;10142507874;B
20240418;100246;1871;17;10142508154;B
20240418;100246;1871;12;10142508155;B
20240418;100248;1871;7;10142508562;B
20240418;100248;1871;6;10142508563;B
20240418;100248;1871;2;10142508564;B
20240418;100248;1871.2;10;10142508565;B
20240418;100249;1870.6;17;10142508825;S
20240418;100249;1870.6;23;10142508826;S
20240418;100250;1871;2;10142508857;B
20240418;100250;1871;8;10142508874;B
20240418;100250;1871.2;1;10142508964;B
20240418;100251;1871;46;10142509043;S
20240418;100252;1871;4;10142509280;B
20240418;100252;1871;5;10142509281;B
20240418;100252;1871;60;10142509282;B
20240418;100252;1871.2;139;10142509283;B
20240418;100252;1871.2;2;10142509284;B
20240418;100252;1871.2;35;10142509285;B
20240418;100252;1871.4;60;10142509286;B
20240418;100252;1871.6;585;10142509287;B
20240418;100257;1871.2;13;10142510156;B
20240418;100257;1871.2;1;10142510183;B
20240418;100257;1871.2;157;10142510184;B
20240418;100257;1871;1;10142510257;S
20240418;100259;1871;3;10142510490;S
20240418;100300;1871.2;5;10142510867;B
20240418;100301;1871.2;1;10142511028;B
20240418;100302;1871.2;2;10142511178;B
20240418;100303;1871.2;1;10142511245;B
20240418;100304;1871;12;10142511499;S
20240418;100304;1871.2;1;10142511512;B
20240418;100306;1871;45;10142511817;S
20240418;100306;1871;55;10142511818;S
20240418;100309;1871;1;10142512268;S
20240418;100309;1871.2;1;10142512320;B
20240418;100310;1871;40;10142512600;S
20240418;100311;1871.2;5;10142512665;B
20240418;100313;1871.2;242;10142512982;B
20240418;100313;1871.2;200;10142512983;B
20240418;100313;1871.2;35;10142512984;B
20240418;100313;1871.4;17;10142512985;B
20240418;100313;1871.4;5;10142512987;B
20240418;100313;1871.2;20;10142512999;S
20240418;100313;1871.2;115;10142513065;S
20240418;100313;1871.2;35;10142513066;S
20240418;100314;1871;3;10142513078;S
20240418;100314;1871;5;10142513272;S
20240418;100314;1871;3;10142513273;S
20240418;100314;1871;1;10142513274;S
20240418;100314;1871;1;10142513299;S
20240418;100314;1871.2;1;10142513306;B
20240418;100315;1871;1;10142513403;S
20240418;100315;1871;1;10142513433;S
20240418;100315;1871;1;10142513434;S
20240418;100315;1871;1;10142513451;S
20240418;100315;1871;1;10142513602;S
20240418;100317;1871;89;10142514111;S
20240418;100317;1871.2;104;10142514153;B
20240418;100318;1871.2;7;10142514207;B
20240418;100318;1871.2;30;10142514209;B
20240418;100318;1871;1;10142514259;S
20240418;100318;1871.2;10;10142514320;B
20240418;100319;1871;1;10142514376;S
20240418;100319;1871.2;10;10142514535;B
20240418;100320;1871;6;10142514600;S
20240418;100320;1871.2;100;10142514611;B
20240418;100321;1871.2;1;10142514727;B
20240418;100321;1871;25;10142514833;S
20240418;100322;1871;50;10142514947;S
20240418;100322;1871.2;800;10142514949;B
20240418;100322;1871.2;2;10142514989;B
20240418;100323;1871.2;8;10142515081;B
20240418;100324;1871.2;1;10142515208;B
20240418;100324;1871.2;1;10142515255;B
20240418;100325;1871.2;68;10142515350;B
20240418;100325;1871;110;10142515377;S
20240418;100325;1871;80;10142515378;S
20240418;100325;1871;10;10142515379;S
20240418;100325;1871;10;10142515380;S
20240418;100325;1871;2;10142515392;S
20240418;100325;1871;1;10142515393;S
20240418;100325;1871;7;10142515394;S
20240418;100325;1871;93;10142515456;S
20240418;100325;1871;81;10142515457;S
20240418;100325;1871;94;10142515458;S
20240418;100326;1871.2;20;10142515559;B
20240418;100327;1871;1;10142515758;S
20240418;100327;1871;403;10142515840;S
20240418;100328;1871.2;2;10142515863;B
20240418;100328;1871.2;15;10142515884;B
20240418;100330;1871.2;58;10142516278;B
20240418;100331;1871.2;100;10142516417;B
20240418;100332;1871;100;10142516547;S
20240418;100333;1871.2;1;10142516626;B
20240418;100333;1871.2;1;10142516683;B
20240418;100334;1871.2;1;10142516719;B
20240418;100334;1871;20;10142516738;S
20240418;100334;1871;1;10142516762;S
20240418;100335;1871.2;29;10142516897;B
20240418;100336;1871.2;200;10142516990;B
20240418;100336;1871;56;10142516993;S
20240418;100336;1871.2;100;10142517005;B
20240418;100336;1871;60;10142517122;S
20240418;100336;1871.2;1;10142517171;B
20240418;100337;1871.2;250;10142517203;B
20240418;100337;1871;4;10142517220;S
20240418;100337;1871.2;7;10142517230;B
20240418;100338;1871.2;100;10142517456;B
20240418;100338;1871;131;10142517485;S
20240418;100338;1871;38;10142517486;S
20240418;100338;1871;1;10142517487;S
20240418;100338;1871;113;10142517488;S
20240418;100339;1871;14;10142517603;S
20240418;100339;1871.2;53;10142517608;B
20240418;100339;1871.2;125;10142517726;B
20240418;100341;1871.2;6;10142517952;B
20240418;100341;1871;1;10142517983;S
20240418;100342;1871;10;10142518087;S
20240418;100343;1871;200;10142518325;S
20240418;100343;1871;15;10142518346;S
20240418;100343;1871.2;6;10142518348;B
20240418;100344;1871;5;10142518398;S
20240418;100345;1871;5;10142518719;S
20240418;100347;1871;6;10142518973;S
20240418;100348;1871.2;35;10142519096;B
20240418;100348;1871;100;10142519122;S
20240418;100348;1871;25;10142519176;S
20240418;100349;1871;3;10142519248;S
20240418;100349;1871;382;10142519256;S
20240418;100349;1871.2;1;10142519265;B
20240418;100349;1871.2;1;10142519292;B
20240418;100349;1871;1;10142519331;S
20240418;100349;1871.2;20;10142519333;B
20240418;100349;1871.2;20;10142519362;B
20240418;100349;1871.2;2;10142519430;B
20240418;100349;1871.2;102;10142519439;B
20240418;100349;1871;120;10142519443;S
20240418;100349;1871;3;10142519444;S
20240418;100349;1871;2;10142519445;S
20240418;100349;1871;25;10142519446;S
20240418;100349;1871;2;10142519449;S
20240418;100349;1871;1;10142519450;S
20240418;100349;1871;20;10142519451;S
20240418;100349;1870.8;10;10142519452;S
20240418;100349;1870.8;4;10142519453;S
20240418;100349;1870.6;110;10142519454;S
20240418;100349;1870.6;17;10142519455;S
20240418;100349;1870.6;60;10142519456;S
20240418;100349;1870.4;6;10142519457;S
20240418;100349;1870.4;100;10142519458;S
20240418;100349;1870.4;52;10142519459;S
20240418;100349;1870.2;42;10142519460;S
20240418;100349;1870.2;144;10142519461;S
20240418;100349;1870;32;10142519462;S
20240418;100353;1870.6;2;10142520248;B
20240418;100353;1870.8;5;10142520299;B
20240418;100353;1870.8;12;10142520334;B
20240418;100353;1870.8;51;10142520335;B
20240418;100353;1871;2;10142520336;B
20240418;100353;1871;35;10142520337;B
20240418;100353;1871;1;10142520356;B
20240418;100354;1870.6;5;10142520456;S
20240418;100354;1870.8;1;10142520472;B
20240418;100355;1871;99;10142520544;B
20240418;100355;1871;1;10142520545;B
20240418;100358;1870.8;10;10142521121;B
20240418;100358;1870.6;9;10142521151;S
20240418;100358;1870.6;19;10142521192;S
20240418;100358;1870.4;3;10142521193;S
20240418;100400;1870.8;1;10142521343;B
20240418;100400;1870.4;1;10142521413;S
20240418;100400;1870.8;20;10142521489;B
20240418;100400;1870.4;1;10142521526;B
20240418;100400;1870.6;4;10142521527;B
20240418;100403;1870.6;1;10142522166;B
20240418;100403;1870.8;2;10142522167;B
20240418;100407;1870.4;5;10142522795;B
20240418;100407;1870.6;26;10142522796;B
20240418;100409;1870.6;5;10142523331;B
20240418;100411;1870.6;8;10142523554;B
20240418;100413;1870.2;2;10142523997;S
20240418;100415;1870.4;2;10142524367;B
20240418;100415;1870.8;8;10142524368;B
20240418;100417;1870.6;36;10142524724;B
20240418;100418;1870.6;2;10142524813;S
20240418;100418;1870.6;26;10142524978;S
20240418;100418;1870.4;9;10142524979;S
20240418;100419;1870.8;5;10142525058;B
20240418;100419;1870.2;12;10142525082;S
20240418;100419;1870.2;20;10142525083;S
20240418;100419;1870.2;60;10142525084;S
20240418;100419;1870;39;10142525085;S
20240418;100419;1870.6;12;10142525139;B
20240418;100419;1870.6;6;10142525140;B
20240418;100420;1870.2;1;10142525345;B
20240418;100420;1870;15;10142525347;S
20240418;100420;1870;100;10142525348;S
20240418;100420;1870;30;10142525349;S
20240418;100420;1870;5;10142525350;S
20240418;100420;1870;2;10142525351;S
20240418;100420;1870;1;10142525352;S
20240418;100420;1870;2;10142525353;S
20240418;100420;1870;445;10142525354;S
20240418;100421;1870;1;10142525422;S
20240418;100421;1870.2;9;10142525457;B
20240418;100421;1870.2;20;10142525458;B
20240418;100421;1870.6;50;10142525459;B
20240418;100421;1870.8;14;10142525460;B
20240418;100421;1870.8;1;10142525461;B
20240418;100421;1870.8;1;10142525462;B
20240418;100421;1870.8;90;10142525463;B
20240418;100421;1870.8;3;10142525464;B
20240418;100422;1870;27;10142525578;S
20240418;100422;1870.2;1;10142525583;B
20240418;100423;1870.2;24;10142525712;B
20240418;100423;1870.2;100;10142525731;B
20240418;100423;1870;27;10142525749;S
20240418;100423;1870;1;10142525750;S
20240418;100423;1870;60;10142525751;S
20240418;100423;1870;50;10142525752;S
20240418;100423;1869.8;17;10142525753;S
20240418;100423;1869.8;3;10142525754;S
20240418;100423;1869.4;384;10142525755;S
20240418;100424;1869.2;17;10142525856;S
20240418;100424;1869.2;8;10142525857;S
20240418;100425;1870;10;10142525971;B
20240418;100425;1869;5;10142526076;S
20240418;100431;1869;20;10142526949;S
20240418;100432;1870;1;10142527124;B
20240418;100433;1869;8;10142527202;S
20240418;100433;1869;5;10142527207;S
20240418;100433;1869;34;10142527225;S
20240418;100433;1869;16;10142527226;S
20240418;100435;1869;3;10142527360;S
20240418;100435;1868.8;18;10142527361;S
20240418;100435;1869.8;5;10142527433;B
20240418;100438;1869.2;4;10142527888;S
20240418;100441;1869.8;1;10142528393;B
20240418;100442;1869.8;2;10142528452;B
20240418;100442;1869.8;18;10142528453;B
20240418;100446;1869;1;10142529004;S
20240418;100447;1868.8;8;10142529171;S
20240418;100447;1868.8;20;10142529172;S
20240418;100447;1868.8;49;10142529173;S
20240418;100447;1868.6;4;10142529174;S
20240418;100447;1868.6;17;10142529175;S
20240418;100447;1868.6;194;10142529176;S
20240418;100447;1868.6;144;10142529177;S
20240418;100447;1868.4;3;10142529178;S
20240418;100447;1868.4;5;10142529179;S
20240418;100447;1868.4;42;10142529180;S
20240418;100447;1868.4;114;10142529181;B
20240418;100448;1869.2;1;10142529294;B
20240418;100449;1869;7;10142529352;S
20240418;100449;1868.4;9;10142529353;S
20240418;100449;1868.4;16;10142529411;S
20240418;100450;1868.4;48;10142529555;S
20240418;100450;1868.2;30;10142529556;S
20240418;100450;1868.2;22;10142529557;S
20240418;100450;1869.2;17;10142529558;B
20240418;100450;1869.4;13;10142529559;B
20240418;100453;1869.6;3;10142529952;B
20240418;100454;1868.6;10;10142530067;S
20240418;100454;1868.6;1;10142530140;B
20240418;100454;1868.6;169;10142530141;B
20240418;100454;1868.4;5;10142530175;S
20240418;100454;1868.4;1;10142530180;S
20240418;100455;1869.6;17;10142530194;B
20240418;100455;1869.6;13;10142530195;B
20240418;100455;1869.6;5;10142530244;B
20240418;100455;1869.8;42;10142530245;B
20240418;100456;1868.8;4;10142530354;S
20240418;100457;1869.6;4;10142530629;B
20240418;100457;1869.8;1;10142530630;B
20240418;100457;1869.8;1;10142530631;B
20240418;100457;1869.8;19;10142530632;B
20240418;100457;1869;4;10142530747;S
20240418;100458;1869;2;10142530867;S
20240418;100459;1870;9;10142530939;B
20240418;100500;1869.8;1;10142531164;B
20240418;100500;1869.8;81;10142531165;S
20240418;100502;1869.4;39;10142531545;S
20240418;100502;1869.4;1;10142531575;S
20240418;100503;1869.8;108;10142531648;B
20240418;100503;1870;42;10142531649;B
20240418;100503;1869.8;81;10142531653;S
20240418;100503;1869.8;5;10142531654;B
20240418;100506;1869.4;5;10142532271;S
20240418;100507;1869.4;10;10142532353;S
20240418;100507;1869.6;3;10142532418;B
20240418;100507;1869.8;14;10142532426;S
20240418;100507;1869.4;17;10142532427;S
20240418;100507;1869.4;219;10142532428;S
20240418;100507;1869.8;15;10142532435;B
20240418;100507;1869.8;2;10142532453;B
20240418;100507;1869.8;1;10142532488;B
20240418;100507;1869.2;1;10142532503;S
20240418;100508;1869.2;29;10142532520;S
20240418;100508;1869;1;10142532521;S
20240418;100508;1869;10;10142532522;S
20240418;100508;1869;10;10142532523;S
20240418;100508;1869;76;10142532524;S
20240418;100509;1869.8;222;10142532769;B
20240418;100509;1869.8;17;10142532770;B
20240418;100509;1870;274;10142532771;B
20240418;100509;1870;50;10142532772;B
20240418;100509;1870;10;10142532773;B
20240418;100509;1870;63;10142532774;B
20240418;100509;1870;1;10142532775;B
20240418;100509;1870;5;10142532776;B
20240418;100509;1870.2;42;10142532777;B
20240418;100509;1870.2;1;10142532778;B
20240418;100509;1870.4;5;10142532779;B
20240418;100509;1870.4;1;10142532780;B
20240418;100509;1870.8;15;10142532867;B
20240418;100509;1870.8;5;10142532868;B
20240418;100509;1870.6;6;10142532952;S
20240418;100509;1870.6;43;10142532953;S
20240418;100509;1870.4;826;10142532954;S
20240418;100510;1870.6;10;10142533021;B
20240418;100511;1870.8;3;10142533247;B
20240418;100512;1870.8;92;10142533364;B
20240418;100512;1871;2;10142533365;B
20240418;100512;1871;36;10142533366;B
20240418;100513;1870.8;120;10142533424;B
20240418;100513;1871;30;10142533425;B
20240418;100514;1870.4;5;10142533564;S
20240418;100514;1871;30;10142533627;B
20240418;100517;1871;10;10142534046;B
20240418;100517;1870.8;28;10142534067;S
20240418;100517;1870.8;1;10142534283;S
20240418;100517;1870.6;1;10142534295;S
20240418;100517;1870.6;81;10142534296;S
20240418;100517;1870.4;318;10142534297;S
20240418;100517;1870.8;1;10142534323;B
20240418;100519;1870.4;13;10142534586;S
20240418;100519;1870.6;1;10142534700;B
20240418;100520;1870.4;20;10142534865;S
20240418;100520;1870.6;1;10142534898;B
20240418;100523;1870.4;5;10142535212;S
20240418;100524;1870.6;1;10142535437;B
20240418;100524;1870.6;2;10142535438;B
20240418;100525;1870.4;28;10142535562;S
20240418;100525;1870.4;59;10142535611;S
20240418;100525;1870.6;12;10142535614;B
20240418;100525;1870.4;35;10142535632;S
20240418;100525;1870.2;17;10142535675;S
20240418;100527;1870.6;1;10142535934;B
20240418;100528;1870.6;1;10142536040;B
20240418;100528;1870.6;1;10142536067;B
20240418;100528;1870.2;46;10142536119;B
20240418;100528;1870.2;9;10142536126;B
20240418;100529;1870.2;3;10142536186;B
20240418;100529;1870.2;5;10142536243;B
20240418;100530;1870.2;64;10142536400;B
20240418;100530;1870.4;80;10142536401;B
20240418;100530;1870.6;17;10142536402;B
20240418;100530;1870.6;1839;10142536403;B
20240418;100530;1870.6;17;10142536404;B
20240418;100530;1870.6;17;10142536405;B
20240418;100530;1870.6;16;10142536406;B
20240418;100531;1870.2;17;10142536562;S
20240418;100533;1870.8;1;10142536798;B
20240418;100533;1870.8;22;10142536855;B
20240418;100534;1870.8;5;10142537099;B
20240418;100535;1870.8;14;10142537218;B
20240418;100535;1870.6;2;10142537287;S
20240418;100537;1870.8;1;10142537545;B
20240418;100537;1870.8;1;10142537612;B
20240418;100537;1871;8;10142537613;B
20240418;100537;1871;1;10142537621;B
20240418;100537;1871;2;10142537656;B
20240418;100538;1870.8;7;10142537748;S
20240418;100539;1871;1;10142537948;B
20240418;100541;1871;20;10142538119;B
20240418;100542;1871;1;10142538231;B
20240418;100542;1870.8;56;10142538240;S
20240418;100543;1871;1;10142538315;B
20240418;100543;1870.8;25;10142538469;S
20240418;100543;1871;1;10142538477;B
20240418;100545;1871;1;10142538734;B
20240418;100549;1871;2;10142539370;B
20240418;100549;1871;1;10142539411;B
20240418;100550;1871;1;10142539521;B
20240418;100552;1870.8;1;10142539805;B
20240418;100552;1871;4;10142539806;B
20240418;100552;1870.8;2;10142539827;S
20240418;100552;1871;550;10142539866;B
20240418;100552;1871;76;10142539869;B
20240418;100552;1871;27;10142539876;B
20240418;100553;1871;2;10142539948;B
20240418;100553;1871;31;10142539949;B
20240418;100554;1870.8;60;10142540040;S
20240418;100554;1871;32;10142540069;B
20240418;100554;1871;1;10142540076;B
20240418;100554;1871;136;10142540100;B
20240418;100554;1871;2;10142540101;B
20240418;100554;1871;1;10142540102;B
20240418;100554;1871;148;10142540103;B
20240418;100554;1871;313;10142540104;B
20240418;100554;1871;324;10142540105;B
20240418;100554;1871;65;10142540106;B
20240418;100554;1871;195;10142540107;B
20240418;100554;1871;1;10142540108;B
20240418;100554;1871;57;10142540109;B
20240418;100554;1871;43;10142540110;B
20240418;100554;1871;180;10142540111;B
20240418;100554;1871;2;10142540112;B
20240418;100554;1871.2;10;10142540113;B
20240418;100554;1871.2;10;10142540114;B
20240418;100554;1871.2;40;10142540115;B
20240418;100554;1871.2;95;10142540116;B
20240418;100554;1871.2;18;10142540117;B
20240418;100554;1871.2;5;10142540118;B
20240418;100554;1871.2;1;10142540119;B
20240418;100554;1871.6;1;10142540120;B
20240418;100554;1871.6;19;10142540121;B
20240418;100555;1871.4;33;10142540138;S
20240418;100555;1871.6;1;10142540139;B
20240418;100555;1871.6;1;10142540140;B
20240418;100555;1871.6;1;10142540141;B
20240418;100555;1871.8;1;10142540142;B
20240418;100555;1871.8;1;10142540143;B
20240418;100555;1871.8;20;10142540144;B
20240418;100555;1872;5;10142540145;B
20240418;100555;1871.6;2;10142540225;S
20240418;100555;1871.4;81;10142540226;S
20240418;100555;1871.4;17;10142540227;S
20240418;100555;1871.4;400;10142540232;B
20240418;100555;1871.8;17;10142540233;B
20240418;100555;1872;5;10142540234;B
20240418;100555;1872;1;10142540235;B
20240418;100555;1872;34;10142540236;B
20240418;100555;1872;5;10142540237;B
20240418;100555;1872;10;10142540238;B
20240418;100555;1872;1;10142540239;B
20240418;100555;1872;1;10142540240;B
20240418;100555;1872;1;10142540241;B
20240418;100555;1872;50;10142540242;B
20240418;100555;1872;30;10142540243;B
20240418;100555;1872;1;10142540244;B
20240418;100555;1872;44;10142540245;B
20240418;100556;1872;1;10142540349;B
20240418;100556;1872;54;10142540384;B
20240418;100556;1872;10;10142540385;B
20240418;100556;1872;20;10142540386;B
20240418;100556;1872;1;10142540387;B
20240418;100556;1872;70;10142540388;B
20240418;100556;1872;27;10142540389;B
20240418;100556;1872.2;2;10142540390;B
20240418;100556;1872.2;3;10142540391;B
20240418;100556;1872.4;1;10142540392;B
20240418;100556;1872.4;3;10142540393;B
20240418;100556;1872.4;9;10142540394;B
20240418;100556;1872.4;20;10142540405;B
20240418;100556;1872.4;15;10142540406;B
20240418;100556;1872.6;1;10142540407;B
20240418;100556;1872.6;10;10142540408;B
20240418;100556;1872.6;5;10142540409;B
20240418;100556;1872.8;1;10142540410;B
20240418;100556;1872.8;8;10142540411;B
20240418;100556;1872.8;15;10142540412;B
20240418;100556;1872.8;5;10142540413;B
20240418;100557;1872.8;28;10142540451;B
20240418;100557;1872.8;2;10142540452;B
20240418;100557;1872.8;10;10142540453;B
20240418;100557;1872.8;1;10142540454;B
20240418;100557;1872.8;1;10142540455;B
20240418;100557;1872.8;10;10142540456;B
20240418;100557;1873;1;10142540457;B
20240418;100557;1873;1;10142540458;B
20240418;100557;1873;1;10142540459;B
20240418;100557;1873;6;10142540460;B
20240418;100557;1873;1;10142540461;B
20240418;100557;1873;1;10142540462;B
20240418;100557;1873;1;10142540463;B
20240418;100557;1873;1;10142540464;B
20240418;100557;1873;85;10142540465;B
20240418;100557;1873;2;10142540468;B
20240418;100557;1873;6;10142540494;B
20240418;100557;1873;59;10142540495;B
20240418;100557;1873.2;1;10142540496;B
20240418;100557;1873.2;1;10142540497;B
20240418;100557;1873.2;2;10142540498;B
20240418;100557;1873.2;97;10142540499;B
20240418;100557;1873.2;20;10142540508;B
20240418;100557;1873.2;25;10142540517;B
20240418;100557;1873.2;56;10142540525;B
20240418;100557;1872.6;1;10142540553;S
20240418;100557;1872.4;17;10142540554;S
20240418;100557;1872.4;5;10142540555;S
20240418;100557;1872.2;11;10142540556;S
20240418;100557;1873;5;10142540557;B
20240418;100557;1873;4;10142540558;B
20240418;100557;1873;8;10142540560;B
20240418;100557;1873.2;99;10142540561;B
20240418;100557;1873.2;52;10142540562;B
20240418;100557;1873.2;5;10142540564;B
20240418;100557;1873.2;170;10142540597;B
20240418;100557;1873.2;200;10142540606;B
20240418;100557;1873.2;18;10142540610;B
20240418;100557;1873.2;195;10142540611;B
20240418;100557;1873.2;11;10142540612;B
20240418;100557;1873.4;1;10142540613;B
20240418;100557;1873.4;100;10142540614;B
20240418;100557;1873.4;1;10142540615;B
20240418;100557;1873.6;1;10142540616;B
20240418;100557;1873.6;2;10142540617;B
20240418;100557;1873.8;1;10142540618;B
20240418;100557;1873.8;1;10142540619;B
20240418;100557;1873.8;50;10142540620;B
20240418;100557;1873.8;4;10142540621;B
20240418;100557;1873.8;144;10142540622;B
20240418;100557;1874;1;10142540623;B
20240418;100557;1874;1;10142540624;B
20240418;100557;1874;4;10142540625;B
20240418;100557;1874;20;10142540626;B
20240418;100557;1874;1;10142540627;B
20240418;100557;1874;50;10142540628;B
20240418;100557;1874.2;1;10142540629;B
20240418;100557;1874.2;6;10142540630;B
20240418;100557;1874.2;5;10142540631;B
20240418;100557;1873.8;17;10142540649;S
20240418;100557;1873.6;23;10142540650;S
20240418;100557;1873.6;8;10142540667;S
20240418;100557;1874.4;1;10142540671;B
20240418;100557;1874.4;1;10142540672;B
20240418;100557;1874.2;4;10142540725;B
20240418;100557;1874.4;16;10142540726;B
20240418;100558;1874.4;4;10142540813;B
20240418;100558;1874.4;4;10142540842;B
20240418;100558;1874.4;17;10142540843;B
20240418;100558;1874.4;29;10142540844;B
20240418;100558;1874;4;10142540847;B
20240418;100558;1874.4;246;10142540848;B
20240418;100558;1874.6;1;10142540850;B
20240418;100558;1874.6;24;10142540851;B
20240418;100559;1874.6;1;10142540989;B
20240418;100559;1874.6;2;10142540990;B
20240418;100559;1874.6;12;10142540991;B
20240418;100600;1874.6;132;10142541068;B
20240418;100600;1874.6;15;10142541069;B
20240418;100600;1874.2;1;10142541075;S
20240418;100600;1874;1;10142541078;S
20240418;100600;1874.6;15;10142541083;B
20240418;100600;1874;1;10142541093;S
20240418;100600;1874;1;10142541100;S
20240418;100600;1874.6;6;10142541143;B
20240418;100601;1874.4;15;10142541536;B
20240418;100602;1874.4;2;10142541808;B
20240418;100603;1874.4;20;10142541944;B
20240418;100604;1874.4;6;10142542034;B
20240418;100604;1874.4;17;10142542046;B
20240418;100604;1874.4;3;10142542047;B
20240418;100606;1874.4;1;10142542414;B
20240418;100606;1874.6;24;10142542415;B
20240418;100606;1874.6;25;10142542416;B
20240418;100607;1874.2;200;10142542543;S
20240418;100607;1874;46;10142542544;S
20240418;100607;1873.8;72;10142542592;S
20240418;100607;1874;163;10142542755;B
20240418;100607;1874.2;45;10142542756;B
20240418;100607;1874.4;81;10142542757;B
20240418;100607;1874.6;11;10142542758;B
20240418;100608;1874.6;10;10142542820;B
20240418;100609;1874.2;50;10142542917;S
20240418;100609;1874.4;2;10142543053;B
20240418;100609;1874.4;8;10142543054;B
20240418;100609;1874.6;4;10142543135;B
20240418;100610;1874.6;70;10142543363;B
20240418;100611;1874.2;5;10142543392;S
20240418;100611;1874.2;3;10142543397;S
20240418;100611;1874.6;80;10142543523;B
20240418;100611;1874.6;120;10142543524;B
20240418;100611;1874.6;45;10142543525;B
20240418;100611;1874.8;1;10142543526;B
20240418;100611;1874.8;104;10142543527;B
20240418;100612;1874.6;5;10142543641;S
20240418;100613;1874.8;1;10142543775;B
20240418;100613;1874.8;1;10142543776;B
20240418;100613;1874.8;1;10142543778;B
20240418;100613;1874.8;1;10142543779;B
20240418;100613;1874.8;24;10142543780;B
20240418;100613;1874.6;76;10142543833;S
20240418;100613;1874.6;19;10142543834;S
20240418;100613;1874.6;3;10142543905;S
20240418;100613;1874.8;5;10142543954;B
20240418;100613;1874.8;200;10142543983;B
20240418;100614;1874.8;5;10142544099;B
20240418;100614;1874.8;66;10142544109;B
20240418;100614;1875;1;10142544202;B
20240418;100614;1875;1;10142544203;B
20240418;100614;1875;1;10142544204;B
20240418;100614;1875;1;10142544205;B
20240418;100614;1875;1;10142544206;B
20240418;100614;1875;9;10142544225;B
20240418;100614;1875;5;10142544226;B
20240418;100614;1875;3;10142544227;B
20240418;100614;1875;30;10142544228;B
20240418;100614;1875;1;10142544229;B
20240418;100614;1875;5;10142544230;B
20240418;100614;1875;18;10142544231;B
20240418;100614;1875;12;10142544232;B
20240418;100614;1875;190;10142544250;B
20240418;100614;1875;66;10142544251;B
20240418;100614;1875;200;10142544291;B
20240418;100614;1875;14;10142544292;B
20240418;100614;1875;8;10142544293;B
20240418;100614;1875;3;10142544294;B
20240418;100614;1875;14;10142544295;B
20240418;100614;1875;1;10142544296;B
20240418;100614;1875;1;10142544297;B
20240418;100614;1875;2;10142544298;B
20240418;100614;1875;10;10142544299;B
20240418;100614;1875;2;10142544300;B
20240418;100614;1875;14;10142544301;B
20240418;100614;1875;5;10142544324;B
20240418;100614;1875;11;10142544327;B
20240418;100614;1875;80;10142544328;B
20240418;100614;1875;9;10142544329;B
20240418;100614;1875.2;1;10142544330;B
20240418;100614;1875.2;2;10142544331;B
20240418;100614;1875.2;8;10142544332;B
20240418;100615;1875.2;20;10142544345;S
20240418;100615;1875.4;1;10142544385;B
20240418;100615;1875.4;40;10142544386;B
20240418;100615;1875.6;1;10142544387;B
20240418;100615;1875.8;1;10142544388;B
20240418;100615;1875.8;1;10142544389;B
20240418;100615;1875.6;10;10142544392;S
20240418;100615;1875.8;5;10142544394;B
20240418;100615;1875.8;153;10142544395;B
20240418;100615;1875.8;4;10142544396;B
20240418;100615;1875.8;1;10142544397;B
20240418;100615;1876;1;10142544398;B
20240418;100615;1876;1;10142544399;B
20240418;100615;1876;90;10142544400;B
20240418;100615;1876;10;10142544401;B
20240418;100615;1876;20;10142544402;B
20240418;100615;1876;1;10142544403;B
20240418;100615;1876;45;10142544404;B
20240418;100615;1876;72;10142544405;B
20240418;100615;1876.2;1;10142544406;B
20240418;100615;1876.2;2;10142544407;B
20240418;100615;1876.2;45;10142544408;B
20240418;100615;1876.4;1;10142544409;B
20240418;100615;1876.6;1;10142544410;B
20240418;100615;1876.6;2;10142544411;B
20240418;100615;1876.6;1;10142544412;B
20240418;100615;1876.8;1;10142544413;B
20240418;100615;1876.8;1;10142544414;B
20240418;100615;1876.8;60;10142544415;B
20240418;100615;1877;1;10142544416;B
20240418;100615;1877;25;10142544417;B
20240418;100615;1877;1;10142544418;B
20240418;100615;1877;1;10142544419;B
20240418;100615;1877;1;10142544420;B
20240418;100615;1877;70;10142544421;B
20240418;100615;1877;143;10142544422;B
20240418;100615;1877;15;10142544423;B
20240418;100615;1877.2;1;10142544424;B
20240418;100615;1877.2;100;10142544425;B
20240418;100615;1877.2;1;10142544426;B
20240418;100615;1877.2;53;10142544427;B
20240418;100615;1877.2;22;10142544428;B
20240418;100615;1877.4;1;10142544429;B
20240418;100615;1877.4;42;10142544430;B
20240418;100615;1877.6;1;10142544431;B
20240418;100615;1877.6;200;10142544432;B
20240418;100615;1877.6;15;10142544433;B
20240418;100615;1877.6;120;10142544434;B
20240418;100615;1877.4;20;10142544438;S
20240418;100615;1876.8;17;10142544439;S
20240418;100615;1876.6;4;10142544440;S
20240418;100615;1877.2;2;10142544441;B
20240418;100615;1877.2;12;10142544443;B
20240418;100615;1877.2;3;10142544450;B
20240418;100615;1877.2;17;10142544451;S
20240418;100615;1876.8;17;10142544462;S
20240418;100615;1876.6;56;10142544463;S
20240418;100615;1876.4;16;10142544464;S
20240418;100615;1876.4;5;10142544465;S
20240418;100615;1877.2;17;10142544468;B
20240418;100615;1877.2;3;10142544469;B
20240418;100615;1877;20;10142544499;B
20240418;100615;1876.6;17;10142544504;S
20240418;100615;1876.4;154;10142544505;S
20240418;100615;1876.2;15;10142544506;S
20240418;100615;1876.2;143;10142544507;S
20240418;100615;1875.6;85;10142544508;S
20240418;100615;1875.4;194;10142544509;S
20240418;100615;1875.4;8;10142544510;S
20240418;100615;1875.4;90;10142544511;S
20240418;100615;1875.4;1000;10142544512;S
20240418;100615;1875.2;60;10142544513;S
20240418;100615;1875.2;42;10142544514;S
20240418;100615;1875;200;10142544515;S
20240418;100615;1875;52;10142544516;S
20240418;100615;1876;1;10142544518;S
20240418;100615;1876.2;42;10142544527;B
20240418;100615;1876.2;17;10142544528;B
20240418;100615;1876.4;289;10142544529;B
20240418;100615;1876.6;194;10142544530;B
20240418;100615;1876.8;277;10142544531;B
20240418;100615;1877;17;10142544532;B
20240418;100615;1877;60;10142544533;B
20240418;100615;1877;140;10142544534;S
20240418;100615;1877;31;10142544535;S
20240418;100615;1877;34;10142544536;S
20240418;100615;1877.2;1;10142544566;B
20240418;100616;1877;12;10142544604;S
20240418;100616;1877.2;2;10142544606;B
20240418;100616;1877.2;5;10142544616;B
20240418;100616;1877.2;2;10142544630;B
20240418;100616;1877.6;8;10142544631;B
20240418;100616;1877.6;8;10142544632;B
20240418;100616;1877.6;420;10142544633;B
20240418;100616;1877.8;1;10142544634;B
20240418;100616;1877.8;1;10142544635;B
20240418;100616;1877.8;5;10142544636;B
20240418;100616;1877.8;90;10142544637;B
20240418;100616;1877.8;54;10142544638;B
20240418;100616;1877.8;42;10142544639;B
20240418;100616;1878;1;10142544640;B
20240418;100616;1878;120;10142544641;B
20240418;100616;1878;1;10142544642;B
20240418;100616;1878;8;10142544643;B
20240418;100616;1878;4;10142544644;B
20240418;100616;1878;20;10142544645;B
20240418;100616;1878;53;10142544646;B
20240418;100616;1878;10;10142544647;B
20240418;100616;1878;3;10142544648;B
20240418;100616;1878;2;10142544649;B
20240418;100616;1878;1;10142544650;B
20240418;100616;1878;230;10142544651;B
20240418;100616;1878;1;10142544652;B
20240418;100616;1878;35;10142544653;B
20240418;100616;1878;304;10142544654;B
20240418;100616;1878;60;10142544655;B
20240418;100616;1878;143;10142544656;B
20240418;100616;1878.2;1;10142544657;B
20240418;100616;1878.2;50;10142544658;B
20240418;100616;1878.2;27;10142544659;B
20240418;100616;1878.4;1;10142544660;B
20240418;100616;1878.4;30;10142544661;B
20240418;100616;1878.4;1;10142544662;B
20240418;100616;1878.4;53;10142544663;B
20240418;100616;1878.6;1;10142544664;B
20240418;100616;1878.6;1;10142544665;B
20240418;100616;1878.6;2;10142544666;B
20240418;100616;1878.6;31;10142544667;B
20240418;100616;1878.6;17;10142544668;B
20240418;100616;1878.8;1;10142544669;B
20240418;100616;1878.8;1;10142544670;B
20240418;100616;1878.8;2;10142544671;B
20240418;100616;1878.8;50;10142544672;B
20240418;100616;1878.8;9;10142544673;B
20240418;100616;1878.8;5;10142544674;B
20240418;100616;1878.8;1;10142544675;B
20240418;100616;1878.8;81;10142544676;B
20240418;100616;1879;1;10142544677;B
20240418;100616;1879;1;10142544678;B
20240418;100616;1879;1;10142544679;B
20240418;100616;1879;1;10142544680;B
20240418;100616;1879;1;10142544681;B
20240418;100616;1879;1;10142544682;B
20240418;100616;1879;10;10142544683;B
20240418;100616;1879;50;10142544684;B
20240418;100616;1879;50;10142544685;B
20240418;100616;1879;120;10142544686;B
20240418;100616;1879;1;10142544687;B
20240418;100616;1879;9;10142544688;B
20240418;100616;1879;3;10142544689;B
20240418;100616;1879;10;10142544690;B
20240418;100616;1879;100;10142544691;B
20240418;100616;1879;1;10142544692;B
20240418;100616;1879;10;10142544693;B
20240418;100616;1879;58;10142544694;B
20240418;100616;1878;15;10142544697;S
20240418;100616;1878;5;10142544713;S
20240418;100616;1878.8;3;10142544721;B
20240418;100616;1878.8;8;10142544722;B
20240418;100616;1878.8;12;10142544723;B
20240418;100616;1877.8;5;10142544733;S
20240418;100616;1877.8;11;10142544736;S
20240418;100616;1877.8;2;10142544738;S
20240418;100616;1877.8;41;10142544773;S
20240418;100616;1877.8;1;10142544774;S
20240418;100616;1877.8;10;10142544775;S
20240418;100616;1877.8;4;10142544779;S
20240418;100616;1877.8;5;10142544780;S
20240418;100616;1877.6;5;10142544799;S
20240418;100617;1878;20;10142544870;B
20240418;100617;1878;13;10142544871;B
20240418;100617;1878.8;58;10142544872;B
20240418;100617;1878.8;21;10142544873;B
20240418;100617;1878.8;143;10142544874;B
20240418;100617;1878.8;60;10142544875;B
20240418;100617;1879;100;10142544876;B
20240418;100617;1879;20;10142544877;B
20240418;100617;1879;1;10142544878;B
20240418;100617;1879;1;10142544879;B
20240418;100617;1879;5;10142544880;B
20240418;100617;1879;43;10142544881;B
20240418;100617;1879.2;1;10142544882;B
20240418;100617;1879.4;1;10142544883;B
20240418;100617;1879.4;40;10142544884;B
20240418;100617;1879.4;1;10142544885;B
20240418;100617;1879.4;14;10142544886;B
20240418;100617;1879.4;17;10142544887;S
20240418;100617;1879.4;19;10142544888;S
20240418;100617;1879.4;197;10142544889;S
20240418;100617;1879.6;27;10142544897;B
20240418;100617;1879.6;2;10142544898;B
20240418;100617;1879.6;1;10142544899;B
20240418;100617;1879.4;1;10142544927;S
20240418;100617;1879.4;500;10142544928;S
20240418;100617;1879.4;15;10142544929;S
20240418;100617;1879.6;2;10142544930;B
20240418;100617;1879.6;2;10142544931;B
20240418;100617;1879.6;2;10142544932;B
20240418;100617;1879.6;2;10142544933;B
20240418;100617;1879.6;12;10142544936;B
20240418;100617;1879.6;1;10142544937;B
20240418;100617;1879.6;27;10142544938;B
20240418;100617;1879.6;81;10142544939;B
20240418;100617;1879.6;42;10142544940;B
20240418;100617;1879.6;1;10142544941;S
20240418;100617;1879.6;106;10142544942;S
20240418;100617;1879.4;394;10142544943;S
20240418;100617;1879.4;5;10142544944;S
20240418;100617;1879.6;4;10142544956;B
20240418;100617;1879.6;4;10142544957;B
20240418;100617;1879.4;11;10142544964;S
20240418;100617;1879.4;1;10142544973;S
20240418;100617;1879.6;5;10142544987;B
20240418;100617;1879.6;2;10142544990;B
20240418;100617;1879.6;60;10142544991;B
20240418;100617;1879.4;3;10142544996;S
20240418;100617;1879.6;40;10142544997;B
20240418;100617;1879.6;81;10142544998;B
20240418;100617;1879.8;10;10142544999;B
20240418;100617;1879.8;1;10142545000;B
20240418;100617;1879.8;11;10142545001;B
20240418;100617;1879.8;7;10142545002;B
20240418;100617;1879.4;1;10142545023;S
20240418;100617;1879.6;9;10142545034;B
20240418;100617;1879.4;2;10142545036;S
20240418;100617;1879.4;108;10142545038;S
20240418;100617;1879.2;16;10142545039;S
20240418;100617;1879.2;42;10142545040;S
20240418;100617;1878.8;11;10142545049;S
20240418;100617;1879.2;1;10142545051;B
20240418;100617;1878.6;11;10142545063;S
20240418;100618;1879;1;10142545141;B
20240418;100618;1878.6;1;10142545160;S
20240418;100618;1878.4;4;10142545161;S
20240418;100618;1878.4;1;10142545162;S
20240418;100618;1879;1;10142545170;B
20240418;100618;1879;11;10142545171;B
20240418;100618;1879;8;10142545172;B
20240418;100618;1878.4;5;10142545184;S
20240418;100618;1879;40;10142545218;B
20240418;100618;1879.2;6;10142545219;B
20240418;100619;1878.6;120;10142545354;S
20240418;100619;1878.4;126;10142545355;S
20240418;100619;1878.4;17;10142545356;S
20240418;100619;1878.4;60;10142545357;S
20240418;100619;1878;18;10142545358;S
20240418;100619;1877.8;42;10142545359;S
20240418;100619;1877.8;117;10142545360;S
20240418;100619;1878.2;5;10142545371;S
20240418;100619;1878.2;3;10142545437;S
20240418;100620;1879;17;10142545570;B
20240418;100620;1879.2;27;10142545571;B
20240418;100620;1879.2;20;10142545572;B
20240418;100620;1879.2;6;10142545573;B
20240418;100620;1879.4;1;10142545574;B
20240418;100620;1879.4;2;10142545575;B
20240418;100621;1879;5;10142545763;S
20240418;100621;1878.8;5;10142545767;S
20240418;100621;1878.8;1;10142545833;S
20240418;100622;1879;45;10142545925;B
20240418;100622;1878.8;5;10142545971;S
20240418;100622;1878.8;1;10142545983;S
20240418;100623;1878.8;39;10142546059;S
20240418;100623;1879;55;10142546094;B
20240418;100623;1879;39;10142546095;B
20240418;100623;1879.4;5;10142546096;B
20240418;100623;1879.4;10;10142546097;B
20240418;100623;1879.4;15;10142546098;B
20240418;100623;1879.6;100;10142546099;B
20240418;100623;1879.6;10;10142546100;B
20240418;100623;1879.6;10;10142546101;B
20240418;100623;1879.6;22;10142546102;B
20240418;100623;1879.6;1;10142546191;B
20240418;100624;1879;55;10142546267;B
20240418;100624;1879.2;39;10142546268;B
20240418;100624;1879.6;100;10142546269;B
20240418;100624;1879.6;29;10142546270;B
20240418;100624;1879.8;13;10142546271;B
20240418;100624;1879.8;2;10142546272;B
20240418;100624;1879.8;10;10142546273;B
20240418;100624;1879.8;30;10142546274;B
20240418;100624;1879.8;1;10142546275;B
20240418;100624;1879.8;30;10142546276;B
20240418;100624;1879.8;1;10142546277;B
20240418;100624;1879.8;213;10142546278;B
20240418;100624;1879.8;10;10142546279;B
20240418;100624;1879.8;6;10142546280;B
20240418;100624;1879.8;10;10142546281;B
20240418;100624;1879.8;11;10142546282;B
20240418;100624;1879.8;2;10142546286;B
20240418;100624;1879.8;48;10142546287;B
20240418;100625;1879.4;2;10142546400;B
20240418;100625;1879.8;10;10142546401;B
20240418;100625;1879.8;1;10142546402;B
20240418;100625;1880;1;10142546403;B
20240418;100625;1880;200;10142546404;B
20240418;100625;1880;1;10142546405;B
20240418;100625;1880;5;10142546406;B
20240418;100625;1880;2;10142546407;B
20240418;100625;1880;3;10142546408;B
20240418;100625;1880;1;10142546409;B
20240418;100625;1880;1;10142546410;B
20240418;100625;1880;23;10142546411;B
20240418;100625;1880;2;10142546412;B
20240418;100625;1880;1;10142546413;B
20240418;100625;1880;1;10142546414;B
20240418;100625;1880;1;10142546415;B
20240418;100625;1880;1;10142546416;B
20240418;100625;1880;21;10142546417;B
20240418;100625;1880;64;10142546418;B
20240418;100625;1880;30;10142546419;B
20240418;100625;1880;1;10142546420;B
20240418;100625;1880;1;10142546421;B
20240418;100625;1880;1;10142546422;B
20240418;100625;1880;28;10142546423;B
20240418;100625;1880;398;10142546424;B
20240418;100625;1880;1;10142546426;B
20240418;100625;1880;350;10142546456;B
20240418;100625;1879.4;17;10142546457;S
20240418;100625;1879.4;42;10142546458;S
20240418;100625;1879.4;1;10142546459;S
20240418;100625;1880;1;10142546460;B
20240418;100625;1880;1;10142546464;B
20240418;100625;1880;1;10142546465;B
20240418;100625;1880;2;10142546466;B
20240418;100625;1879.8;2;10142546468;S
20240418;100625;1879.8;1;10142546469;S
20240418;100625;1879.8;2;10142546470;S
20240418;100625;1880;1;10142546471;B
20240418;100625;1880;2;10142546472;B
20240418;100625;1880;1;10142546473;B
20240418;100625;1880;1;10142546474;B
20240418;100625;1880;20;10142546508;B
20240418;100625;1880;20;10142546509;B
20240418;100625;1880;9;10142546522;B
20240418;100625;1880;5;10142546523;B
20240418;100625;1880;1;10142546524;B
20240418;100625;1880;10;10142546525;B
20240418;100625;1880;1;10142546531;B
20240418;100625;1879.8;1;10142546550;S
20240418;100625;1879.8;1;10142546551;S
20240418;100625;1879.8;144;10142546553;S
20240418;100625;1879.8;3;10142546554;S
20240418;100625;1879.6;40;10142546555;S
20240418;100625;1879.4;113;10142546556;S
20240418;100625;1879.4;2;10142546557;S
20240418;100625;1879.2;1;10142546558;S
20240418;100625;1879.2;13;10142546559;S
20240418;100625;1879.2;1;10142546560;S
20240418;100625;1879.6;5;10142546566;B
20240418;100626;1879.2;5;10142546568;S
20240418;100626;1879.8;148;10142546579;B
20240418;100626;1880;49;10142546581;B
20240418;100626;1880;1;10142546582;B
20240418;100626;1880;1;10142546583;B
20240418;100626;1880;2;10142546584;B
20240418;100626;1880;47;10142546585;B
20240418;100626;1880;153;10142546588;B
20240418;100626;1880;3;10142546589;B
20240418;100626;1880;2;10142546590;B
20240418;100626;1880;1;10142546591;B
20240418;100626;1880;100;10142546592;B
20240418;100626;1880;2;10142546593;B
20240418;100626;1880;5;10142546594;B
20240418;100626;1880;5;10142546595;B
20240418;100626;1880;20;10142546596;B
20240418;100626;1880;40;10142546597;B
20240418;100626;1880;3;10142546598;B
20240418;100626;1880;7;10142546599;B
20240418;100626;1880;17;10142546600;B
20240418;100626;1880;5;10142546601;B
20240418;100626;1880;429;10142546602;B
20240418;100626;1880;8;10142546603;B
20240418;100626;1879.2;5;10142546604;S
20240418;100626;1880;12;10142546605;B
20240418;100626;1880;24;10142546606;B
20240418;100626;1880;1;10142546607;B
20240418;100626;1880;12;10142546608;B
20240418;100626;1880;50;10142546609;B
20240418;100626;1880;51;10142546610;B
20240418;100626;1880;50;10142546623;B
20240418;100626;1879.6;5;10142546721;S
20240418;100626;1880;2;10142546728;B
20240418;100626;1880;397;10142546730;B
20240418;100626;1880;2;10142546731;B
20240418;100626;1880;60;10142546732;B
20240418;100626;1880;5;10142546733;B
20240418;100626;1880;3;10142546734;B
20240418;100626;1880;5;10142546735;B
20240418;100626;1880;16;10142546736;B
20240418;100626;1880;5;10142546737;B
20240418;100626;1880;1;10142546738;B
20240418;100626;1880;31;10142546739;B
20240418;100626;1880;1;10142546740;B
20240418;100626;1880;1;10142546741;B
20240418;100626;1880;2;10142546742;B
20240418;100626;1880;1;10142546743;B
20240418;100626;1880;1;10142546744;B
20240418;100626;1880;1;10142546745;B
20240418;100626;1880;9;10142546763;B
20240418;100626;1880;41;10142546764;B
20240418;100627;1880;1;10142546786;B
20240418;100627;1880;10;10142546850;B
20240418;100627;1879.6;5;10142546893;S
20240418;100627;1880;2;10142546896;B
20240418;100627;1880;8;10142546897;B
20240418;100627;1880;32;10142546920;B
20240418;100627;1880;1;10142546921;B
20240418;100627;1880;22;10142546922;B
20240418;100627;1880;16;10142546923;B
20240418;100627;1880;33;10142546924;B
20240418;100627;1880;1;10142546925;B
20240418;100627;1880;4;10142546926;B
20240418;100627;1880;2;10142546927;B
20240418;100627;1880;4;10142546928;B
20240418;100627;1880;1;10142546929;B
20240418;100627;1880;2;10142546930;B
20240418;100627;1880;1;10142546931;B
20240418;100627;1880;10;10142546932;B
20240418;100627;1880;6;10142546933;B
20240418;100627;1880;15;10142546934;B
20240418;100628;1879.6;1;10142547006;S
20240418;100628;1880;5;10142547022;B
20240418;100628;1880;1;10142547023;B
20240418;100628;1880;1;10142547024;B
20240418;100628;1880;1;10142547025;B
20240418;100628;1880;5;10142547026;B
20240418;100628;1880;20;10142547027;B
20240418;100628;1880;114;10142547028;B
20240418;100628;1880;1;10142547029;B
20240418;100628;1880;2;10142547030;B
20240418;100628;1880;11;10142547031;B
20240418;100628;1880;1;10142547032;B
20240418;100628;1880;1;10142547033;B
20240418;100628;1880;11;10142547034;B
20240418;100628;1880;50;10142547035;B
20240418;100628;1880;10;10142547036;B
20240418;100628;1880;4;10142547037;B
20240418;100628;1880;10;10142547038;B
20240418;100628;1880;4;10142547039;B
20240418;100628;1880;10;10142547040;B
20240418;100628;1880;1;10142547041;B
20240418;100628;1880;5;10142547042;B
20240418;100628;1880;15;10142547043;B
20240418;100628;1880;3;10142547044;B
20240418;100628;1880;7;10142547045;B
20240418;100628;1880;4;10142547046;B
20240418;100628;1880;1;10142547047;B
20240418;100628;1880;8;10142547048;B
20240418;100628;1880;3;10142547049;B
20240418;100628;1880;3;10142547050;B
20240418;100628;1880;1;10142547051;B
20240418;100628;1880;20;10142547052;B
20240418;100628;1880;1;10142547053;B
20240418;100628;1880;1;10142547054;B
20240418;100628;1880;5;10142547055;B
20240418;100628;1880;1;10142547056;B
20240418;100628;1880;2;10142547057;B
20240418;100628;1880;2;10142547058;B
20240418;100628;1880;1;10142547059;B
20240418;100628;1880;10;10142547060;B
20240418;100628;1880;20;10142547061;B
20240418;100628;1880;1;10142547062;B
20240418;100628;1880;2;10142547063;B
20240418;100628;1880;22;10142547064;B
20240418;100628;1880;1;10142547065;B
20240418;100628;1880;28;10142547066;B
20240418;100628;1880;2;10142547067;B
20240418;100628;1880;3;10142547068;B
20240418;100628;1880;2;10142547069;B
20240418;100628;1880;10;10142547070;B
20240418;100628;1880;50;10142547071;B
20240418;100628;1880;1;10142547072;B
20240418;100628;1880;6;10142547073;B
20240418;100628;1880;70;10142547074;B
20240418;100628;1880;4;10142547075;B
20240418;100628;1880;3;10142547076;B
20240418;100628;1880;10;10142547077;B
20240418;100628;1880;1;10142547078;B
20240418;100628;1880;5;10142547079;B
20240418;100628;1880.2;2;10142547080;B
20240418;100628;1880.2;1;10142547081;B
20240418;100628;1880.2;1;10142547082;B
20240418;100628;1880.4;3;10142547091;B
20240418;100628;1880.4;7;10142547127;B
20240418;100628;1880.4;2;10142547128;B
20240418;100628;1880.4;41;10142547129;B
20240418;100628;1880;42;10142547131;S
20240418;100628;1879.8;8;10142547132;S
20240418;100628;1880.4;1;10142547139;B
20240418;100629;1880.4;2;10142547166;B
20240418;100629;1880.4;2;10142547198;B
20240418;100629;1879.8;2;10142547219;B
20240418;100629;1880.4;33;10142547220;B
20240418;100629;1879.6;5;10142547221;S
20240418;100629;1880.4;2;10142547227;B
20240418;100629;1880.4;2;10142547269;B
20240418;100629;1880.2;2;10142547290;S
20240418;100629;1880.4;77;10142547293;B
20240418;100629;1880.4;17;10142547294;B
20240418;100629;1880.4;1;10142547295;B
20240418;100630;1880.4;1;10142547351;B
20240418;100631;1880.6;1;10142547582;B
20240418;100631;1880.8;1;10142547583;B
20240418;100631;1880.8;5;10142547584;B
20240418;100632;1880.8;3;10142547657;B
20240418;100632;1880.8;12;10142547768;B
20240418;100632;1880.8;1;10142547769;B
20240418;100632;1880.8;18;10142547770;B
20240418;100632;1880.8;9;10142547797;B
20240418;100632;1880.8;44;10142547798;B
20240418;100632;1881;1;10142547799;B
20240418;100632;1881;1;10142547800;B
20240418;100632;1881;3;10142547811;B
20240418;100632;1881;10;10142547812;B
20240418;100632;1881;49;10142547813;B
20240418;100632;1881;10;10142547814;B
20240418;100632;1881;1;10142547815;B
20240418;100632;1881;47;10142547816;B
20240418;100632;1881;1;10142547817;B
20240418;100632;1881;1;10142547818;B
20240418;100632;1881;1;10142547819;B
20240418;100632;1881.2;4;10142547820;B
20240418;100632;1881.2;143;10142547821;B
20240418;100632;1881.4;8;10142547822;B
20240418;100632;1881.4;4;10142547823;B
20240418;100632;1881.4;30;10142547824;B
20240418;100632;1881.4;5;10142547825;B
20240418;100632;1881.4;60;10142547826;B
20240418;100632;1881.6;1;10142547827;B
20240418;100632;1881.6;25;10142547828;B
20240418;100632;1881.6;1;10142547829;B
20240418;100632;1880.8;15;10142547834;S
20240418;100632;1881.8;1;10142547838;B
20240418;100632;1882;1;10142547839;B
20240418;100632;1882;1;10142547840;B
20240418;100632;1882;3;10142547841;B
20240418;100632;1882;21;10142547842;B
20240418;100632;1881.8;15;10142547846;B
20240418;100632;1882;2;10142547847;B
20240418;100632;1881.2;3;10142547848;B
20240418;100632;1881.8;71;10142547850;B
20240418;100632;1881.6;2;10142547902;S
20240418;100632;1880.8;2;10142547906;S
20240418;100632;1880.6;2;10142547907;S
20240418;100632;1880.6;7;10142547908;S
20240418;100632;1881.8;72;10142547909;B
20240418;100632;1881.8;2;10142547910;B
20240418;100632;1882;77;10142547911;B
20240418;100632;1882;1;10142547912;B
20240418;100632;1882;32;10142547913;B
20240418;100632;1882;1;10142547914;B
20240418;100632;1882;105;10142547915;B
20240418;100632;1880.8;3;10142547933;S
20240418;100632;1880.8;2;10142547934;S
20240418;100632;1880.8;2;10142547937;S
20240418;100633;1880.6;11;10142547968;S
20240418;100633;1881;5;10142548065;B
20240418;100633;1881;10;10142548067;B
20240418;100633;1881;18;10142548068;B
20240418;100633;1881;2;10142548069;B
20240418;100633;1881.2;35;10142548070;B
20240418;100633;1881.2;22;10142548072;B
20240418;100633;1881.2;7;10142548073;B
20240418;100633;1881.4;26;10142548074;B
20240418;100633;1880.6;20;10142548087;S
20240418;100633;1880.6;10;10142548089;S
20240418;100633;1880.6;1;10142548090;S
20240418;100633;1881.4;1;10142548091;B
20240418;100633;1880.6;10;10142548092;S
20240418;100633;1881.4;3;10142548093;B
20240418;100633;1881.8;12;10142548094;B
20240418;100633;1881;6;10142548099;B
20240418;100633;1880.6;5;10142548109;S
20240418;100633;1880.6;5;10142548111;S
20240418;100633;1880.6;5;10142548113;S
20240418;100633;1881;10;10142548119;B
20240418;100633;1881.4;3;10142548120;B
20240418;100633;1881.8;37;10142548121;B
20240418;100633;1880.6;5;10142548146;S
20240418;100633;1880.6;5;10142548163;S
20240418;100634;1881;2;10142548283;B
20240418;100634;1881;2;10142548284;B
20240418;100634;1881;2;10142548340;B
20240418;100634;1881.2;13;10142548354;S
20240418;100634;1880.6;18;10142548355;S
20240418;100634;1880.6;17;10142548356;S
20240418;100634;1880.6;39;10142548357;S
20240418;100634;1880.4;20;10142548358;S
20240418;100635;1881.2;13;10142548364;B
20240418;100635;1881;1;10142548396;B
20240418;100635;1881.2;4;10142548397;B
20240418;100635;1881.4;14;10142548398;B
20240418;100635;1881.4;42;10142548399;B
20240418;100635;1881.4;18;10142548400;B
20240418;100635;1880.8;1;10142548402;S
20240418;100635;1881.6;848;10142548429;B
20240418;100635;1881.6;42;10142548430;B
20240418;100635;1881.8;2;10142548431;B
20240418;100635;1881.8;200;10142548432;B
20240418;100635;1881.8;60;10142548433;B
20240418;100635;1882;26;10142548434;B
20240418;100635;1882;10;10142548435;B
20240418;100635;1882;3;10142548436;B
20240418;100635;1882;2;10142548437;B
20240418;100635;1882;1;10142548438;B
20240418;100635;1882;5;10142548439;B
20240418;100635;1882;1;10142548440;B
20240418;100635;1882;60;10142548441;B
20240418;100635;1882;5;10142548442;B
20240418;100635;1882;10;10142548443;B
20240418;100635;1882;17;10142548444;B
20240418;100635;1882;143;10142548445;B
20240418;100635;1882.2;229;10142548446;B
20240418;100635;1881.2;42;10142548480;S
20240418;100635;1881.2;35;10142548481;B
20240418;100635;1881.2;123;10142548482;B
20240418;100636;1882.2;3;10142548541;B
20240418;100636;1882.2;60;10142548603;B
20240418;100636;1882;2;10142548630;S
20240418;100636;1882;1;10142548811;S
20240418;100636;1882;4;10142548815;S
20240418;100637;1882.2;10;10142548859;B
20240418;100637;1882;103;10142548862;S
20240418;100637;1881.8;10;10142548890;S
20240418;100637;1881.8;1;10142548907;S
20240418;100637;1882;238;10142548930;B
20240418;100637;1882.2;198;10142548931;B
20240418;100637;1882.2;3;10142548932;B
20240418;100637;1882.2;1;10142548933;B
20240418;100637;1882.2;16;10142548934;B
20240418;100637;1882.4;200;10142548935;B
20240418;100637;1882.4;15;10142548936;B
20240418;100637;1882.6;200;10142548937;B
20240418;100637;1882.6;100;10142548938;B
20240418;100637;1882.6;1;10142548939;B
20240418;100637;1882.8;1;10142548940;B
20240418;100637;1882.8;1;10142548941;B
20240418;100637;1882.8;143;10142548942;B
20240418;100637;1882.8;17;10142548943;B
20240418;100637;1882.8;60;10142548944;B
20240418;100637;1882.8;42;10142548945;B
20240418;100637;1883;1;10142548946;B
20240418;100637;1883;1;10142548947;B
20240418;100637;1883;30;10142548948;B
20240418;100637;1883;1;10142548949;B
20240418;100637;1883;3;10142548950;B
20240418;100637;1883;2;10142548951;B
20240418;100637;1883;12;10142548952;B
20240418;100637;1883;2;10142548953;B
20240418;100637;1883;10;10142548954;B
20240418;100637;1883.4;600;10142548955;B
20240418;100637;1883.8;38;10142548956;B
20240418;100637;1883.8;1;10142548957;B
20240418;100637;1884;41;10142548958;B
20240418;100637;1884;2;10142548959;B
20240418;100637;1884;25;10142548960;B
20240418;100637;1884;20;10142548961;B
20240418;100637;1884;5;10142548962;B
20240418;100637;1884;470;10142548963;S
20240418;100637;1883.8;4;10142548966;S
20240418;100637;1883.8;15;10142548968;S
20240418;100637;1883.8;5;10142548994;S
20240418;100638;1883.6;143;10142549030;S
20240418;100638;1883.4;17;10142549031;S
20240418;100638;1883.2;18;10142549032;S
20240418;100638;1882.8;24;10142549033;S
20240418;100638;1883.2;4;10142549049;S
20240418;100638;1883.2;9;10142549076;S
20240418;100638;1883.2;2;10142549080;S
20240418;100638;1883.2;1;10142549096;S
20240418;100638;1884;2;10142549099;B
20240418;100638;1884;15;10142549110;S
20240418;100638;1883.6;2;10142549111;S
20240418;100638;1883.4;1;10142549122;S
20240418;100638;1883.4;5;10142549124;S
20240418;100638;1883.4;1;10142549125;S
20240418;100638;1883.8;3;10142549126;B
20240418;100638;1884;6;10142549127;B
20240418;100638;1884;5;10142549128;B
20240418;100638;1884;2;10142549129;B
20240418;100638;1884;2;10142549130;B
20240418;100638;1884.2;2;10142549131;B
20240418;100638;1884.2;17;10142549132;B
20240418;100638;1884.4;1;10142549133;B
20240418;100638;1884.4;1;10142549134;B
20240418;100638;1884.4;1;10142549135;B
20240418;100638;1884.4;1;10142549136;B
20240418;100638;1884.4;4;10142549137;B
20240418;100638;1884.4;15;10142549138;B
20240418;100638;1884.4;119;10142549139;B
20240418;100638;1884.4;60;10142549140;B
20240418;100638;1884.6;2;10142549141;B
20240418;100638;1884.6;6;10142549142;B
20240418;100638;1884.6;3;10142549143;B
20240418;100638;1883.6;1;10142549144;S
20240418;100638;1883.8;1;10142549145;S
20240418;100638;1883.8;5;10142549158;S
20240418;100638;1883.8;5;10142549159;S
20240418;100638;1883.8;1;10142549160;S
20240418;100638;1883.8;1;10142549162;S
20240418;100638;1883.8;1;10142549168;S
20240418;100638;1884;6;10142549169;B
20240418;100638;1884;2;10142549170;B
20240418;100638;1884.6;10;10142549171;B
20240418;100638;1884.6;10;10142549172;B
20240418;100638;1884.8;1;10142549173;B
20240418;100638;1884.8;1;10142549174;B
20240418;100638;1884.8;1;10142549175;B
20240418;100638;1884.8;69;10142549176;B
20240418;100638;1884;1;10142549181;B
20240418;100638;1883.8;10;10142549182;S
20240418;100638;1883.8;18;10142549184;S
20240418;100638;1883.8;83;10142549185;S
20240418;100638;1883.8;5;10142549187;S
20240418;100638;1884;3;10142549188;B
20240418;100638;1885;1;10142549189;B
20240418;100638;1885;1;10142549190;B
20240418;100638;1885;1;10142549191;B
20240418;100638;1885;1;10142549192;B
20240418;100638;1885;1;10142549193;B
20240418;100638;1883.8;2;10142549197;S
20240418;100638;1884;4;10142549229;B
20240418;100638;1884.8;5;10142549230;B
20240418;100638;1884.8;96;10142549231;B
20240418;100638;1885;1;10142549232;B
20240418;100638;1885;1;10142549233;B
20240418;100638;1885;10;10142549234;B
20240418;100638;1885;1;10142549235;B
20240418;100638;1885;2;10142549236;B
20240418;100638;1885;5;10142549237;B
20240418;100638;1884;1;10142549242;B
20240418;100638;1883.8;2;10142549244;S
20240418;100638;1884.2;10;10142549250;S
20240418;100639;1884.2;7;10142549316;S
20240418;100639;1884;11;10142549317;S
20240418;100639;1884;35;10142549361;S
20240418;100639;1884;74;10142549362;S
20240418;100639;1884;5;10142549365;S
20240418;100639;1884;5;10142549368;S
20240418;100639;1884.2;1;10142549389;S
20240418;100639;1884.2;11;10142549391;S
20240418;100639;1884.2;10;10142549392;S
20240418;100639;1884.2;3;10142549395;S
20240418;100639;1884.2;227;10142549396;S
20240418;100639;1883.8;143;10142549397;S
20240418;100639;1883.6;18;10142549398;S
20240418;100639;1883.6;60;10142549399;S
20240418;100639;1883.4;17;10142549400;S
20240418;100639;1883.2;70;10142549401;S
20240418;100639;1883.2;42;10142549402;S
20240418;100639;1883;15;10142549403;S
20240418;100639;1882.8;90;10142549404;S
20240418;100639;1882.6;110;10142549405;S
20240418;100639;1882.6;60;10142549406;S
20240418;100639;1882.6;5;10142549407;S
20240418;100639;1882.2;19;10142549408;S
20240418;100639;1882;90;10142549409;S
20240418;100639;1882;600;10142549410;S
20240418;100639;1882;600;10142549411;S
20240418;100639;1881.8;468;10142549412;S
20240418;100639;1882;4;10142549414;S
20240418;100639;1884.2;1;10142549415;B
20240418;100639;1882.6;4;10142549417;S
20240418;100639;1882.6;94;10142549418;S
20240418;100639;1882.6;1;10142549420;B
20240418;100639;1882.4;11;10142549422;S
20240418;100639;1882.4;1;10142549434;S
20240418;100639;1883.2;1;10142549440;B
20240418;100639;1883.4;17;10142549441;B
20240418;100639;1883.4;5;10142549442;B
20240418;100639;1883.4;1;10142549443;B
20240418;100639;1883.6;18;10142549444;B
20240418;100639;1883.6;8;10142549445;B
20240418;100639;1882.6;5;10142549447;S
20240418;100640;1882.4;5;10142549476;S
20240418;100640;1882.4;11;10142549562;S
20240418;100640;1883.2;1;10142549669;B
20240418;100640;1883.4;16;10142549670;B
20240418;100640;1883.6;1;10142549671;B
20240418;100640;1883.8;26;10142549672;B
20240418;100640;1882.6;3;10142549687;S
20240418;100640;1882.6;1;10142549688;S
20240418;100641;1882.6;12;10142549695;S
20240418;100641;1882.4;13;10142549696;S
20240418;100641;1882.4;5;10142549726;S
20240418;100641;1882.4;5;10142549730;S
20240418;100641;1882.2;10;10142549750;S
20240418;100641;1882.2;100;10142549761;S
20240418;100642;1882.8;1;10142549785;B
20240418;100642;1882;10;10142549838;S
20240418;100643;1882.2;1;10142549952;B
20240418;100643;1882.2;1;10142549953;B
20240418;100643;1882.6;2;10142549954;B
20240418;100643;1882.8;1;10142549955;B
20240418;100643;1882.8;2;10142549956;B
20240418;100643;1882.8;52;10142549957;B
20240418;100643;1883;18;10142549958;B
20240418;100643;1883;10;10142549959;B
20240418;100643;1883;7;10142549960;B
20240418;100643;1882;5;10142550010;S
20240418;100644;1883;1;10142550033;B
20240418;100644;1883;10;10142550046;B
20240418;100644;1883;2;10142550081;B
20240418;100645;1883;2;10142550137;B
20240418;100645;1883;7;10142550138;B
20240418;100645;1882.6;2;10142550395;B
20240418;100645;1883;1;10142550396;B
20240418;100645;1882.4;10;10142550404;S
20240418;100646;1882.2;2;10142550423;S
20240418;100646;1882.2;8;10142550454;S
20240418;100646;1882;18;10142550455;S
20240418;100646;1882;29;10142550456;S
20240418;100646;1882.8;60;10142550471;B
20240418;100646;1882.8;2;10142550519;B
20240418;100646;1882.2;15;10142550530;S
20240418;100646;1882;17;10142550586;S
20240418;100646;1882;17;10142550587;S
20240418;100646;1882;3;10142550588;S
20240418;100647;1881.8;1;10142550788;S
20240418;100648;1881.8;2;10142550814;S
20240418;100648;1882;1;10142550817;B
20240418;100648;1882.2;2;10142550818;B
20240418;100648;1882.4;36;10142550819;B
20240418;100648;1882.6;2;10142550820;B
20240418;100648;1882.6;26;10142550821;B
20240418;100648;1882.6;17;10142550822;B
20240418;100648;1882.6;16;10142550823;B
20240418;100648;1882.4;8;10142550904;B
20240418;100648;1882.6;1;10142550905;B
20240418;100648;1882.6;6;10142550906;B
20240418;100648;1882.8;5;10142550907;B
20240418;100648;1882.8;15;10142550908;B
20240418;100648;1882.8;165;10142550909;B
20240418;100649;1882.8;10;10142550991;B
20240418;100649;1882.2;42;10142551047;S
20240418;100649;1882;358;10142551048;S
20240418;100649;1882;143;10142551049;S
20240418;100649;1881.8;518;10142551050;S
20240418;100649;1881.8;2;10142551051;S
20240418;100649;1881.8;17;10142551052;S
20240418;100649;1881;10;10142551053;S
20240418;100649;1880.8;100;10142551054;S
20240418;100649;1880.6;72;10142551055;S
20240418;100649;1880.6;16;10142551056;S
20240418;100649;1880.4;78;10142551057;S
20240418;100649;1880.4;229;10142551058;S
20240418;100649;1880.4;200;10142551059;S
20240418;100649;1880.4;1;10142551060;S
20240418;100649;1880.4;50;10142551061;S
20240418;100649;1880.4;8;10142551062;S
20240418;100649;1880.2;75;10142551063;S
20240418;100649;1880.2;60;10142551064;S
20240418;100649;1880.2;96;10142551065;S
20240418;100649;1880;1;10142551066;S
20240418;100649;1880;600;10142551067;S
20240418;100649;1880;600;10142551068;S
20240418;100649;1879.8;600;10142551069;S
20240418;100649;1879;13;10142551070;S
20240418;100649;1879;111;10142551071;S
20240418;100649;1880.6;17;10142551073;S
20240418;100649;1880.6;194;10142551074;S
20240418;100649;1880.6;143;10142551075;S
20240418;100649;1880.2;3;10142551101;B
20240418;100649;1880.2;14;10142551114;B
20240418;100649;1880.2;19;10142551115;B
20240418;100649;1880.2;185;10142551116;B
20240418;100649;1880.4;82;10142551117;B
20240418;100649;1879.8;2;10142551142;S
20240418;100649;1879.4;1;10142551143;S
20240418;100649;1880.4;8;10142551183;B
20240418;100649;1880.4;17;10142551184;B
20240418;100649;1880.8;194;10142551185;B
20240418;100649;1880.8;60;10142551186;B
20240418;100649;1881;19;10142551187;B
20240418;100649;1881.2;194;10142551188;B
20240418;100649;1881.2;8;10142551189;B
20240418;100650;1881.8;3;10142551264;B
20240418;100650;1881.2;10;10142551336;S
20240418;100651;1880.8;1;10142551381;S
20240418;100651;1880.8;2;10142551394;S
20240418;100651;1880.8;4;10142551395;S
20240418;100651;1880.6;19;10142551396;S
20240418;100651;1880.2;5;10142551397;S
20240418;100651;1879.8;19;10142551438;S
20240418;100651;1879.8;6;10142551439;S
20240418;100651;1879.8;11;10142551499;S
20240418;100651;1879.4;143;10142551500;S
20240418;100651;1878.8;2;10142551501;S
20240418;100651;1878.8;3;10142551502;S
20240418;100651;1878.8;371;10142551503;B
20240418;100651;1878.6;25;10142551504;S
20240418;100652;1879;3;10142551570;B
20240418;100652;1879;41;10142551571;B
