<DATE>;<TIME>;<LAST>;<VOL>;<ID>;<OPER>
20240508;095936;1921.4;2;10314756955;S
20240508;095936;1921.4;1;10314756956;S
20240508;095936;1921.4;1;10314756957;S
20240508;095936;1921.4;2;10314756958;S
20240508;095936;1921.4;6;10314756959;S
20240508;095936;1921.4;1;10314756960;B
20240508;095936;1921.4;6;10314756961;B
20240508;095936;1921.4;37;10314756962;B
20240508;095936;1921.4;8;10314756963;S
20240508;095936;1921.4;3;10314756964;B
20240508;095936;1921.4;50;10314756965;S
20240508;095936;1921.4;1;10314756966;S
20240508;095936;1921.4;1;10314756967;S
20240508;095936;1921.4;2;10314756968;S
20240508;095936;1921.4;3;10314756969;S
20240508;095936;1921.4;2;10314756970;S
20240508;095936;1921.4;2;10314756971;S
20240508;095936;1921.4;1;10314756972;S
20240508;095936;1921.4;3;10314756973;S
20240508;095936;1921.4;45;10314756974;B
20240508;095936;1921.4;2;10314756975;B
20240508;095936;1921.4;3;10314756976;B
20240508;095936;1921.4;1;10314756977;B
20240508;095936;1921.4;1;10314756978;S
20240508;095936;1921.4;1;10314756979;B
20240508;095936;1921.4;1;10314756980;B
20240508;095936;1921.4;2;10314756981;B
20240508;095936;1921.4;25;10314756982;B
20240508;095936;1921.4;3;10314756983;B
20240508;095936;1921.4;7;10314756984;B
20240508;095936;1921.4;2;10314756985;B
20240508;095936;1921.4;4;10314756986;B
20240508;095936;1921.4;25;10314756987;B
20240508;095936;1921.4;5;10314756988;B
20240508;095936;1921.4;3;10314756989;B
20240508;095936;1921.4;3;10314756990;B
20240508;095936;1921.4;10;10314756991;B
20240508;095936;1921.4;7;10314756992;S
20240508;095936;1921.4;35;10314756993;S
20240508;095936;1921.4;9;10314756994;S
20240508;095936;1921.4;6;10314756995;S
20240508;095936;1921.4;28;10314756996;S
20240508;095936;1921.4;2;10314756997;S
20240508;095936;1921.4;8;10314756998;S
20240508;095936;1921.4;13;10314756999;S
20240508;095936;1921.4;1;10314757000;S
20240508;095936;1921.4;1;10314757001;S
20240508;095936;1921.4;14;10314757002;S
20240508;095936;1921.4;14;10314757003;B
20240508;095936;1921.4;11;10314757004;B
20240508;095936;1921.4;18;10314757005;B
20240508;095936;1921.4;4;10314757006;B
20240508;095936;1921.4;28;10314757007;B
20240508;095936;1921.4;1;10314757008;B
20240508;095936;1921.4;14;10314757009;B
20240508;095936;1921.4;1;10314757010;S
20240508;095936;1921.4;3;10314757011;B
20240508;095936;1921.4;36;10314757012;B
20240508;095936;1921.4;11;10314757013;B
20240508;095936;1921.4;35;10314757014;B
20240508;095936;1921.4;4;10314757015;S
20240508;095936;1921.4;14;10314757016;B
20240508;095936;1921.4;28;10314757017;B
20240508;095936;1921.4;89;10314757018;B
20240508;095936;1921.4;14;10314757019;B
20240508;095936;1921.4;94;10314757020;B
20240508;095936;1921.4;1;10314757021;B
20240508;095936;1921.4;5;10314757022;B
20240508;095936;1921.4;2;10314757023;B
20240508;095936;1921.4;1;10314757024;B
20240508;095936;1921.4;1;10314757025;B
20240508;095936;1921.4;2;10314757026;B
20240508;095936;1921.4;2;10314757027;B
20240508;095936;1921.4;13;10314757028;S
20240508;095936;1921.4;16;10314757029;B
20240508;095936;1921.4;2;10314757030;B
20240508;095936;1921.4;82;10314757031;B
20240508;095936;1921.4;268;10314757032;B
20240508;100002;1921.2;4;10314763577;S
20240508;100002;1921.2;11;10314763578;S
20240508;100002;1921;4;10314763579;S
20240508;100002;1921;63;10314763580;S
20240508;100002;1921;140;10314763581;S
20240508;100002;1920.8;156;10314763582;S
20240508;100002;1920.8;17;10314763583;S
20240508;100002;1920.8;90;10314763584;S
20240508;100002;1920.6;4;10314763585;S
20240508;100002;1920.6;11;10314763586;S
20240508;100003;1921.4;32;10314764028;B
20240508;100003;1921.4;10;10314764029;B
20240508;100003;1921.4;1;10314764030;B
20240508;100003;1921.6;10;10314764031;B
20240508;100003;1921;1;10314764083;B
20240508;100003;1922;20;10314764084;B
20240508;100003;1922;1;10314764085;B
20240508;100003;1922;1;10314764086;B
20240508;100003;1922;1;10314764087;B
20240508;100003;1922.2;1;10314764104;B
20240508;100003;1922.4;1;10314764138;B
20240508;100003;1922.4;1;10314764139;B
20240508;100003;1922.6;3;10314764140;B
20240508;100003;1922.2;63;10314764141;S
20240508;100003;1922;37;10314764142;S
20240508;100003;1922.6;100;10314764143;B
20240508;100003;1922.2;1;10314764152;S
20240508;100003;1922.2;1;10314764218;S
20240508;100003;1922.6;1;10314764219;B
20240508;100003;1922.2;43;10314764267;S
20240508;100003;1922.6;20;10314764325;B
20240508;100004;1922.6;26;10314764388;B
20240508;100004;1922.6;2;10314764389;B
20240508;100004;1922.6;17;10314764390;B
20240508;100004;1922.8;1;10314764391;B
20240508;100004;1922.8;5;10314764392;B
20240508;100004;1922.8;10;10314764393;B
20240508;100004;1922.8;2;10314764394;B
20240508;100004;1922.8;10;10314764395;B
20240508;100004;1922.8;20;10314764396;B
20240508;100004;1922.8;2;10314764397;B
20240508;100004;1922.8;18;10314764398;B
20240508;100004;1923;14;10314764399;B
20240508;100004;1923;15;10314764400;B
20240508;100004;1923;10;10314764401;B
20240508;100004;1923;1;10314764402;B
20240508;100004;1923;1;10314764403;B
20240508;100004;1923;3;10314764404;B
20240508;100004;1922.4;4;10314764429;S
20240508;100004;1923;7;10314764432;B
20240508;100004;1923;4;10314764433;B
20240508;100004;1923.2;2;10314764434;B
20240508;100004;1923.2;2;10314764435;B
20240508;100004;1923.2;2;10314764436;B
20240508;100004;1923.2;8;10314764437;B
20240508;100004;1923.2;26;10314764477;B
20240508;100004;1922.8;1;10314764489;S
20240508;100004;1922.4;13;10314764490;S
20240508;100004;1922.2;63;10314764491;S
20240508;100004;1922.2;131;10314764492;S
20240508;100004;1922.2;79;10314764493;S
20240508;100004;1922.2;1;10314764494;S
20240508;100004;1922.2;4;10314764499;B
20240508;100004;1922.2;50;10314764501;B
20240508;100004;1922.2;10;10314764553;B
20240508;100004;1922.2;30;10314764556;B
20240508;100004;1922.2;4;10314764562;B
20240508;100004;1922;60;10314764604;S
20240508;100004;1922.2;30;10314764605;B
20240508;100004;1922;1;10314764660;S
20240508;100004;1922;6;10314764661;S
20240508;100004;1922.2;84;10314764674;B
20240508;100004;1922.2;1;10314764695;S
20240508;100004;1922.6;13;10314764717;B
20240508;100004;1922.6;1;10314764718;B
20240508;100004;1923.2;1;10314764719;B
20240508;100004;1923;13;10314764740;B
20240508;100004;1923.2;105;10314764741;B
20240508;100004;1923.2;19;10314764742;B
20240508;100004;1923.4;72;10314764743;B
20240508;100004;1923.4;14;10314764744;B
20240508;100004;1923.4;5;10314764766;B
20240508;100004;1923;3;10314764773;S
20240508;100004;1923;1;10314764775;S
20240508;100004;1923;3;10314764778;S
20240508;100005;1923;6;10314764859;S
20240508;100005;1923;1;10314764895;S
20240508;100005;1922.4;13;10314764896;S
20240508;100005;1922.2;13;10314764897;S
20240508;100005;1923.4;3;10314764898;B
20240508;100005;1923.4;37;10314764899;B
20240508;100005;1923.4;10;10314764974;B
20240508;100005;1923.2;1;10314765124;S
20240508;100005;1923.4;28;10314765126;B
20240508;100005;1923.4;15;10314765128;B
20240508;100005;1923.4;14;10314765129;B
20240508;100005;1923.4;1;10314765185;B
20240508;100005;1923.4;2;10314765302;B
20240508;100005;1923.2;1;10314765306;S
20240508;100005;1923.4;14;10314765632;B
20240508;100005;1923.4;19;10314765945;B
20240508;100005;1923.4;10;10314765946;B
20240508;100005;1923.4;1;10314766067;B
20240508;100005;1923.4;5;10314766068;B
20240508;100006;1923.4;1;10314766647;B
20240508;100006;1923.4;1;10314766699;B
20240508;100006;1923.2;13;10314766879;S
20240508;100006;1923.2;1;10314766880;S
20240508;100006;1923.4;100;10314766940;B
20240508;100006;1923.4;14;10314767037;B
20240508;100006;1923.4;2;10314767475;B
20240508;100007;1923.4;28;10314768137;B
20240508;100007;1923.6;4;10314768138;B
20240508;100007;1923.6;1;10314768139;B
20240508;100007;1923.6;15;10314768140;B
20240508;100007;1923.6;10;10314768141;B
20240508;100007;1923.6;472;10314768142;B
20240508;100007;1923.6;14;10314768426;B
20240508;100007;1923.6;70;10314768452;B
20240508;100007;1923.6;29;10314768481;B
20240508;100007;1923.6;7;10314768497;B
20240508;100007;1923.2;10;10314768500;S
20240508;100007;1923.6;28;10314768502;B
20240508;100007;1923.6;4;10314768517;B
20240508;100007;1923.6;14;10314768633;B
20240508;100008;1923.6;5;10314768838;B
20240508;100008;1923.2;1;10314768850;S
20240508;100008;1923.6;14;10314769160;B
20240508;100008;1923.6;4;10314769189;B
20240508;100008;1923.6;9;10314769532;B
20240508;100008;1923.6;58;10314769691;B
20240508;100008;1923.6;14;10314769697;B
20240508;100010;1923.2;1;10314770124;S
20240508;100010;1923.6;10;10314770149;B
20240508;100010;1923.6;1;10314770158;B
20240508;100010;1923.2;2;10314770281;S
20240508;100010;1922.4;6;10314770282;S
20240508;100010;1922.2;30;10314770283;S
20240508;100010;1923.4;1;10314770320;B
20240508;100010;1923.4;6;10314770321;B
20240508;100010;1922.6;2;10314770388;S
20240508;100010;1923.4;1;10314770416;B
20240508;100010;1923.4;1;10314770440;B
20240508;100010;1923.6;2;10314770441;B
20240508;100010;1923.6;1;10314770458;B
20240508;100011;1923.6;2;10314770521;B
20240508;100011;1923.6;101;10314770617;B
20240508;100011;1923.6;4;10314770655;B
20240508;100011;1923.6;2;10314770755;B
20240508;100011;1923.6;1;10314770764;B
20240508;100011;1923.6;2;10314770786;B
20240508;100011;1923.6;1;10314770807;B
20240508;100014;1923.4;1;10314771499;B
20240508;100014;1923.6;131;10314771500;B
20240508;100014;1923.6;100;10314771501;B
20240508;100014;1923.6;6;10314771502;B
20240508;100015;1923.6;14;10314771526;B
20240508;100015;1923.6;52;10314771527;B
20240508;100015;1923.8;2;10314771528;B
20240508;100015;1923.8;1;10314771529;B
20240508;100015;1923.8;181;10314771530;B
20240508;100015;1923.8;116;10314771547;B
20240508;100015;1923.8;203;10314771548;B
20240508;100015;1923.8;1;10314771549;B
20240508;100015;1923.8;3;10314771550;B
20240508;100015;1923.8;28;10314771551;B
20240508;100015;1923.8;14;10314771552;B
20240508;100015;1923.8;8;10314771553;B
20240508;100015;1923.8;3;10314771554;B
20240508;100015;1923.8;1;10314771555;B
20240508;100015;1923.8;1;10314771556;B
20240508;100015;1923.8;1;10314771557;B
20240508;100015;1923.8;42;10314771558;B
20240508;100015;1923.8;38;10314771559;B
20240508;100015;1923.8;13;10314771560;B
20240508;100015;1923.8;14;10314771561;B
20240508;100015;1923.8;42;10314771562;B
20240508;100015;1923.8;56;10314771563;B
20240508;100015;1923.8;14;10314771564;B
20240508;100015;1923.8;100;10314771566;B
20240508;100015;1923.8;8;10314771567;B
20240508;100015;1923.8;35;10314771568;B
20240508;100015;1923.8;90;10314771569;B
20240508;100015;1923.8;29;10314771570;B
20240508;100015;1923.8;14;10314771571;B
20240508;100015;1923.8;5;10314771574;B
20240508;100015;1923.8;14;10314771633;B
20240508;100015;1923.8;90;10314771638;B
20240508;100015;1923.8;14;10314771641;B
20240508;100015;1923.8;14;10314771655;B
20240508;100015;1923.8;28;10314771680;B
20240508;100015;1923.8;140;10314771687;B
20240508;100015;1923.8;900;10314771691;B
20240508;100015;1923.8;6;10314771700;B
20240508;100015;1922.6;5;10314771701;S
20240508;100015;1923.8;14;10314771702;B
20240508;100015;1923.6;5;10314771703;B
20240508;100015;1923.8;6;10314771704;B
20240508;100015;1923.8;16;10314771705;B
20240508;100015;1923.8;14;10314771706;B
20240508;100015;1923.8;14;10314771708;B
20240508;100015;1923.8;36;10314771709;B
20240508;100015;1923.8;140;10314771710;B
20240508;100015;1923.8;14;10314771711;B
20240508;100015;1923.8;28;10314771712;B
20240508;100015;1923.8;12;10314771713;B
20240508;100015;1923.8;2;10314771714;B
20240508;100015;1923.8;98;10314771716;B
20240508;100015;1923.8;42;10314771717;B
20240508;100015;1923.8;8;10314771718;B
20240508;100015;1923.8;12;10314771719;B
20240508;100015;1923.8;86;10314771720;B
20240508;100015;1923.8;39;10314771721;B
20240508;100015;1923.8;3;10314771722;B
20240508;100015;1924;1;10314771723;B
20240508;100015;1924;1;10314771724;B
20240508;100015;1924;10;10314771725;B
20240508;100015;1924;2;10314771726;B
20240508;100015;1924;10;10314771728;B
20240508;100015;1923.8;14;10314771729;S
20240508;100015;1922.8;12;10314771730;S
20240508;100015;1922.8;47;10314771731;B
20240508;100015;1922.8;27;10314771732;B
20240508;100015;1923.8;8;10314771733;B
20240508;100015;1924;14;10314771734;B
20240508;100015;1924;14;10314771735;B
20240508;100015;1924;16;10314771736;B
20240508;100015;1924;140;10314771737;B
20240508;100015;1924;28;10314771738;B
20240508;100015;1924;70;10314771739;B
20240508;100015;1924;29;10314771740;B
20240508;100015;1924;20;10314771741;B
20240508;100015;1924;5;10314771742;B
20240508;100015;1924;28;10314771743;B
20240508;100015;1924;30;10314771744;B
20240508;100015;1924;87;10314771745;B
20240508;100015;1924;14;10314771746;B
20240508;100015;1924;6;10314771747;B
20240508;100015;1924.2;2;10314771748;B
20240508;100015;1924.2;1;10314771749;B
20240508;100015;1924.2;2;10314771750;B
20240508;100015;1924.2;14;10314771751;B
20240508;100015;1924.2;28;10314771752;B
20240508;100015;1924.2;28;10314771753;B
20240508;100015;1924.2;13;10314771754;B
20240508;100015;1924.2;43;10314771755;B
20240508;100015;1924.2;12;10314771756;B
20240508;100015;1924.2;14;10314771757;B
20240508;100015;1924.2;34;10314771758;B
20240508;100015;1924.2;45;10314771759;B
20240508;100015;1924.2;2;10314771760;B
20240508;100015;1924.2;14;10314771761;B
20240508;100015;1924.2;14;10314771762;B
20240508;100015;1924.2;14;10314771763;B
20240508;100015;1924.2;14;10314771764;B
20240508;100015;1924.2;42;10314771765;B
20240508;100015;1924.2;45;10314771766;B
20240508;100015;1924.2;21;10314771767;B
20240508;100015;1924.2;12;10314771768;B
20240508;100015;1924.2;21;10314771769;B
20240508;100015;1924.2;29;10314771770;B
20240508;100015;1924.2;39;10314771771;B
20240508;100015;1924.4;1;10314771772;B
20240508;100015;1924.4;2;10314771773;B
20240508;100015;1924.4;12;10314771774;B
20240508;100015;1924.4;86;10314771775;B
20240508;100015;1924.4;59;10314771776;B
20240508;100015;1924.4;28;10314771777;B
20240508;100015;1924.4;45;10314771778;B
20240508;100015;1924.4;28;10314771779;B
20240508;100015;1924.4;10;10314771781;B
20240508;100015;1924.4;14;10314771783;B
20240508;100015;1924.4;13;10314771793;B
20240508;100015;1924.4;59;10314771795;B
20240508;100015;1924.4;14;10314771797;B
20240508;100015;1924.4;40;10314771798;B
20240508;100015;1924.4;29;10314771800;B
20240508;100015;1924.4;5;10314771801;B
20240508;100015;1924.4;5;10314771802;B
20240508;100015;1924.4;29;10314771803;B
20240508;100015;1924.4;42;10314771804;B
20240508;100015;1924.4;63;10314771805;B
20240508;100015;1924.4;17;10314771806;B
20240508;100015;1924.4;1;10314771807;B
20240508;100015;1924.6;1;10314771808;B
20240508;100015;1924.6;51;10314771809;B
20240508;100015;1924.6;29;10314771810;B
20240508;100015;1924.6;14;10314771812;B
20240508;100015;1924.6;26;10314771823;B
20240508;100015;1924.8;1;10314771824;B
20240508;100015;1924.8;1;10314771825;B
20240508;100015;1924.8;1;10314771826;B
20240508;100015;1924.8;1;10314771827;B
20240508;100015;1924.8;14;10314771829;B
20240508;100015;1924.2;40;10314771831;S
20240508;100015;1924.8;44;10314771832;B
20240508;100015;1924.8;14;10314771833;B
20240508;100015;1924.8;4;10314771834;B
20240508;100015;1924.8;5;10314771836;B
20240508;100015;1924.8;50;10314771838;B
20240508;100015;1924.8;100;10314771841;B
20240508;100015;1924.8;14;10314771843;B
20240508;100015;1924.8;40;10314771846;B
20240508;100015;1924.8;28;10314771847;B
20240508;100015;1924.8;64;10314771849;B
20240508;100015;1924.8;14;10314771850;B
20240508;100015;1924.8;9;10314771854;B
20240508;100015;1924.8;20;10314771857;B
20240508;100016;1924.8;16;10314771860;B
20240508;100016;1924.4;1;10314771871;S
20240508;100016;1924.6;45;10314771872;B
20240508;100016;1924.6;29;10314771879;B
20240508;100016;1924.6;116;10314771882;B
20240508;100016;1924.6;140;10314771886;B
20240508;100016;1924.6;10;10314771897;B
20240508;100016;1924.6;160;10314771898;B
20240508;100016;1924.8;78;10314771899;B
20240508;100016;1924.8;1;10314771900;B
20240508;100016;1924.8;50;10314771901;B
20240508;100016;1924.8;1;10314771902;B
20240508;100016;1924.8;10;10314771903;B
20240508;100016;1924.8;300;10314771904;B
20240508;100016;1924.8;32;10314771905;B
20240508;100016;1924.8;132;10314771906;B
20240508;100016;1924.8;7;10314771914;B
20240508;100016;1924.8;29;10314771964;B
20240508;100016;1924.8;5;10314771965;B
20240508;100016;1924.8;2;10314771966;B
20240508;100016;1924.8;37;10314771967;B
20240508;100016;1924.8;20;10314771977;B
20240508;100016;1924.8;29;10314771978;B
20240508;100016;1924.8;3;10314771980;B
20240508;100016;1924.8;11;10314771981;B
20240508;100016;1925;1;10314771982;B
20240508;100016;1925;6;10314771983;B
20240508;100016;1925;10;10314771984;B
20240508;100016;1925;10;10314771985;B
20240508;100016;1925;10;10314771986;B
20240508;100016;1925;83;10314771987;B
20240508;100016;1925;50;10314771994;B
20240508;100016;1925;23;10314771995;B
20240508;100016;1924.8;23;10314772003;B
20240508;100016;1925;6;10314772004;B
20240508;100016;1925;58;10314772010;B
20240508;100016;1924.8;28;10314772018;S
20240508;100016;1924.6;72;10314772019;B
20240508;100016;1925;29;10314772021;B
20240508;100016;1925;14;10314772022;B
20240508;100016;1925;29;10314772023;B
20240508;100016;1925;58;10314772024;B
20240508;100016;1925;14;10314772025;B
20240508;100016;1925;28;10314772033;B
20240508;100016;1925;14;10314772034;B
20240508;100016;1925;70;10314772036;B
20240508;100016;1925;42;10314772037;B
20240508;100016;1925;24;10314772039;B
20240508;100016;1925;2;10314772040;B
20240508;100016;1925;35;10314772041;B
20240508;100016;1925;14;10314772042;B
20240508;100016;1925;18;10314772043;B
20240508;100016;1925;14;10314772044;B
20240508;100016;1925;14;10314772045;B
20240508;100016;1925;29;10314772046;B
20240508;100016;1925;84;10314772047;B
20240508;100016;1925;70;10314772048;B
20240508;100016;1925;55;10314772049;B
20240508;100016;1925;50;10314772050;B
20240508;100016;1925;700;10314772051;B
20240508;100016;1925;50;10314772052;B
20240508;100016;1925;30;10314772053;B
20240508;100016;1925;10;10314772054;B
20240508;100016;1925;2;10314772055;B
20240508;100016;1925;1;10314772056;B
20240508;100016;1925;1;10314772057;B
20240508;100016;1925;11;10314772058;B
20240508;100016;1925;4;10314772059;B
20240508;100016;1925;2;10314772060;B
20240508;100016;1925;1;10314772061;B
20240508;100016;1925;4;10314772062;B
20240508;100016;1925.6;1;10314772063;B
20240508;100016;1925.8;1;10314772064;B
20240508;100016;1925.8;12;10314772065;B
20240508;100016;1925;1;10314772066;S
20240508;100016;1925.8;1;10314772067;B
20240508;100016;1925.8;12;10314772068;B
20240508;100016;1925.8;6;10314772069;B
20240508;100016;1925.8;30;10314772070;B
20240508;100016;1926;1;10314772076;B
20240508;100016;1926;2;10314772077;B
20240508;100016;1926;1;10314772078;B
20240508;100016;1926;5;10314772079;B
20240508;100016;1926;3;10314772080;B
20240508;100016;1926;1;10314772081;B
20240508;100016;1926;2;10314772082;B
20240508;100016;1926;50;10314772083;B
20240508;100016;1926;5;10314772084;B
20240508;100016;1926.2;1;10314772085;B
20240508;100016;1926.4;3;10314772086;B
20240508;100016;1926.4;1;10314772087;B
20240508;100016;1926.4;1;10314772088;B
20240508;100016;1926.4;12;10314772089;B
20240508;100016;1926.4;15;10314772090;B
20240508;100016;1926.6;52;10314772091;B
20240508;100016;1926.6;63;10314772092;B
20240508;100016;1926.8;1;10314772093;B
20240508;100016;1926.8;10;10314772094;B
20240508;100016;1926.8;51;10314772095;B
20240508;100016;1925.4;17;10314772096;S
20240508;100016;1925.2;83;10314772097;S
20240508;100016;1925.8;100;10314772101;S
20240508;100016;1926;9;10314772173;S
20240508;100016;1926;20;10314772174;S
20240508;100016;1926;15;10314772178;S
20240508;100016;1926;1;10314772179;S
20240508;100016;1926;1;10314772182;S
20240508;100016;1926;94;10314772183;S
20240508;100016;1925.8;12;10314772184;S
20240508;100016;1925.6;17;10314772185;S
20240508;100016;1924.4;131;10314772186;S
20240508;100016;1924.4;79;10314772187;S
20240508;100016;1924.4;105;10314772188;S
20240508;100016;1924.2;50;10314772189;S
20240508;100016;1924.2;28;10314772190;S
20240508;100016;1924.2;7;10314772191;S
20240508;100016;1924.2;174;10314772192;S
20240508;100016;1924.4;2;10314772193;S
20240508;100016;1924.8;1;10314772194;S
20240508;100016;1925;10;10314772195;B
20240508;100016;1925.8;1;10314772202;B
20240508;100016;1926;17;10314772203;B
20240508;100016;1926.2;20;10314772204;B
20240508;100016;1926.6;12;10314772205;B
20240508;100016;1926.8;1;10314772206;B
20240508;100016;1926.8;1;10314772207;B
20240508;100016;1926.8;63;10314772208;B
20240508;100016;1926.8;79;10314772209;B
20240508;100016;1926.8;188;10314772210;B
20240508;100016;1926.8;118;10314772211;B
20240508;100016;1925;20;10314772214;S
20240508;100016;1926.6;17;10314772215;B
20240508;100016;1926.8;13;10314772216;B
20240508;100016;1925.8;4;10314772221;S
20240508;100016;1926.8;43;10314772222;B
20240508;100016;1926.8;63;10314772223;B
20240508;100016;1927;52;10314772224;B
20240508;100016;1927;1;10314772225;B
20240508;100016;1927;3;10314772226;B
20240508;100016;1927;38;10314772227;B
20240508;100016;1925.8;13;10314772228;S
20240508;100016;1925.8;12;10314772229;S
20240508;100016;1925.6;25;10314772230;S
20240508;100016;1925.6;1;10314772254;S
20240508;100016;1925.6;1;10314772257;S
20240508;100016;1925.6;7;10314772282;S
20240508;100016;1925.6;1;10314772284;S
20240508;100016;1926.4;17;10314772287;B
20240508;100016;1926.6;60;10314772288;B
20240508;100016;1926.8;11;10314772289;B
20240508;100016;1925.6;1;10314772290;S
20240508;100016;1925.6;4;10314772299;S
20240508;100016;1925.6;2;10314772304;S
20240508;100016;1925.6;12;10314772305;S
20240508;100016;1925.6;2;10314772306;S
20240508;100017;1925.6;7;10314772314;S
20240508;100017;1925.4;3;10314772315;S
20240508;100017;1925.4;5;10314772316;S
20240508;100017;1926.6;10;10314772317;B
20240508;100017;1926.8;20;10314772318;B
20240508;100017;1926.8;14;10314772319;B
20240508;100017;1926.8;12;10314772320;B
20240508;100017;1926.8;74;10314772321;B
20240508;100017;1925.6;50;10314772322;S
20240508;100017;1925.2;62;10314772323;S
20240508;100017;1925.2;3;10314772331;S
20240508;100017;1925.2;3;10314772334;S
20240508;100017;1926.4;36;10314772335;B
20240508;100017;1926.4;20;10314772336;B
20240508;100017;1925.2;10;10314772340;S
20240508;100017;1925.2;16;10314772347;S
20240508;100017;1925.2;7;10314772348;S
20240508;100017;1925.2;1;10314772361;S
20240508;100017;1925;2;10314772377;S
20240508;100017;1925;1;10314772378;S
20240508;100017;1925;5;10314772391;S
20240508;100017;1925;1;10314772397;S
20240508;100017;1925;8;10314772405;S
20240508;100017;1925;40;10314772413;B
20240508;100017;1925;5;10314772442;B
20240508;100017;1925;20;10314772449;B
20240508;100017;1924.4;1;10314772478;S
20240508;100017;1925;27;10314772479;B
20240508;100017;1925;3;10314772480;B
20240508;100017;1924.4;5;10314772495;S
20240508;100017;1924.2;35;10314772496;S
20240508;100018;1924;1;10314772526;S
20240508;100018;1924.8;28;10314772589;B
20240508;100020;1924;1;10314773020;S
20240508;100021;1924.8;8;10314773210;B
20240508;100021;1924.8;7;10314773211;B
20240508;100021;1924.8;13;10314773244;B
20240508;100021;1924.8;26;10314773263;B
20240508;100021;1925;2;10314773264;B
20240508;100021;1925;6;10314773265;B
20240508;100021;1925;29;10314773266;B
20240508;100021;1925;9;10314773267;B
20240508;100021;1925;17;10314773268;B
20240508;100021;1925;10;10314773269;B
20240508;100021;1925;61;10314773270;B
20240508;100021;1924.8;5;10314773279;B
20240508;100021;1924.6;1;10314773298;B
20240508;100021;1924.6;1;10314773299;B
20240508;100023;1924.2;1;10314773784;S
20240508;100028;1924.6;1;10314775109;B
20240508;100028;1924.8;2;10314775110;B
20240508;100028;1925;63;10314775111;B
20240508;100028;1925.4;12;10314775112;B
20240508;100028;1925.4;122;10314775113;B
20240508;100028;1925.8;3;10314775237;B
20240508;100028;1925.8;7;10314775238;B
20240508;100029;1924.8;1;10314775587;S
20240508;100030;1924.8;4;10314775620;S
20240508;100030;1924.8;12;10314775621;S
20240508;100030;1924.4;17;10314775622;S
20240508;100030;1924.2;4;10314775628;S
20240508;100030;1924.2;90;10314775629;S
20240508;100030;1924;22;10314775632;S
20240508;100030;1924;45;10314775633;S
20240508;100030;1924;53;10314775638;S
20240508;100030;1924;1;10314775639;S
20240508;100030;1924;14;10314775640;S
20240508;100030;1924;14;10314775641;S
20240508;100030;1924;18;10314775642;S
20240508;100030;1924.2;6;10314775643;B
20240508;100030;1924.2;100;10314775644;B
20240508;100030;1924.2;100;10314775645;S
20240508;100030;1924.2;100;10314775646;S
20240508;100030;1924.2;17;10314775648;S
20240508;100030;1924;2;10314775649;S
20240508;100030;1924;29;10314775650;S
20240508;100030;1924;29;10314775651;S
20240508;100030;1924;14;10314775652;S
20240508;100030;1924;7;10314775653;S
20240508;100030;1924;2;10314775654;B
20240508;100030;1924;100;10314775655;B
20240508;100030;1924;100;10314775656;S
20240508;100030;1924;60;10314775657;S
20240508;100030;1923.8;28;10314775658;S
20240508;100030;1923.8;12;10314775659;S
20240508;100030;1925;17;10314775660;B
20240508;100030;1925;140;10314775661;B
20240508;100030;1924;100;10314775663;S
20240508;100030;1924.6;17;10314775665;B
20240508;100030;1924.8;100;10314775666;B
20240508;100030;1925.2;12;10314775667;B
20240508;100030;1925.6;140;10314775668;B
20240508;100030;1925.6;131;10314775669;B
20240508;100030;1925.8;34;10314775670;B
20240508;100030;1926;1;10314775671;B
20240508;100030;1926;25;10314775672;B
20240508;100030;1926;1;10314775673;B
20240508;100030;1926;139;10314775674;B
20240508;100030;1924.8;100;10314775677;S
20240508;100030;1925;100;10314775689;S
20240508;100030;1925;17;10314775690;S
20240508;100030;1924.8;83;10314775691;B
20240508;100030;1925;57;10314775692;S
20240508;100030;1924.8;43;10314775693;B
20240508;100030;1925;100;10314775694;S
20240508;100030;1924.6;42;10314775695;S
20240508;100030;1924.4;17;10314775697;S
20240508;100030;1924.4;41;10314775698;S
20240508;100030;1924;100;10314775700;S
20240508;100030;1925.4;160;10314775721;B
20240508;100030;1925.4;14;10314775823;B
20240508;100031;1925.8;11;10314775992;B
20240508;100032;1925.4;17;10314776176;B
20240508;100032;1925.4;8;10314776177;B
20240508;100036;1925;2;10314776788;S
20240508;100036;1924.4;15;10314776839;S
20240508;100040;1924.8;1;10314777508;B
20240508;100040;1925;12;10314777509;B
20240508;100040;1925;6;10314777510;B
20240508;100040;1925.2;23;10314777511;B
20240508;100042;1924.6;3;10314777825;B
20240508;100043;1924.6;1;10314777940;B
20240508;100043;1924.6;5;10314777957;B
20240508;100043;1924.4;2;10314778299;B
20240508;100044;1924.4;19;10314778458;B
20240508;100045;1924.2;50;10314778778;S
20240508;100045;1924;7;10314778779;S
20240508;100045;1924;12;10314778780;S
20240508;100045;1924;81;10314778781;B
20240508;100046;1924.4;2;10314778855;B
20240508;100047;1924.2;5;10314779053;S
20240508;100047;1924.2;140;10314779054;B
20240508;100047;1924.2;98;10314779057;B
20240508;100047;1924.4;100;10314779186;S
20240508;100047;1924.6;3;10314779207;B
20240508;100048;1924.4;1;10314779223;S
20240508;100048;1924.6;10;10314779386;B
20240508;100050;1924.4;5;10314779768;S
20240508;100051;1924.4;1;10314779922;S
20240508;100052;1924.4;200;10314779970;S
20240508;100052;1924.4;100;10314780021;S
20240508;100054;1924.6;238;10314780423;B
20240508;100054;1924.6;2;10314780424;B
20240508;100054;1924.6;1;10314780425;B
20240508;100054;1924.8;15;10314780426;B
20240508;100056;1924.4;4;10314780700;S
20240508;100056;1924.8;1;10314780707;B
20240508;100057;1924.8;5;10314780795;B
20240508;100059;1925;1;10314781351;B
20240508;100100;1925;1;10314781547;B
20240508;100101;1924.8;1;10314781616;B
20240508;100101;1925;129;10314781617;B
20240508;100101;1925;1;10314781618;B
20240508;100101;1925;2;10314781619;B
20240508;100101;1925;79;10314781620;B
20240508;100101;1925;140;10314781621;B
20240508;100101;1925;100;10314781622;B
20240508;100101;1925;144;10314781623;B
20240508;100101;1925;30;10314781624;B
20240508;100101;1925.2;200;10314781625;B
20240508;100101;1925.2;1;10314781626;B
20240508;100101;1925.4;100;10314781627;B
20240508;100101;1925.4;300;10314781628;B
20240508;100101;1925.6;1;10314781629;B
20240508;100101;1926;8;10314781630;B
20240508;100101;1926;1;10314781631;B
20240508;100101;1926;1;10314781632;B
20240508;100101;1926;30;10314781633;B
20240508;100101;1926.2;186;10314781634;B
20240508;100101;1925.4;1;10314781740;S
20240508;100102;1925.4;100;10314781785;S
20240508;100102;1925.8;1;10314781810;B
20240508;100103;1926;5;10314782068;B
20240508;100103;1926.2;14;10314782069;B
20240508;100103;1926.2;131;10314782070;B
20240508;100103;1926.2;79;10314782071;B
20240508;100103;1926.2;30;10314782072;B
20240508;100103;1926.4;200;10314782073;B
20240508;100103;1926.4;140;10314782074;B
20240508;100103;1926.4;1;10314782075;S
20240508;100103;1925.6;25;10314782076;S
20240508;100103;1925.6;30;10314782077;S
20240508;100103;1925.6;17;10314782078;B
20240508;100103;1925.6;12;10314782079;S
20240508;100103;1925.4;15;10314782080;S
20240508;100103;1924.4;89;10314782084;S
20240508;100103;1924.4;5;10314782085;S
20240508;100103;1924.4;6;10314782086;S
20240508;100103;1924.6;100;10314782087;S
20240508;100103;1925;1;10314782161;B
20240508;100104;1925;2;10314782265;B
20240508;100105;1924.4;4;10314782328;S
20240508;100105;1924.4;21;10314782329;S
20240508;100106;1924.8;2;10314782404;B
20240508;100106;1924.8;5;10314782460;B
20240508;100107;1924.8;4;10314782680;B
20240508;100109;1924.8;29;10314782881;S
20240508;100109;1924.6;1;10314782882;S
20240508;100111;1925;1;10314783130;S
20240508;100111;1925;1;10314783223;S
20240508;100112;1925;1;10314783349;S
20240508;100113;1925.2;140;10314783373;B
20240508;100113;1925.2;28;10314783374;B
20240508;100113;1925.4;1;10314783430;B
20240508;100113;1925.4;12;10314783431;B
20240508;100113;1925.6;10;10314783432;B
20240508;100113;1925.6;17;10314783433;B
20240508;100113;1925.8;28;10314783434;B
20240508;100113;1926.4;131;10314783435;B
20240508;100113;1926.4;1;10314783436;B
20240508;100113;1926.4;78;10314783438;B
20240508;100113;1926.4;2;10314783439;B
20240508;100113;1926.4;140;10314783440;B
20240508;100113;1926.6;380;10314783441;B
20240508;100113;1925.8;17;10314783480;S
20240508;100113;1925.6;61;10314783481;S
20240508;100113;1925.4;12;10314783482;S
20240508;100113;1925;9;10314783483;S
20240508;100113;1925;1;10314783484;B
20240508;100113;1925;30;10314783485;S
20240508;100113;1925;70;10314783486;S
20240508;100114;1925.2;5;10314783591;B
20240508;100116;1925.2;1;10314783896;B
20240508;100117;1925.2;1;10314784010;B
20240508;100119;1924.6;15;10314784178;S
20240508;100119;1924.6;1;10314784179;S
20240508;100119;1924.6;5;10314784245;B
20240508;100121;1924.6;10;10314784561;B
20240508;100123;1924.6;8;10314784919;B
20240508;100124;1924.6;1;10314784976;B
20240508;100125;1924.6;5;10314785177;B
20240508;100125;1924.4;19;10314785184;S
20240508;100125;1924.4;17;10314785185;S
20240508;100125;1924.2;2;10314785186;S
20240508;100125;1924;1;10314785187;S
20240508;100125;1924;10;10314785188;S
20240508;100125;1923.8;1;10314785189;S
20240508;100125;1924.2;55;10314785191;S
20240508;100125;1924.2;85;10314785192;S
20240508;100125;1924;7;10314785193;S
20240508;100125;1924;8;10314785194;B
20240508;100125;1924.2;10;10314785275;B
20240508;100126;1924;4;10314785408;S
20240508;100126;1923.8;1;10314785409;S
20240508;100126;1923.8;3;10314785410;S
20240508;100128;1924.2;1;10314785771;B
20240508;100130;1924.2;3;10314786187;B
20240508;100131;1924.2;7;10314786326;B
20240508;100131;1924.4;3;10314786327;B
20240508;100135;1924.4;2;10314786919;B
20240508;100137;1924;1;10314787421;S
20240508;100137;1924.2;1;10314787424;B
20240508;100139;1924.2;3;10314787671;B
20240508;100139;1924;1;10314787746;S
20240508;100139;1924;9;10314787747;S
20240508;100139;1924.2;50;10314787776;B
20240508;100139;1924.4;1;10314787807;B
20240508;100140;1924.2;1;10314787869;B
20240508;100141;1924.2;5;10314788050;B
20240508;100141;1924;6;10314788074;S
20240508;100141;1924;1;10314788075;S
20240508;100141;1924;1;10314788076;S
20240508;100141;1924;5;10314788077;S
20240508;100142;1924;24;10314788130;S
20240508;100142;1924;1;10314788131;S
20240508;100142;1923.8;5;10314788132;S
20240508;100143;1923.8;1;10314788285;S
20240508;100143;1923.8;1;10314788411;S
20240508;100144;1923.8;5;10314788631;S
20240508;100146;1924;30;10314788872;B
20240508;100146;1924;79;10314789287;B
20240508;100146;1924.2;73;10314789288;B
20240508;100147;1924.2;2;10314789319;B
20240508;100147;1924.4;5;10314789378;B
20240508;100147;1924.2;7;10314789379;B
20240508;100147;1924.2;72;10314789380;B
20240508;100147;1924.2;1;10314789441;B
20240508;100150;1924.4;5;10314789940;B
20240508;100151;1924.2;33;10314790089;S
20240508;100151;1924.4;1;10314790168;B
20240508;100151;1924.4;1;10314790169;B
20240508;100151;1924.4;153;10314790235;B
20240508;100151;1924.4;1;10314790236;B
20240508;100151;1924.6;1;10314790237;B
20240508;100151;1924.6;75;10314790238;B
20240508;100151;1924.6;5;10314790239;B
20240508;100154;1924.2;68;10314790848;S
20240508;100154;1924.2;17;10314790849;S
20240508;100154;1923.8;5;10314790850;S
20240508;100154;1923.8;10;10314790851;S
20240508;100154;1924.6;1;10314790898;B
20240508;100159;1924.6;2;10314791659;B
20240508;100205;1924.4;15;10314792620;B
20240508;100205;1924.6;1;10314792621;B
20240508;100210;1924.6;2;10314793246;B
20240508;100210;1924.6;11;10314793341;B
20240508;100210;1924.8;1;10314793342;B
20240508;100210;1924.8;1;10314793343;B
20240508;100210;1924.8;1;10314793344;B
20240508;100210;1924.8;14;10314793347;B
20240508;100210;1924.8;15;10314793349;B
20240508;100212;1924.4;1;10314793496;S
20240508;100212;1924.4;9;10314793497;S
20240508;100213;1924.6;14;10314793615;B
20240508;100213;1924.4;1;10314793625;S
20240508;100214;1924.4;16;10314793775;S
20240508;100214;1924.2;3;10314793776;S
20240508;100214;1924.2;8;10314793777;S
20240508;100214;1924.2;1;10314793778;S
20240508;100214;1924.2;25;10314793779;S
20240508;100214;1924;44;10314793780;S
20240508;100214;1924;29;10314793781;S
20240508;100214;1924;9;10314793782;S
20240508;100214;1924;8;10314793862;S
20240508;100215;1924.4;5;10314794083;B
20240508;100220;1924.6;11;10314794840;B
20240508;100220;1924.6;1;10314794841;B
20240508;100220;1924.8;13;10314794842;B
20240508;100220;1924.6;1;10314794974;S
20240508;100221;1924.8;1;10314795130;B
20240508;100221;1924.8;10;10314795201;B
20240508;100222;1924.8;16;10314795249;B
20240508;100223;1924.8;29;10314795464;B
20240508;100224;1924.8;10;10314795497;B
20240508;100225;1924.8;1;10314795697;B
20240508;100225;1924.8;91;10314795808;B
20240508;100225;1924.8;159;10314795809;B
20240508;100226;1924.8;6;10314795862;B
20240508;100226;1924.8;5;10314795863;B
20240508;100228;1924.8;1;10314796188;B
20240508;100229;1924.8;3;10314796299;B
20240508;100230;1924.8;1;10314796486;B
20240508;100230;1924.8;2;10314796521;B
20240508;100230;1924.8;25;10314796522;B
20240508;100230;1924.8;31;10314796523;B
20240508;100231;1924.8;1;10314796745;B
20240508;100232;1924.8;2;10314796793;B
20240508;100232;1924.6;1;10314796897;S
20240508;100232;1924.6;1;10314796916;S
20240508;100232;1924.4;1;10314796917;S
20240508;100232;1924.4;2;10314796918;S
20240508;100233;1924.4;8;10314796967;S
20240508;100233;1924.4;2;10314796993;B
20240508;100235;1924.2;2;10314797251;S
20240508;100235;1924.2;25;10314797252;S
20240508;100235;1924.2;79;10314797253;S
20240508;100235;1924;44;10314797254;S
20240508;100235;1924.4;11;10314797260;B
20240508;100236;1924.2;131;10314797423;B
20240508;100236;1924.4;27;10314797424;B
20240508;100236;1924.4;92;10314797425;B
20240508;100238;1924.2;3;10314797696;S
20240508;100239;1924.4;50;10314797750;B
20240508;100240;1924.2;63;10314797985;S
20240508;100240;1924.2;79;10314797986;S
20240508;100241;1924.2;11;10314798032;B
20240508;100241;1924;3;10314798036;S
20240508;100242;1924.2;47;10314798210;B
20240508;100242;1924.2;1;10314798211;B
20240508;100242;1924.4;2;10314798212;B
20240508;100242;1924.4;18;10314798357;B
20240508;100243;1924.4;10;10314798425;B
20240508;100244;1924.2;25;10314798578;S
20240508;100244;1924.4;9;10314798589;B
20240508;100244;1924.4;2;10314798611;B
20240508;100244;1924.2;10;10314798614;S
20240508;100245;1924.4;20;10314798849;B
20240508;100245;1924.4;13;10314798868;B
20240508;100245;1924.4;25;10314798875;B
20240508;100246;1924.2;53;10314799017;S
20240508;100246;1924.2;79;10314799018;S
20240508;100246;1924.2;27;10314799019;S
20240508;100246;1924;15;10314799038;S
20240508;100247;1924.2;4;10314799043;B
20240508;100249;1924;10;10314799320;S
20240508;100249;1924;17;10314799321;S
20240508;100250;1924.2;4;10314799421;B
20240508;100250;1924.2;3;10314799498;B
20240508;100250;1924;20;10314799504;S
20240508;100251;1924.2;9;10314799570;B
20240508;100251;1924.2;11;10314799576;B
20240508;100252;1924.2;1;10314799685;B
20240508;100254;1924.2;9;10314799930;B
20240508;100254;1924.2;1;10314799931;B
20240508;100254;1924.2;29;10314799932;B
20240508;100254;1924.2;23;10314799934;B
20240508;100255;1924.2;22;10314800086;B
20240508;100255;1924.2;126;10314800165;B
20240508;100255;1924.2;5;10314800166;B
20240508;100255;1924.4;20;10314800181;B
20240508;100256;1924.4;14;10314800193;B
20240508;100256;1924.2;5;10314800210;S
20240508;100256;1924.4;30;10314800234;B
20240508;100258;1924.2;1;10314800480;S
20240508;100300;1924.4;5;10314800836;B
20240508;100300;1924.2;3;10314800844;S
20240508;100301;1924.4;20;10314800927;B
20240508;100302;1924.4;1;10314800986;B
20240508;100302;1924.2;75;10314801027;S
20240508;100302;1924.2;27;10314801028;S
20240508;100302;1924.2;1;10314801029;S
20240508;100303;1924.4;1;10314801133;B
20240508;100303;1924.4;14;10314801231;B
20240508;100304;1924.4;611;10314801244;B
20240508;100304;1924.4;10;10314801245;B
20240508;100304;1924.4;73;10314801246;B
20240508;100304;1924.4;4;10314801247;B
20240508;100305;1924.4;5;10314801430;B
20240508;100305;1924.4;1;10314801431;B
20240508;100307;1924.4;28;10314801852;B
20240508;100307;1924.4;1;10314801899;B
20240508;100308;1924.4;2;10314801972;B
20240508;100308;1924.4;1;10314802083;B
20240508;100308;1924.4;30;10314802106;B
20240508;100309;1924.4;9;10314802182;B
20240508;100309;1924.4;2;10314802203;B
20240508;100309;1924.2;4;10314802272;S
20240508;100310;1924.4;17;10314802319;B
20240508;100310;1924.6;2;10314802320;B
20240508;100310;1924.6;1;10314802321;B
20240508;100310;1924.8;30;10314802322;B
20240508;100313;1924.8;153;10314802720;B
20240508;100314;1924.6;1;10314802933;S
20240508;100314;1924.8;14;10314802977;B
20240508;100316;1924.8;3;10314803308;B
20240508;100316;1924.8;10;10314803309;B
20240508;100316;1924.8;10;10314803310;B
20240508;100316;1925;6;10314803311;B
20240508;100316;1925;2;10314803360;B
20240508;100317;1925;20;10314803468;B
20240508;100317;1925;3;10314803536;B
20240508;100317;1925;2;10314803554;B
20240508;100317;1925;2;10314803555;B
20240508;100317;1925;1;10314803556;B
20240508;100317;1925;1;10314803557;B
20240508;100317;1925;8;10314803558;B
20240508;100318;1924.8;1;10314803673;S
20240508;100319;1925;2;10314803719;B
20240508;100319;1924.8;1;10314803767;S
20240508;100320;1924.8;13;10314803822;S
20240508;100321;1925;6;10314803882;B
20240508;100321;1925;14;10314803985;B
20240508;100322;1925;2;10314804108;B
20240508;100323;1925;10;10314804273;B
20240508;100325;1924.8;22;10314804522;S
20240508;100325;1924.8;1;10314804528;S
20240508;100325;1925;8;10314804594;B
20240508;100325;1925;12;10314804595;B
20240508;100326;1925;8;10314804717;B
20240508;100326;1925;1;10314804718;B
20240508;100326;1925.2;1;10314804719;B
20240508;100326;1925.2;1;10314804720;B
20240508;100327;1925;20;10314804879;S
20240508;100327;1925;5;10314804906;S
20240508;100328;1925.2;1;10314805033;B
20240508;100330;1925.4;1;10314805277;B
20240508;100330;1925.4;9;10314805278;B
20240508;100331;1925.4;17;10314805388;B
20240508;100331;1925;74;10314805436;S
20240508;100331;1925;49;10314805437;S
20240508;100331;1925;26;10314805438;S
20240508;100331;1924.8;62;10314805439;S
20240508;100331;1924.8;15;10314805440;S
20240508;100331;1924.8;17;10314805441;S
20240508;100331;1924.4;63;10314805442;S
20240508;100331;1924.4;131;10314805443;S
20240508;100331;1924.4;5;10314805444;S
20240508;100331;1924.4;1;10314805445;S
20240508;100331;1924.4;4;10314805446;S
20240508;100331;1924.4;20;10314805447;S
20240508;100331;1924.4;1;10314805448;S
20240508;100331;1924.4;115;10314805449;S
20240508;100331;1925.2;2;10314805466;B
20240508;100332;1925.2;15;10314805548;B
20240508;100332;1925.4;45;10314805549;B
20240508;100332;1924.8;1;10314805557;S
20240508;100333;1925.2;1;10314805815;B
20240508;100333;1925.4;117;10314805816;B
20240508;100333;1925.4;12;10314805817;B
20240508;100333;1925.4;26;10314805818;B
20240508;100333;1925.4;140;10314805819;B
20240508;100333;1925.6;200;10314805820;B
20240508;100333;1925.6;1;10314805821;B
20240508;100333;1925.6;3;10314805822;B
20240508;100333;1925.6;7;10314805832;B
20240508;100333;1925.8;22;10314805833;B
20240508;100339;1925.4;5;10314806749;B
20240508;100339;1925.4;1;10314806798;B
20240508;100340;1925.4;14;10314806831;B
20240508;100340;1925.6;13;10314806832;B
20240508;100341;1925.8;8;10314806971;B
20240508;100344;1925.8;4;10314807386;B
20240508;100344;1925.8;6;10314807395;B
20240508;100344;1925.8;10;10314807396;B
20240508;100344;1925.8;1;10314807397;B
20240508;100344;1925.8;15;10314807398;B
20240508;100344;1925.8;7;10314807399;B
20240508;100344;1925.8;51;10314807400;B
20240508;100344;1925.8;2;10314807401;B
20240508;100344;1926;200;10314807402;B
20240508;100344;1926;208;10314807403;B
20240508;100345;1926;32;10314807498;B
20240508;100345;1925.6;1;10314807508;S
20240508;100349;1926;25;10314808014;B
20240508;100351;1925.6;8;10314808270;S
20240508;100352;1926;1;10314808495;B
20240508;100353;1926;1;10314808557;B
20240508;100354;1925.8;3;10314808805;B
20240508;100354;1925.8;1;10314808807;B
20240508;100356;1925.8;2;10314808982;B
20240508;100357;1925.8;21;10314809158;B
20240508;100357;1925.8;13;10314809207;B
20240508;100358;1925.8;22;10314809231;B
20240508;100358;1926;108;10314809232;B
20240508;100400;1926;1;10314809512;B
20240508;100400;1926;10;10314809563;B
20240508;100400;1925.8;1;10314809570;S
20240508;100400;1925.6;3;10314809584;S
20240508;100401;1926;10;10314809607;B
20240508;100401;1926;4;10314809666;B
20240508;100402;1925.6;67;10314809700;S
20240508;100402;1925.6;33;10314809701;S
20240508;100402;1925.8;1;10314809821;S
20240508;100404;1926;14;10314809984;B
20240508;100405;1926;1;10314810229;B
20240508;100406;1926;1;10314810329;B
20240508;100406;1926;2;10314810335;B
20240508;100406;1926;39;10314810386;B
20240508;100407;1926;10;10314810467;B
20240508;100407;1926;3;10314810489;B
20240508;100407;1926;5;10314810514;B
20240508;100407;1926;14;10314810520;B
20240508;100408;1926;14;10314810640;B
20240508;100410;1925.8;1;10314810905;S
20240508;100412;1926;1;10314811132;B
20240508;100413;1925.8;20;10314811329;S
20240508;100413;1925.8;63;10314811330;S
20240508;100413;1925.8;30;10314811331;S
20240508;100413;1925.8;10;10314811332;S
20240508;100413;1925.6;131;10314811333;S
20240508;100413;1925.6;48;10314811334;S
20240508;100414;1926;2;10314811493;B
20240508;100417;1925.6;3;10314811932;S
20240508;100418;1926;2;10314812119;B
20240508;100420;1926;40;10314812360;B
20240508;100422;1926;5;10314812581;B
20240508;100423;1926;1;10314812711;B
20240508;100424;1926;150;10314812863;B
20240508;100426;1925.8;3;10314813187;S
20240508;100426;1926;1;10314813226;B
20240508;100429;1926;24;10314813605;B
20240508;100432;1926;9;10314813969;B
20240508;100433;1926;1;10314814167;B
20240508;100436;1926;10;10314814543;B
20240508;100436;1926;1;10314814586;B
20240508;100437;1925.8;2;10314814684;S
20240508;100439;1926;3;10314814859;B
20240508;100439;1926;1;10314814986;B
20240508;100439;1925.6;20;10314815010;S
20240508;100442;1925.8;1;10314815329;B
20240508;100443;1925.8;2;10314815559;B
20240508;100445;1925.8;20;10314815800;B
20240508;100446;1925.8;2;10314815903;B
20240508;100447;1925.6;14;10314816139;S
20240508;100448;1925.6;1;10314816236;S
20240508;100448;1925.8;1;10314816243;B
20240508;100448;1925.8;74;10314816312;B
20240508;100448;1925.8;46;10314816313;B
20240508;100449;1925.6;1;10314816421;S
20240508;100449;1925.6;13;10314816498;S
20240508;100449;1925.6;6;10314816499;S
20240508;100449;1925.6;6;10314816500;S
20240508;100449;1925.6;34;10314816501;S
20240508;100449;1925.6;14;10314816502;S
20240508;100449;1925.4;17;10314816503;S
20240508;100449;1925.4;10;10314816504;S
20240508;100450;1925.8;2;10314816552;B
20240508;100452;1925.8;1;10314816828;B
20240508;100452;1925.8;2;10314816851;B
20240508;100454;1925.6;1;10314817133;S
20240508;100454;1925.8;1;10314817195;B
20240508;100457;1925.8;45;10314817540;B
20240508;100457;1925.8;4;10314817541;B
20240508;100457;1926;246;10314817542;B
20240508;100457;1926;1;10314817543;B
20240508;100457;1926;1;10314817544;B
20240508;100457;1926;303;10314817545;B
20240508;100458;1926;27;10314817745;B
20240508;100458;1926;23;10314817746;B
20240508;100458;1926;57;10314817747;B
20240508;100458;1926;1;10314817777;B
20240508;100459;1925.8;1;10314817842;S
20240508;100459;1926;1;10314817843;B
20240508;100459;1926;1;10314817844;B
20240508;100459;1926;5;10314817889;B
20240508;100459;1926;1;10314817927;B
20240508;100459;1926;2;10314817951;B
20240508;100459;1926;1;10314818056;B
20240508;100459;1926;1;10314818057;B
20240508;100500;1926;1;10314818086;B
20240508;100500;1926;1;10314818087;B
20240508;100500;1926;25;10314818096;B
20240508;100500;1926;4;10314818154;B
20240508;100500;1926;1;10314818188;B
20240508;100500;1926;10;10314818263;B
20240508;100500;1926;1;10314818264;B
20240508;100500;1926;2;10314818300;B
20240508;100501;1926;3;10314818360;B
20240508;100501;1926;1;10314818361;B
20240508;100501;1926;1;10314818362;B
20240508;100501;1926;1;10314818377;B
20240508;100502;1926;1;10314818459;B
20240508;100502;1926;1;10314818619;B
20240508;100502;1926;1;10314818661;B
20240508;100503;1926;1;10314818736;B
20240508;100504;1926;14;10314818946;B
20240508;100504;1926;1;10314818973;B
20240508;100505;1926;1;10314819102;B
20240508;100505;1925.8;1;10314819147;S
20240508;100505;1926;1;10314819171;B
20240508;100505;1926;40;10314819205;B
20240508;100505;1926;1;10314819206;B
20240508;100506;1926;1;10314819257;B
20240508;100506;1926;1;10314819302;B
20240508;100506;1926;1;10314819332;B
20240508;100507;1926;1;10314819364;B
20240508;100507;1926;1;10314819424;B
20240508;100507;1925.8;8;10314819462;S
20240508;100508;1926;1;10314819676;B
20240508;100509;1926;2;10314819700;B
20240508;100509;1925.8;5;10314819720;S
20240508;100509;1926;1;10314819830;B
20240508;100509;1926;1;10314819851;B
20240508;100510;1925.8;14;10314820025;S
20240508;100511;1926;5;10314820118;B
20240508;100513;1926;17;10314820282;B
20240508;100514;1926;19;10314820488;B
20240508;100514;1925.8;10;10314820529;S
20240508;100515;1926;7;10314820668;B
20240508;100515;1926;7;10314820680;B
20240508;100517;1925.8;61;10314820907;S
20240508;100517;1926;1;10314821014;B
20240508;100521;1926;150;10314821597;B
20240508;100521;1926;27;10314821672;B
20240508;100522;1926;5;10314821738;B
20240508;100523;1926;1;10314821873;B
20240508;100523;1925.8;130;10314821900;S
20240508;100524;1925.8;23;10314822029;S
20240508;100524;1925.8;10;10314822036;S
20240508;100524;1926;1;10314822044;B
20240508;100525;1925.8;22;10314822158;S
20240508;100526;1925.8;2;10314822408;S
20240508;100527;1925.8;35;10314822431;S
20240508;100527;1926;1;10314822470;B
20240508;100527;1926;213;10314822519;B
20240508;100527;1926;10;10314822520;B
20240508;100527;1926;13;10314822521;B
20240508;100527;1926;1;10314822522;B
20240508;100527;1926;1;10314822523;B
20240508;100527;1926;20;10314822524;B
20240508;100527;1926;60;10314822525;B
20240508;100527;1926;1;10314822526;B
20240508;100527;1926;1;10314822527;B
20240508;100527;1926;1;10314822528;B
20240508;100527;1926;5;10314822529;B
20240508;100527;1926;1;10314822530;B
20240508;100527;1926;20;10314822531;B
20240508;100527;1926;1;10314822532;B
20240508;100527;1926;5;10314822533;B
20240508;100527;1926;20;10314822534;B
20240508;100527;1926;10;10314822535;B
20240508;100527;1926;100;10314822536;B
20240508;100527;1926;1;10314822537;B
20240508;100527;1926;16;10314822538;B
20240508;100527;1926;100;10314822540;B
20240508;100529;1926;3;10314822751;B
20240508;100532;1926.2;3;10314823085;B
20240508;100532;1926.2;7;10314823086;B
20240508;100532;1926.2;27;10314823087;B
20240508;100532;1926.2;1;10314823110;B
20240508;100534;1926.2;1;10314823505;B
20240508;100534;1926.2;1;10314823528;B
20240508;100535;1926;2;10314823578;S
20240508;100535;1926;11;10314823581;S
20240508;100536;1926;1;10314823724;S
20240508;100536;1926.2;1;10314823823;B
20240508;100536;1926;35;10314823830;S
20240508;100537;1926.2;1;10314823906;B
20240508;100537;1926.2;1;10314823907;B
20240508;100538;1926.2;1;10314823982;B
20240508;100538;1926.2;1;10314823983;B
20240508;100538;1926.2;1;10314823984;B
20240508;100539;1926.2;15;10314824105;B
20240508;100539;1926;2;10314824130;S
20240508;100539;1926.2;1;10314824131;B
20240508;100541;1926.2;28;10314824313;B
20240508;100541;1926.2;1;10314824314;B
20240508;100541;1926.2;1;10314824380;B
20240508;100542;1926.2;8;10314824448;B
20240508;100542;1926.2;5;10314824449;B
20240508;100542;1926.2;7;10314824450;B
20240508;100544;1926;1;10314824680;S
20240508;100544;1926;20;10314824688;S
20240508;100544;1926.2;1;10314824764;B
20240508;100545;1926;15;10314824838;S
20240508;100545;1926;1;10314824853;S
20240508;100545;1926;1;10314824899;S
20240508;100546;1926.2;2;10314825037;B
20240508;100549;1926;1;10314825468;S
20240508;100550;1926;1;10314825641;S
20240508;100550;1926;10;10314825645;S
20240508;100551;1926.4;14;10314825701;B
20240508;100551;1926.2;1;10314825727;S
20240508;100552;1926.2;1;10314825855;S
20240508;100553;1926.2;2;10314825975;S
20240508;100554;1926;11;10314826223;S
20240508;100555;1926.2;5;10314826291;B
20240508;100557;1926.2;1;10314826537;B
20240508;100558;1926.2;1;10314826615;B
20240508;100600;1926.4;2;10314826925;B
20240508;100600;1926.2;1;10314826933;S
20240508;100601;1926.2;2;10314827003;S
20240508;100603;1926.2;11;10314827277;B
20240508;100606;1926;10;10314827798;S
20240508;100607;1926.2;1;10314827809;B
20240508;100608;1926.2;20;10314827961;B
20240508;100614;1926;15;10314828575;S
20240508;100614;1926.2;5;10314828639;B
20240508;100615;1926;8;10314828751;S
20240508;100615;1926;1;10314828752;S
20240508;100615;1926;41;10314828753;S
20240508;100620;1926;1;10314829423;S
20240508;100620;1926;40;10314829441;S
20240508;100621;1926;8;10314829550;S
20240508;100622;1926;242;10314829610;S
20240508;100622;1925.8;58;10314829611;S
20240508;100623;1926;2;10314829736;B
20240508;100624;1926;23;10314829884;B
20240508;100624;1926;4;10314829924;B
20240508;100626;1926;1;10314830080;B
20240508;100630;1925.8;11;10314830572;S
20240508;100631;1926;5;10314830610;B
20240508;100631;1926;1;10314830652;B
20240508;100632;1926;5;10314830772;B
20240508;100634;1925.8;36;10314830939;S
20240508;100634;1926;3;10314831043;B
20240508;100634;1926;3;10314831075;B
20240508;100636;1926;3;10314831216;B
20240508;100636;1925.8;12;10314831236;S
20240508;100637;1926;1;10314831258;B
20240508;100637;1926;1;10314831259;B
20240508;100638;1925.8;1;10314831389;S
20240508;100639;1926;1;10314831500;B
20240508;100642;1926;1;10314831929;B
20240508;100643;1926;7;10314831978;B
20240508;100644;1926;1;10314832109;B
20240508;100644;1926;2;10314832131;B
20240508;100644;1926;1;10314832132;B
20240508;100644;1926;5;10314832133;B
20240508;100649;1926;1;10314832691;B
20240508;100649;1925.8;2;10314832707;S
20240508;100650;1926;1;10314832785;B
20240508;100650;1926;1;10314832816;B
20240508;100651;1925.8;59;10314832888;S
20240508;100651;1925.8;60;10314832889;S
20240508;100651;1925.8;36;10314832890;S
20240508;100652;1925.8;3;10314832930;B
20240508;100652;1925.8;7;10314832938;B
20240508;100655;1925.8;5;10314833308;B
20240508;100655;1925.8;2;10314833309;B
20240508;100656;1925.8;3;10314833375;B
20240508;100656;1925.8;5;10314833385;B
20240508;100656;1925.8;8;10314833386;B
20240508;100658;1925.8;4;10314833623;B
20240508;100659;1926;1;10314833775;B
20240508;100701;1926;1;10314834030;B
20240508;100701;1926;1;10314834033;B
20240508;100702;1926;1;10314834133;B
20240508;100702;1926;2;10314834203;B
20240508;100703;1925.8;63;10314834310;S
20240508;100703;1925.8;36;10314834311;S
20240508;100703;1925.6;40;10314834312;S
20240508;100703;1925.6;42;10314834313;S
20240508;100703;1925.6;3;10314834314;S
20240508;100703;1925.4;2;10314834315;S
20240508;100703;1925.4;79;10314834316;S
20240508;100703;1925.4;5;10314834317;S
20240508;100703;1925.4;91;10314834318;S
20240508;100706;1925.8;1;10314834811;B
20240508;100707;1925.8;12;10314834820;B
20240508;100710;1925.6;1;10314835142;B
20240508;100712;1925.4;2;10314835369;S
20240508;100713;1925.6;5;10314835522;B
20240508;100713;1925.6;1;10314835567;B
20240508;100714;1925.6;1;10314835723;B
20240508;100717;1925.6;26;10314836117;B
20240508;100720;1925.6;2;10314836508;B
20240508;100721;1925.6;7;10314836538;B
20240508;100721;1925.6;1;10314836567;B
20240508;100723;1925.4;6;10314836693;S
20240508;100724;1925.6;1;10314836840;B
20240508;100725;1925.4;22;10314836884;S
20240508;100725;1925.6;3;10314836905;B
20240508;100725;1925.6;1;10314836915;B
20240508;100726;1925.4;33;10314837025;S
20240508;100726;1925.4;36;10314837026;S
20240508;100726;1925.4;14;10314837027;S
20240508;100726;1925.4;14;10314837028;S
20240508;100726;1925.4;23;10314837029;S
20240508;100727;1925.6;4;10314837123;B
20240508;100727;1925.6;16;10314837124;B
20240508;100727;1925.6;1;10314837135;B
20240508;100727;1925.4;20;10314837150;S
20240508;100727;1925.6;62;10314837173;B
20240508;100727;1925.6;11;10314837174;B
20240508;100727;1925.6;1;10314837175;B
20240508;100727;1925.8;26;10314837176;B
20240508;100728;1925.6;1;10314837211;S
20240508;100728;1925.4;63;10314837306;S
20240508;100728;1925.2;50;10314837307;S
20240508;100728;1925.2;12;10314837308;S
20240508;100728;1925.2;4;10314837309;S
20240508;100728;1925.2;36;10314837310;S
20240508;100728;1925;14;10314837311;S
20240508;100728;1925;5;10314837312;S
20240508;100728;1925;1;10314837313;S
20240508;100728;1925;1;10314837314;S
20240508;100728;1925;10;10314837315;S
20240508;100728;1925;25;10314837316;S
20240508;100728;1925;1;10314837317;S
20240508;100728;1925;1;10314837318;S
20240508;100728;1925;14;10314837319;S
20240508;100728;1925;17;10314837320;S
20240508;100728;1925;46;10314837321;S
20240508;100728;1925;1;10314837322;S
20240508;100728;1925;140;10314837323;S
20240508;100728;1924.8;25;10314837324;S
20240508;100728;1924.8;3;10314837325;S
20240508;100728;1924.8;1;10314837326;S
20240508;100728;1924.8;43;10314837327;S
20240508;100728;1924.6;50;10314837328;S
20240508;100728;1924.6;60;10314837329;S
20240508;100728;1924.4;2;10314837330;S
20240508;100728;1924.4;188;10314837331;S
20240508;100728;1924.2;4;10314837332;S
20240508;100728;1924.2;28;10314837333;S
20240508;100728;1924.2;600;10314837334;S
20240508;100728;1924.2;5;10314837335;S
20240508;100728;1924;33;10314837336;S
20240508;100728;1924;28;10314837337;S
20240508;100728;1924;7;10314837338;S
20240508;100728;1924;20;10314837339;S
20240508;100728;1924;14;10314837340;S
20240508;100728;1924;14;10314837341;S
20240508;100728;1924;200;10314837342;S
20240508;100728;1924;10;10314837343;S
20240508;100728;1924;7;10314837344;S
20240508;100728;1924;10;10314837345;S
20240508;100728;1924;29;10314837346;S
20240508;100728;1924;178;10314837347;S
20240508;100729;1924.4;26;10314837364;S
20240508;100732;1925;13;10314837876;B
20240508;100734;1924.6;8;10314838188;S
20240508;100734;1925;1;10314838234;B
20240508;100736;1925;3;10314838414;B
20240508;100736;1925;2;10314838415;B
20240508;100738;1925;4;10314838660;B
20240508;100738;1925.2;12;10314838661;B
20240508;100738;1925.2;10;10314838662;B
20240508;100739;1925;1;10314838762;B
20240508;100739;1925;1;10314838776;B
20240508;100739;1925;1;10314838824;B
20240508;100740;1924.8;8;10314838883;S
20240508;100740;1924.8;2;10314838884;S
20240508;100742;1925;1;10314839194;B
20240508;100744;1924.4;1;10314839497;S
20240508;100744;1924.8;1;10314839554;B
20240508;100745;1924.8;14;10314839839;B
20240508;100749;1924.8;1;10314840379;B
20240508;100749;1924.8;3;10314840414;B
20240508;100752;1924.6;1;10314840856;B
20240508;100753;1924.6;1;10314840929;B
20240508;100754;1924.8;1;10314841114;B
20240508;100755;1924.8;59;10314841150;B
20240508;100755;1924.8;1;10314841151;B
20240508;100755;1924.4;15;10314841179;S
20240508;100755;1924.4;1;10314841224;S
20240508;100758;1924.4;2;10314841542;S
20240508;100759;1924.8;1;10314841692;B
20240508;100804;1924.6;5;10314842339;B
20240508;100805;1924.6;11;10314842403;B
20240508;100805;1924.8;41;10314842404;B
20240508;100805;1924.8;3;10314842437;B
20240508;100814;1924.8;3;10314844021;B
20240508;100814;1924.6;2;10314844032;B
20240508;100815;1924.6;2;10314844193;B
20240508;100819;1924.4;1;10314844681;B
20240508;100821;1924.6;2;10314844944;B
20240508;100822;1924.6;3;10314845092;B
20240508;100824;1924.6;1;10314845475;B
20240508;100825;1924.6;1;10314845543;B
20240508;100828;1924.4;20;10314845997;S
20240508;100829;1924.4;4;10314846327;S
20240508;100830;1924.4;4;10314846422;S
20240508;100831;1924.4;270;10314846647;S
20240508;100831;1924.4;79;10314846648;S
20240508;100831;1924.4;34;10314846649;S
20240508;100831;1924.2;12;10314846650;S
20240508;100831;1924.2;2;10314846651;S
20240508;100831;1924.2;2;10314846652;S
20240508;100831;1924.2;43;10314846653;S
20240508;100831;1924;322;10314846654;S
20240508;100831;1924;14;10314846655;S
20240508;100831;1924;8;10314846656;S
20240508;100831;1924;78;10314846657;S
20240508;100831;1924;50;10314846658;S
20240508;100831;1924;7;10314846659;S
20240508;100831;1924;1;10314846660;S
20240508;100831;1924;14;10314846661;S
20240508;100831;1924;60;10314846662;S
20240508;100831;1924;6;10314846663;S
20240508;100831;1924;140;10314846664;S
20240508;100831;1923.8;56;10314846665;S
20240508;100831;1923.8;20;10314846666;S
20240508;100831;1923.8;29;10314846667;S
20240508;100831;1923.8;25;10314846668;S
20240508;100831;1923.8;14;10314846669;S
20240508;100831;1923.8;40;10314846670;S
20240508;100831;1923.8;13;10314846671;S
20240508;100831;1923.8;28;10314846672;S
20240508;100831;1923.8;26;10314846673;S
20240508;100831;1923.8;3;10314846674;S
20240508;100831;1923.8;14;10314846675;S
20240508;100831;1923.8;14;10314846676;S
20240508;100831;1923.8;145;10314846677;S
20240508;100831;1923.8;29;10314846678;S
20240508;100831;1923.8;29;10314846679;S
20240508;100831;1923.8;4;10314846680;S
20240508;100831;1923.8;14;10314846681;S
20240508;100831;1923.8;28;10314846682;S
20240508;100831;1923.8;20;10314846683;S
20240508;100831;1923.8;29;10314846684;S
20240508;100831;1923.8;11;10314846685;S
20240508;100831;1923.8;1;10314846686;S
20240508;100831;1923.8;36;10314846687;S
20240508;100831;1923.8;20;10314846688;S
20240508;100831;1923.8;7;10314846689;S
20240508;100831;1923.8;12;10314846690;S
20240508;100831;1923.8;14;10314846691;S
20240508;100831;1923.8;200;10314846692;S
20240508;100831;1923.8;6;10314846693;S
20240508;100831;1923.8;2;10314846694;S
20240508;100831;1923.8;15;10314846695;S
20240508;100831;1923.8;2;10314846696;S
20240508;100831;1923.8;2;10314846697;S
20240508;100831;1923.8;40;10314846698;S
20240508;100831;1923.8;28;10314846699;S
20240508;100831;1923.8;6;10314846700;S
20240508;100831;1923.8;1;10314846701;S
20240508;100831;1923.8;28;10314846702;S
20240508;100831;1923.8;29;10314846703;S
20240508;100831;1923.8;12;10314846704;S
20240508;100831;1923.8;16;10314846705;S
20240508;100831;1923.8;14;10314846706;S
20240508;100831;1923.8;5;10314846707;S
20240508;100831;1923.8;16;10314846708;S
20240508;100831;1923.8;20;10314846709;S
20240508;100831;1923.8;28;10314846710;S
20240508;100831;1923.6;17;10314846711;S
20240508;100831;1923.4;1;10314846712;S
20240508;100831;1923.4;1;10314846713;S
20240508;100831;1923.4;3;10314846714;S
20240508;100831;1923.2;124;10314846715;S
20240508;100831;1923;2;10314846716;S
20240508;100831;1923;2;10314846717;S
20240508;100831;1923;1;10314846718;S
20240508;100831;1923;13;10314846719;S
20240508;100831;1924;17;10314846750;B
20240508;100831;1924.2;12;10314846751;B
20240508;100831;1924;13;10314846761;B
20240508;100831;1924;10;10314846825;B
20240508;100834;1924.4;1;10314847269;B
20240508;100836;1924;1;10314847408;S
20240508;100839;1924;1;10314847771;S
20240508;100843;1924.4;1;10314848317;B
20240508;100844;1924.4;2;10314848470;B
20240508;100845;1924.4;1;10314848554;B
20240508;100846;1924.2;3;10314848638;S
20240508;100847;1924.4;2;10314848883;B
20240508;100847;1924.4;8;10314848884;B
20240508;100848;1924.2;3;10314849060;S
20240508;100849;1924.4;5;10314849307;B
20240508;100849;1924.4;1;10314849319;B
20240508;100850;1924.4;4;10314849364;B
20240508;100850;1924.4;1;10314849365;B
20240508;100851;1924.4;1;10314849528;B
20240508;100852;1924.4;1;10314849619;B
20240508;100853;1924.2;59;10314849683;S
20240508;100853;1924;9;10314849684;S
20240508;100853;1924;59;10314849685;S
20240508;100853;1923.8;105;10314849689;S
20240508;100853;1923.8;1;10314849728;S
20240508;100853;1923.8;1;10314849756;S
20240508;100855;1923.8;4;10314849969;S
20240508;100856;1923.8;1;10314850041;S
20240508;100856;1923.8;1;10314850082;S
20240508;100856;1923.8;1;10314850147;S
20240508;100857;1923.8;1;10314850207;S
20240508;100857;1923.8;1;10314850233;S
20240508;100858;1923.8;3;10314850376;S
20240508;100858;1923.8;2;10314850405;S
20240508;100858;1924;1;10314850418;B
20240508;100859;1923.8;9;10314850423;S
20240508;100859;1923.4;1;10314850424;S
20240508;100901;1923.6;30;10314850814;B
20240508;100904;1923.6;1;10314851225;B
20240508;100904;1923.4;5;10314851295;S
20240508;100905;1923.6;1;10314851344;B
20240508;100910;1923.8;1;10314851994;B
20240508;100911;1923.4;8;10314852045;S
20240508;100911;1923.4;15;10314852046;S
20240508;100911;1923.4;1;10314852047;S
20240508;100911;1923.8;1;10314852061;B
20240508;100911;1923.2;12;10314852128;S
20240508;100911;1923.2;17;10314852129;S
20240508;100911;1923;27;10314852130;S
20240508;100914;1923.4;14;10314852583;S
20240508;100914;1923.2;32;10314852584;S
20240508;100914;1923;62;10314852585;S
20240508;100914;1923;15;10314852586;S
20240508;100914;1923;29;10314852587;S
20240508;100914;1923;50;10314852588;S
20240508;100914;1923;4;10314852589;S
20240508;100914;1922.8;17;10314852590;S
20240508;100914;1922.8;7;10314852591;S
20240508;100914;1922.6;140;10314852592;S
20240508;100914;1922.4;5;10314852593;S
20240508;100914;1922.4;15;10314852594;S
20240508;100914;1922.4;10;10314852595;S
20240508;100914;1923;79;10314852626;B
20240508;100914;1923.2;17;10314852627;B
20240508;100914;1923.2;54;10314852628;B
20240508;100916;1923;14;10314852850;B
20240508;100916;1923;1;10314852857;B
20240508;100919;1923.4;2;10314853242;B
20240508;100919;1923.6;6;10314853243;B
20240508;100920;1923.8;7;10314853316;B
20240508;100921;1923;50;10314853387;S
20240508;100921;1923.8;1;10314853463;B
20240508;100922;1923;1;10314853520;S
20240508;100923;1923.8;1;10314853725;B
20240508;100923;1923.8;3;10314853741;B
20240508;100923;1923.8;17;10314853742;B
20240508;100926;1923;3;10314854090;S
20240508;100927;1923.2;3;10314854308;B
20240508;100928;1923.2;1;10314854329;B
20240508;100928;1923.2;1;10314854542;B
20240508;100929;1923.2;1;10314854695;B
20240508;100930;1923.2;1;10314854726;B
20240508;100930;1923.2;7;10314854792;B
20240508;100931;1923.2;8;10314855111;B
20240508;100931;1923.8;1;10314855112;B
20240508;100931;1923.8;1;10314855113;B
20240508;100931;1924;5;10314855114;B
20240508;100931;1924;4;10314855115;B
20240508;100935;1924.2;11;10314856098;B
20240508;100935;1924.4;2;10314856099;B
20240508;100935;1924.4;1;10314856100;B
20240508;100935;1924.4;140;10314856101;B
20240508;100935;1924.4;31;10314856102;B
20240508;100935;1924.6;115;10314856103;B
20240508;100936;1924.6;1;10314856400;B
20240508;100937;1924.6;3;10314856445;B
20240508;100937;1924.8;10;10314856545;B
20240508;100937;1924.8;1;10314856546;B
20240508;100937;1924.8;1;10314856547;B
20240508;100937;1925;1;10314856548;B
20240508;100939;1924.2;1;10314856888;S
20240508;100939;1924;1;10314856889;S
20240508;100939;1924;79;10314856890;S
20240508;100939;1923.8;17;10314856891;S
20240508;100939;1923.8;2;10314856892;S
20240508;100940;1924;3;10314856989;S
20240508;100940;1924.8;1;10314857036;B
20240508;100941;1924;34;10314857137;S
20240508;100941;1924;6;10314857138;S
20240508;100944;1924.8;16;10314857668;B
20240508;100944;1925;9;10314857670;B
20240508;100949;1924;2;10314858429;S
20240508;100951;1924.2;10;10314859009;S
20240508;100952;1924.8;1;10314859270;B
20240508;100958;1924.2;29;10314860241;S
20240508;100958;1924;9;10314860242;S
20240508;100958;1924;41;10314860243;S
20240508;101000;1923.8;1;10314860601;S
20240508;101001;1924.8;5;10314860757;B
20240508;101001;1925;20;10314860758;B
20240508;101001;1925;5;10314860759;B
20240508;101001;1925;29;10314860760;B
20240508;101001;1925;1;10314860761;B
20240508;101001;1925;10;10314860762;B
20240508;101001;1925.2;10;10314860763;B
20240508;101001;1925.2;50;10314860764;B
20240508;101002;1925;11;10314860983;B
20240508;101002;1925.2;2;10314860984;B
20240508;101005;1925.4;18;10314861418;B
20240508;101011;1924.8;18;10314862601;S
20240508;101012;1925;1;10314862732;B
20240508;101015;1924.8;16;10314863072;S
20240508;101016;1924.8;4;10314863319;S
20240508;101017;1925;7;10314863492;B
20240508;101019;1925.4;2;10314863713;B
20240508;101019;1925.4;2;10314863714;B
20240508;101022;1925.6;2;10314864009;B
20240508;101022;1925.6;1;10314864091;B
20240508;101023;1925.4;1;10314864108;S
20240508;101023;1925.4;8;10314864109;S
20240508;101031;1925.6;1;10314865696;B
20240508;101032;1925.6;1;10314865901;B
20240508;101037;1925.6;1;10314866433;B
20240508;101038;1925.6;1;10314866565;B
20240508;101039;1925.6;3;10314866820;B
20240508;101040;1925.6;20;10314866919;B
20240508;101040;1925.6;8;10314866920;B
20240508;101041;1925.4;1;10314867022;S
20240508;101042;1925.6;1;10314867197;B
20240508;101043;1925.6;1;10314867318;B
20240508;101045;1925.6;4;10314867681;B
20240508;101045;1925.6;28;10314867682;B
20240508;101045;1925.8;15;10314867683;B
20240508;101045;1925.8;3;10314867684;B
20240508;101046;1925.8;3;10314867854;B
20240508;101047;1925.8;4;10314867898;B
20240508;101047;1925.8;10;10314867899;B
20240508;101047;1925.2;39;10314867919;S
20240508;101048;1925.2;10;10314868054;S
20240508;101050;1925.2;3;10314868473;S
20240508;101050;1925.4;5;10314868485;B
20240508;101051;1925.2;3;10314868581;S
20240508;101051;1925.4;1;10314868584;B
20240508;101052;1925.4;1;10314868711;B
20240508;101054;1925.2;45;10314868892;S
20240508;101054;1925.2;42;10314868893;S
20240508;101055;1925.4;2;10314869047;B
20240508;101059;1925.4;2;10314869754;B
20240508;101102;1925.4;1;10314870180;B
20240508;101104;1925.2;1;10314870636;B
20240508;101104;1925.2;29;10314870637;B
20240508;101115;1925.2;1;10314872097;B
20240508;101115;1925;1;10314872102;S
20240508;101115;1925;6;10314872119;S
20240508;101116;1925.2;14;10314872196;B
20240508;101117;1925.2;1;10314872255;B
20240508;101117;1925.2;3;10314872296;B
20240508;101118;1925;1086;10314872341;S
20240508;101118;1925;1;10314872342;S
20240508;101118;1925;2;10314872343;S
20240508;101118;1925;200;10314872344;S
20240508;101118;1925;4;10314872345;S
20240508;101118;1925;50;10314872346;S
20240508;101118;1925;43;10314872347;S
20240508;101118;1924.8;8;10314872348;S
20240508;101118;1924.8;2;10314872349;S
20240508;101120;1925;3;10314872639;B
20240508;101122;1924.8;2;10314872827;S
20240508;101123;1924.8;1;10314872921;S
20240508;101123;1925;1;10314872958;B
20240508;101125;1924.8;4;10314873155;S
20240508;101125;1924.8;10;10314873156;S
20240508;101125;1924.8;1;10314873157;S
20240508;101125;1924.8;6;10314873158;S
20240508;101125;1924.8;3;10314873159;S
20240508;101127;1924.4;32;10314873553;B
20240508;101127;1924.4;29;10314873555;B
20240508;101127;1924.6;21;10314873556;B
20240508;101129;1925;1;10314873740;B
20240508;101129;1925;10;10314873760;S
20240508;101130;1924.2;1;10314873853;S
20240508;101130;1924.2;16;10314873903;S
20240508;101130;1924;28;10314873904;S
20240508;101130;1924;28;10314873905;S
20240508;101130;1923.8;4;10314873906;S
20240508;101130;1923.6;68;10314873907;S
20240508;101131;1923.8;2;10314873988;S
20240508;101132;1924.6;1;10314874130;B
20240508;101132;1924.4;1;10314874160;B
20240508;101134;1924.4;1;10314874332;B
20240508;101139;1924.4;3;10314875171;B
20240508;101141;1924;2;10314875390;S
20240508;101142;1924.4;1;10314875570;B
20240508;101144;1924;82;10314875940;S
20240508;101144;1923.8;1;10314875941;S
20240508;101144;1923.8;10;10314875988;B
20240508;101146;1923.8;3;10314876289;B
20240508;101146;1923.4;54;10314876393;S
20240508;101147;1923.8;2;10314876430;B
20240508;101147;1923.8;2;10314876519;B
20240508;101149;1923.8;14;10314876871;B
20240508;101152;1924;1;10314877270;B
20240508;101155;1923.6;1;10314877672;S
20240508;101155;1923.4;196;10314877704;S
20240508;101157;1923.4;344;10314877910;S
20240508;101158;1923.8;30;10314878154;B
20240508;101203;1923.6;4;10314878841;B
20240508;101205;1923.4;8;10314879287;S
20240508;101205;1923.4;709;10314879318;S
20240508;101205;1923.4;291;10314879319;S
20240508;101206;1923.6;1;10314879404;B
20240508;101209;1923.6;1;10314879780;B
20240508;101212;1923.4;2;10314880101;S
20240508;101212;1923.4;100;10314880132;S
20240508;101212;1923.6;1;10314880172;B
20240508;101214;1923.4;100;10314880351;S
20240508;101214;1923.4;100;10314880352;S
20240508;101214;1923.4;1;10314880398;S
20240508;101216;1923.4;2;10314880645;S
20240508;101218;1923.6;5;10314880770;B
20240508;101220;1923.6;2;10314881051;B
20240508;101226;1923.6;1;10314882098;B
20240508;101228;1924;1;10314882345;B
20240508;101228;1924;3;10314882346;B
20240508;101228;1924;2;10314882347;B
20240508;101228;1923.4;54;10314882377;S
20240508;101234;1923.8;79;10314882884;B
20240508;101234;1923.8;63;10314882885;B
20240508;101234;1923.8;37;10314882886;B
20240508;101234;1924;38;10314882887;B
20240508;101234;1924.2;10;10314882888;B
20240508;101234;1924.2;73;10314882889;B
20240508;101235;1924.4;1;10314883054;B
20240508;101237;1923.6;17;10314883186;S
20240508;101237;1923.4;8;10314883187;S
20240508;101237;1923.4;1;10314883242;S
20240508;101239;1923.4;30;10314883375;S
20240508;101239;1924;29;10314883416;B
20240508;101251;1923.8;4;10314884554;B
20240508;101252;1923.4;54;10314884659;S
20240508;101254;1923.4;10;10314884841;S
20240508;101257;1923.8;1;10314885219;B
20240508;101257;1923.8;1;10314885270;B
20240508;101306;1923.8;1;10314886186;B
20240508;101306;1923.8;38;10314886187;B
20240508;101307;1924;1;10314886447;B
20240508;101314;1923.8;1;10314887284;S
20240508;101314;1923.8;6;10314887307;S
20240508;101316;1924;1;10314887534;B
20240508;101317;1924.2;4;10314887868;B
20240508;101323;1923.8;1;10314888583;S
20240508;101325;1923.8;5;10314888857;S
20240508;101325;1923.8;1;10314888858;S
20240508;101325;1923.8;10;10314888879;B
20240508;101327;1923.8;6;10314889122;B
20240508;101327;1923.8;10;10314889123;B
20240508;101327;1923.8;26;10314889124;B
20240508;101328;1923.8;15;10314889279;S
20240508;101328;1923.6;1;10314889280;S
20240508;101328;1923.4;341;10314889281;S
20240508;101331;1923.6;2;10314889605;B
20240508;101334;1923.4;4;10314889884;S
20240508;101335;1923.6;10;10314890054;B
20240508;101336;1924;1;10314890186;B
20240508;101339;1923.6;1;10314890537;B
20240508;101342;1923.6;19;10314891173;B
20240508;101342;1923.4;2;10314891220;S
20240508;101342;1923.6;1;10314891247;B
20240508;101343;1923.4;1;10314891453;S
20240508;101345;1923.6;10;10314891588;B
20240508;101346;1923.6;15;10314891786;B
20240508;101347;1923.6;7;10314891796;B
20240508;101347;1923.6;1;10314891837;B
20240508;101350;1923.4;159;10314892348;S
20240508;101351;1923.6;37;10314892412;B
20240508;101351;1923.8;13;10314892413;B
20240508;101352;1923.4;2;10314892589;S
20240508;101356;1923.4;100;10314893014;S
20240508;101356;1923.4;134;10314893018;S
20240508;101356;1923.4;12;10314893019;S
20240508;101356;1923.4;3;10314893123;S
20240508;101357;1923.4;78;10314893124;S
20240508;101357;1923.8;1;10314893138;B
20240508;101357;1923.4;4;10314893142;S
20240508;101357;1923.4;14;10314893143;S
20240508;101357;1923.4;10;10314893144;S
20240508;101357;1923.4;2;10314893145;S
20240508;101357;1923.4;2;10314893146;S
20240508;101357;1923.2;37;10314893147;S
20240508;101357;1923.2;431;10314893148;S
20240508;101357;1923.8;11;10314893169;B
20240508;101357;1923.8;24;10314893186;B
20240508;101359;1923.4;1;10314893609;B
20240508;101359;1923.2;1;10314893622;S
20240508;101400;1923.6;2;10314893712;B
20240508;101400;1923.2;61;10314893752;S
20240508;101400;1923.2;6;10314893779;S
20240508;101400;1923.2;1;10314893780;S
20240508;101400;1923;20;10314893781;S
20240508;101400;1923;4;10314893782;S
20240508;101400;1923;1;10314893783;S
20240508;101400;1923;10;10314893784;S
20240508;101400;1923;16;10314893785;S
20240508;101400;1923;1;10314893786;S
20240508;101400;1923;1;10314893787;S
20240508;101400;1923;5;10314893788;S
20240508;101400;1923;10;10314893789;S
20240508;101400;1923;24;10314893790;S
20240508;101400;1923;40;10314893794;S
20240508;101400;1923;38;10314893795;S
20240508;101400;1923;3;10314893796;S
20240508;101400;1923;33;10314893798;S
20240508;101400;1923;17;10314893799;S
20240508;101400;1923;3;10314893800;S
20240508;101400;1923;42;10314893801;S
20240508;101400;1923;1;10314893802;S
20240508;101401;1923.4;4;10314893825;B
20240508;101401;1923;1;10314893863;S
20240508;101401;1923.4;3;10314893937;B
20240508;101402;1923.2;1;10314894034;B
20240508;101403;1923;53;10314894130;S
20240508;101403;1923;34;10314894131;S
20240508;101407;1923.2;7;10314894444;B
20240508;101407;1923.4;12;10314894530;B
20240508;101408;1923;11;10314894592;S
20240508;101408;1923;2;10314894593;S
20240508;101408;1922.6;110;10314894594;S
20240508;101408;1922.6;11;10314894595;S
20240508;101412;1922.4;44;10314895091;S
20240508;101412;1923;1;10314895139;B
20240508;101413;1923;9;10314895190;B
20240508;101413;1922.4;1;10314895218;S
20240508;101413;1922.4;2;10314895237;S
20240508;101415;1922.4;40;10314895402;S
20240508;101419;1922.4;2;10314895785;S
20240508;101420;1922.4;56;10314895945;S
20240508;101420;1922.4;1;10314895946;S
20240508;101420;1922.4;40;10314895947;S
20240508;101420;1922.4;5;10314895948;S
20240508;101421;1922.2;5;10314896004;S
20240508;101421;1922.2;5;10314896005;S
20240508;101421;1922;149;10314896006;S
20240508;101422;1922.6;1;10314896138;B
20240508;101423;1922;127;10314896161;S
20240508;101424;1922.6;5;10314896301;B
20240508;101424;1922.6;7;10314896323;B
20240508;101424;1922.6;36;10314896324;B
20240508;101424;1922.8;1;10314896325;B
20240508;101424;1922.8;79;10314896326;B
20240508;101424;1923;27;10314896327;B
20240508;101425;1922.8;3;10314896458;B
20240508;101433;1922.2;15;10314897390;S
20240508;101433;1922.6;1;10314897437;B
20240508;101434;1922.2;357;10314897580;S
20240508;101437;1922.6;1;10314898015;B
20240508;101445;1922.8;3;10314898794;B
20240508;101445;1923;14;10314898800;B
20240508;101446;1922.6;2;10314898917;S
20240508;101446;1922.4;35;10314898918;S
20240508;101446;1922.4;6;10314898919;S
20240508;101447;1922.8;1;10314899149;B
20240508;101448;1922.2;24;10314899176;S
20240508;101450;1922.8;2;10314899521;B
20240508;101450;1922.2;104;10314899532;S
20240508;101450;1922.2;1;10314899533;S
20240508;101450;1922.2;30;10314899534;S
20240508;101454;1922.8;76;10314899976;B
20240508;101454;1922.8;6;10314899977;B
20240508;101454;1922.8;26;10314899978;B
20240508;101456;1922;50;10314900127;S
20240508;101458;1922.6;1;10314900340;S
20240508;101458;1922.2;35;10314900341;S
20240508;101458;1922;164;10314900342;S
20240508;101458;1922;12;10314900343;S
20240508;101458;1922.6;5;10314900357;B
20240508;101500;1922.2;6;10314900595;S
20240508;101500;1922;10;10314900596;S
20240508;101500;1922;11;10314900597;S
20240508;101500;1922;2;10314900598;S
20240508;101500;1922;11;10314900599;S
20240508;101500;1922;20;10314900600;S
20240508;101500;1922;5;10314900601;S
20240508;101500;1922;50;10314900602;S
20240508;101500;1922;7;10314900603;S
20240508;101500;1922;5;10314900604;S
20240508;101500;1922;1;10314900605;S
20240508;101500;1922;17;10314900606;S
20240508;101500;1921.8;1;10314900607;S
20240508;101500;1921.8;5;10314900608;S
20240508;101500;1921.8;9;10314900609;S
20240508;101501;1921.8;20;10314900702;B
20240508;101505;1922.2;1;10314901361;B
20240508;101506;1922.2;1;10314901649;B
20240508;101507;1922.2;10;10314901781;B
20240508;101508;1922.2;1;10314901960;B
20240508;101517;1922.2;1;10314904004;B
20240508;101518;1921.8;5;10314904070;S
20240508;101522;1921.6;2;10314904800;S
20240508;101522;1921.6;1;10314904801;S
20240508;101522;1921.6;1;10314904802;S
20240508;101522;1921.6;17;10314904803;S
20240508;101522;1921.6;29;10314904804;S
20240508;101524;1922.2;1;10314905299;B
20240508;101525;1921.8;22;10314905347;S
20240508;101526;1922.2;2;10314905515;B
20240508;101526;1922.2;3;10314905516;B
20240508;101527;1922.2;2;10314905810;B
20240508;101528;1922.2;6;10314906001;B
20240508;101529;1922.2;2;10314906170;B
20240508;101531;1922.2;1;10314906437;B
20240508;101531;1922.2;1;10314906458;B
20240508;101534;1922;1;10314907085;S
20240508;101534;1922;25;10314907086;S
20240508;101535;1922;1;10314907340;S
20240508;101536;1921.8;1;10314907516;S
20240508;101537;1921.8;4;10314907573;S
20240508;101537;1922;1;10314907722;B
20240508;101539;1921.8;1;10314908053;S
20240508;101539;1921.8;10;10314908076;S
20240508;101540;1921.8;3;10314908137;S
20240508;101541;1922;5;10314908389;B
20240508;101542;1922;14;10314908554;B
20240508;101542;1921.8;5;10314908649;S
20240508;101543;1922;2;10314908782;B
20240508;101543;1922;14;10314908890;B
20240508;101546;1922;2;10314909524;B
20240508;101547;1922;1;10314909920;B
20240508;101549;1922;14;10314910142;B
20240508;101550;1921.8;1;10314910406;S
20240508;101550;1922;1;10314910447;B
20240508;101550;1922;1;10314910457;B
20240508;101552;1921.8;1;10314910727;S
20240508;101552;1921.8;3;10314910738;S
20240508;101553;1921.8;1;10314910883;S
20240508;101553;1921.8;49;10314910906;S
20240508;101553;1921.8;33;10314910907;S
20240508;101553;1921.8;63;10314910908;S
20240508;101553;1921.6;9;10314910909;S
20240508;101553;1921.6;152;10314910910;S
20240508;101553;1921.6;5;10314910911;S
20240508;101553;1921.4;5;10314910912;S
20240508;101553;1921.2;25;10314910913;S
20240508;101553;1921.2;120;10314910914;S
20240508;101553;1921.2;10;10314910915;S
20240508;101554;1921.4;1;10314911006;S
20240508;101554;1922;1;10314911044;B
20240508;101556;1921.4;1;10314911357;S
20240508;101557;1921.4;3;10314911464;S
20240508;101558;1922;1;10314911529;B
20240508;101558;1922;1;10314911582;B
20240508;101602;1921.8;1;10314912285;B
20240508;101606;1921.8;3;10314912877;B
20240508;101606;1921.8;2;10314912983;B
20240508;101607;1921.6;1;10314913009;S
20240508;101607;1921.8;35;10314913044;B
20240508;101607;1921.8;2;10314913069;B
20240508;101608;1921.8;2;10314913152;B
20240508;101609;1921.8;14;10314913274;B
20240508;101609;1922;10;10314913275;B
20240508;101609;1922;10;10314913278;B
20240508;101609;1921.6;1;10314913336;S
20240508;101612;1922;1;10314913882;B
20240508;101617;1922;1;10314914533;B
20240508;101618;1922;1;10314914687;B
20240508;101619;1922;1;10314914954;B
20240508;101620;1922;10;10314915103;B
20240508;101620;1922;5;10314915104;B
20240508;101620;1922;10;10314915109;B
20240508;101620;1922;5;10314915150;B
20240508;101620;1922;18;10314915162;B
20240508;101620;1922;5;10314915173;B
20240508;101620;1922;2;10314915264;B
20240508;101621;1922;5;10314915310;B
20240508;101622;1922;1;10314915572;B
20240508;101622;1922;1;10314915610;B
20240508;101622;1922;1;10314915656;B
20240508;101627;1921.8;1;10314916242;S
20240508;101627;1921.8;79;10314916243;S
20240508;101627;1921.8;36;10314916244;S
20240508;101627;1921.8;140;10314916245;S
20240508;101627;1921.8;14;10314916246;S
20240508;101627;1921.6;5;10314916247;S
20240508;101627;1921.4;43;10314916248;S
20240508;101627;1921.2;2;10314916249;S
20240508;101627;1921.2;36;10314916250;S
20240508;101627;1921.6;1;10314916251;S
20240508;101627;1922;1;10314916316;B
20240508;101632;1922;23;10314917051;B
20240508;101634;1922;29;10314917298;B
20240508;101634;1922;3;10314917303;B
20240508;101634;1922;1;10314917316;B
20240508;101634;1921.8;1;10314917402;S
20240508;101637;1922;1;10314917811;B
20240508;101637;1922;1;10314917840;B
20240508;101638;1922;4;10314917889;B
20240508;101638;1922;1;10314917958;B
20240508;101638;1922;1;10314917959;B
20240508;101639;1922;4;10314918119;B
20240508;101640;1922;667;10314918344;B
20240508;101641;1921.8;1;10314918406;S
20240508;101641;1922;2;10314918521;B
20240508;101642;1922;100;10314918596;B
20240508;101643;1922;2;10314918769;B
20240508;101645;1921.8;4;10314919086;S
20240508;101645;1921.8;37;10314919087;S
20240508;101645;1921.8;20;10314919088;S
20240508;101645;1922;1;10314919094;B
20240508;101645;1921.8;7;10314919116;S
20240508;101645;1921.8;52;10314919118;S
20240508;101645;1921.8;1;10314919119;S
20240508;101645;1921.8;1;10314919120;S
20240508;101645;1921.8;2;10314919122;S
20240508;101645;1921.8;39;10314919123;S
20240508;101645;1921.8;33;10314919124;S
20240508;101645;1922;3;10314919125;B
20240508;101645;1921.8;38;10314919126;S
20240508;101645;1921.2;3;10314919127;S
20240508;101645;1921.6;33;10314919128;S
20240508;101645;1921.6;17;10314919129;S
20240508;101645;1921.6;23;10314919130;S
20240508;101645;1921.6;33;10314919132;S
20240508;101646;1922;18;10314919197;B
20240508;101647;1922;28;10314919363;B
20240508;101647;1921.6;36;10314919382;S
20240508;101647;1921.6;10;10314919384;S
20240508;101647;1921.6;33;10314919385;S
20240508;101647;1922;1;10314919523;B
20240508;101648;1922;115;10314919556;B
20240508;101648;1922;5;10314919557;B
20240508;101648;1922;4;10314919558;B
20240508;101649;1921.6;2;10314919684;S
20240508;101650;1921.6;1;10314919859;S
20240508;101651;1921.6;3;10314919967;S
20240508;101651;1922;6;10314919996;B
20240508;101651;1922;52;10314919997;B
20240508;101651;1922;14;10314920000;B
20240508;101653;1921.6;1;10314920306;S
20240508;101654;1921.4;10;10314920395;S
20240508;101656;1921.2;2;10314920620;S
20240508;101656;1921.2;131;10314920621;S
20240508;101656;1921.2;25;10314920622;S
20240508;101656;1921;1;10314920623;S
20240508;101656;1921;50;10314920624;S
20240508;101656;1921;50;10314920625;S
20240508;101656;1921;1;10314920626;S
20240508;101656;1921;4;10314920627;S
20240508;101656;1921;1;10314920628;S
20240508;101656;1921;2;10314920629;S
20240508;101656;1921;5;10314920630;S
20240508;101656;1921;20;10314920631;S
20240508;101656;1921;43;10314920632;S
20240508;101656;1921;60;10314920633;S
20240508;101656;1921;105;10314920634;S
20240508;101656;1922;6;10314920677;B
20240508;101656;1922;3;10314920699;B
20240508;101657;1921.2;5;10314920731;S
20240508;101658;1922;1;10314920993;B
20240508;101658;1921.6;10;10314921008;S
20240508;101702;1922;1;10314921650;B
20240508;101702;1921.6;10;10314921665;S
20240508;101704;1922;2;10314921907;B
20240508;101705;1922;15;10314922043;B
20240508;101706;1921.8;10;10314922371;S
20240508;101706;1922;1;10314922379;B
20240508;101706;1922;2;10314922398;B
20240508;101706;1922;2;10314922452;B
20240508;101706;1922;1;10314922476;B
20240508;101707;1922;6;10314922580;B
20240508;101707;1922;1;10314922592;B
20240508;101707;1922;1;10314922632;B
20240508;101707;1922;1;10314922645;B
20240508;101707;1922;1;10314922653;B
20240508;101707;1922;3;10314922655;B
20240508;101707;1922;1;10314922695;B
20240508;101707;1922;1;10314922706;B
20240508;101708;1922;1;10314922791;B
20240508;101708;1922;1;10314922792;B
20240508;101708;1922;1;10314922933;B
20240508;101708;1922;1;10314922950;B
20240508;101708;1922.2;4;10314922951;B
20240508;101708;1922.2;2;10314923020;B
20240508;101709;1922.2;1;10314923026;B
20240508;101709;1922.2;15;10314923134;B
20240508;101709;1922.2;13;10314923137;B
20240508;101709;1922.2;20;10314923138;B
20240508;101709;1922.2;17;10314923139;B
20240508;101709;1922.2;1;10314923140;B
20240508;101709;1922.2;1;10314923141;B
20240508;101709;1922.2;13;10314923142;B
20240508;101709;1922.4;20;10314923143;B
20240508;101709;1922.4;40;10314923144;B
20240508;101709;1922.4;25;10314923145;B
20240508;101710;1922.4;10;10314923234;S
20240508;101710;1922.8;10;10314923291;B
20240508;101710;1922.8;90;10314923292;S
20240508;101710;1922.8;10;10314923293;S
20240508;101710;1923;15;10314923329;B
20240508;101713;1923;1;10314923738;B
20240508;101714;1922.4;10;10314923775;S
20240508;101714;1923;4;10314923785;B
20240508;101718;1923;66;10314924399;B
20240508;101718;1923;100;10314924400;B
20240508;101718;1923.2;4;10314924401;B
20240508;101720;1923;2;10314924601;S
20240508;101720;1922.8;8;10314924602;S
20240508;101722;1923.4;1;10314924811;B
20240508;101722;1923.4;1;10314924842;B
20240508;101723;1923.2;10;10314925010;S
20240508;101723;1923.4;1;10314925026;B
20240508;101725;1923.2;8;10314925350;S
20240508;101725;1923;1;10314925351;B
20240508;101728;1922.6;10;10314925617;S
20240508;101730;1923;4;10314925883;B
20240508;101730;1923;1;10314925973;B
20240508;101731;1922.2;10;10314925997;S
20240508;101734;1922.6;1;10314926374;S
20240508;101734;1922.2;6;10314926375;S
20240508;101734;1922.2;3;10314926376;S
20240508;101735;1922.2;1;10314926470;S
20240508;101735;1922.2;13;10314926479;S
20240508;101735;1922.2;26;10314926480;S
20240508;101736;1922;3;10314926615;S
20240508;101736;1923;8;10314926637;B
20240508;101736;1923;3;10314926638;B
20240508;101737;1923;17;10314926696;B
20240508;101737;1923;1;10314926697;B
20240508;101737;1923;188;10314926698;B
20240508;101737;1923.2;10;10314926699;B
20240508;101737;1923.2;34;10314926700;B
20240508;101737;1923.2;13;10314926701;B
20240508;101737;1923.4;48;10314926702;B
20240508;101737;1923.4;1;10314926703;B
20240508;101737;1923.4;29;10314926704;B
20240508;101737;1923.4;50;10314926705;B
20240508;101737;1923.4;60;10314926706;B
20240508;101737;1923.4;43;10314926707;B
20240508;101737;1923.6;35;10314926708;B
20240508;101737;1923.8;90;10314926709;B
20240508;101737;1924;48;10314926710;B
20240508;101738;1923.8;1;10314926864;B
20240508;101739;1922.8;10;10314927010;S
20240508;101740;1923.8;12;10314927144;B
20240508;101742;1923;1;10314927462;B
20240508;101746;1922.6;5;10314927790;S
20240508;101747;1923;2;10314927956;B
20240508;101747;1923.2;28;10314927957;B
20240508;101749;1923.4;3;10314928194;B
20240508;101750;1922.8;1;10314928216;S
20240508;101752;1923.4;11;10314928383;B
20240508;101752;1923.4;3;10314928384;B
20240508;101753;1922.8;10;10314928463;S
20240508;101753;1923.4;7;10314928501;B
20240508;101757;1923.4;1;10314928837;B
20240508;101759;1923;1;10314928991;S
20240508;101759;1923;10;10314929007;S
20240508;101803;1923.4;1;10314929399;B
20240508;101803;1922.8;120;10314929428;S
20240508;101803;1922.8;17;10314929429;S
20240508;101803;1922.8;5;10314929430;S
20240508;101803;1922.8;33;10314929431;S
20240508;101803;1922.6;7;10314929432;S
20240508;101803;1922.6;60;10314929433;S
20240508;101803;1922.4;77;10314929434;S
20240508;101803;1923.2;17;10314929446;B
20240508;101803;1923.4;83;10314929447;B
20240508;101805;1922.4;11;10314929639;S
20240508;101805;1922.4;17;10314929640;S
20240508;101805;1922.2;21;10314929641;S
20240508;101805;1922.2;12;10314929642;S
20240508;101805;1922.4;6;10314929662;S
20240508;101805;1922.4;33;10314929664;S
20240508;101805;1922.2;20;10314929665;S
20240508;101805;1922.2;22;10314929667;S
20240508;101805;1922.2;11;10314929668;S
20240508;101805;1922.2;39;10314929670;S
20240508;101805;1922.2;27;10314929671;S
20240508;101805;1922.2;10;10314929672;S
20240508;101805;1922.4;2;10314929673;S
20240508;101805;1922.4;6;10314929674;S
20240508;101805;1922.2;27;10314929675;S
20240508;101805;1922.2;23;10314929676;S
20240508;101805;1922;3;10314929677;S
20240508;101805;1922;5;10314929678;S
20240508;101805;1922;1;10314929679;S
20240508;101805;1922;17;10314929681;S
20240508;101805;1922;26;10314929682;S
20240508;101805;1922;10;10314929703;S
20240508;101807;1922;35;10314929858;S
20240508;101807;1922;32;10314929859;S
20240508;101807;1922;2;10314929861;S
20240508;101807;1922;17;10314929864;S
20240508;101808;1923.2;5;10314929957;B
20240508;101809;1923.2;1;10314930108;B
20240508;101818;1923;1;10314931463;B
20240508;101818;1923;5;10314931464;B
20240508;101818;1923;1;10314931465;B
20240508;101821;1923.2;5;10314931884;B
20240508;101824;1923.2;12;10314932092;B
20240508;101824;1923.2;2;10314932093;B
20240508;101827;1922.8;1;10314932593;S
20240508;101827;1922.6;1;10314932594;S
20240508;101827;1923.4;1;10314932608;B
20240508;101831;1923.4;14;10314933344;B
20240508;101831;1923.4;29;10314933453;B
20240508;101835;1923.4;5;10314934232;B
20240508;101837;1923.4;3;10314934602;B
20240508;101837;1923.4;1;10314934666;B
20240508;101839;1923.4;15;10314934871;B
20240508;101840;1923.2;1;10314935010;S
20240508;101842;1923.4;65;10314935252;B
20240508;101842;1923.4;1;10314935253;B
20240508;101842;1923.4;17;10314935254;B
20240508;101842;1923.6;13;10314935255;B
20240508;101842;1923.6;32;10314935256;B
20240508;101842;1923.8;100;10314935257;B
20240508;101842;1923.8;20;10314935258;B
20240508;101842;1923.8;58;10314935259;B
20240508;101842;1923.6;6;10314935284;B
20240508;101842;1923.8;8;10314935285;B
20240508;101845;1923.4;7;10314935778;S
20240508;101847;1924;1;10314936058;B
20240508;101848;1923.4;10;10314936106;S
20240508;101853;1924;1;10314936650;B
20240508;101853;1924;1;10314936651;B
20240508;101853;1924;3;10314936652;B
20240508;101853;1924;2;10314936653;B
20240508;101853;1924;11;10314936654;B
20240508;101854;1924;9;10314936723;B
20240508;101854;1924;1;10314936724;B
20240508;101856;1924;1;10314936990;B
20240508;101856;1924;1;10314936991;B
20240508;101857;1924;10;10314937056;B
20240508;101857;1924;1;10314937145;B
20240508;101900;1924;1;10314937517;B
20240508;101901;1923.6;6;10314937680;S
20240508;101904;1924;29;10314937992;B
20240508;101905;1924;4;10314938134;B
20240508;101907;1924;1;10314938636;B
20240508;101913;1924;5;10314939558;B
20240508;101917;1923.6;14;10314940461;S
20240508;101917;1924;1;10314940503;B
20240508;101920;1924;10;10314940855;B
20240508;101925;1923.6;1;10314941441;S
20240508;101925;1923.6;21;10314941442;S
20240508;101929;1924;20;10314942024;B
20240508;101931;1924;10;10314942392;B
20240508;101932;1924;1;10314942601;B
20240508;101934;1924;1;10314942947;B
20240508;101939;1924;1;10314943585;B
20240508;101940;1923.8;14;10314943784;B
20240508;101941;1923.8;10;10314943840;B
20240508;101942;1923.6;2;10314943944;S
20240508;101942;1923.6;1;10314943945;S
20240508;101942;1923.4;1;10314943946;S
20240508;101943;1924;1;10314944057;B
20240508;101943;1924;1;10314944135;B
20240508;101948;1924;1;10314944689;B
20240508;101952;1924;12;10314945178;B
20240508;101958;1924;1;10314946038;B
20240508;102000;1924;2;10314946261;B
20240508;102002;1924;1;10314946526;B
20240508;102005;1924;1;10314946824;B
20240508;102006;1924;2;10314947031;B
20240508;102010;1924;1;10314947791;B
20240508;102012;1924;1;10314948115;B
20240508;102016;1923.8;14;10314948581;S
20240508;102016;1923.8;1;10314948582;S
20240508;102016;1923.8;35;10314948583;S
20240508;102018;1924;159;10314948964;B
20240508;102020;1924;5;10314949219;B
20240508;102020;1923.8;15;10314949236;S
20240508;102022;1924;1;10314950426;B
20240508;102023;1924;3;10314950478;B
20240508;102027;1924;1;10314951859;B
20240508;102029;1924;16;10314954073;B
20240508;102031;1924;150;10314954603;B
20240508;102031;1924;1;10314954623;B
20240508;102032;1924;2;10314954731;B
20240508;102037;1924;7;10314956595;B
20240508;102037;1924;1;10314956671;B
20240508;102041;1924;35;10314957294;B
20240508;102041;1924;40;10314957295;B
20240508;102041;1924;21;10314957296;B
20240508;102041;1924;70;10314957297;B
20240508;102041;1924;1;10314957298;B
20240508;102041;1924;1;10314957299;B
20240508;102041;1924;160;10314957300;B
20240508;102041;1924;1;10314957301;B
20240508;102041;1924;1;10314957302;B
20240508;102041;1924;1;10314957303;B
20240508;102041;1924;25;10314957304;B
20240508;102041;1924.2;33;10314957305;B
20240508;102041;1924.4;2;10314957306;B
20240508;102041;1924.4;109;10314957307;B
20240508;102041;1924;1;10314957315;S
20240508;102044;1924.8;9;10314959068;B
20240508;102044;1924.8;491;10314959073;B
20240508;102044;1924.8;9;10314959074;B
20240508;102046;1925;1;10314959287;B
20240508;102047;1925;1;10314959660;B
20240508;102050;1924.4;1;10314960815;S
20240508;102050;1925;1;10314960845;B
20240508;102050;1924.4;1;10314960857;S
20240508;102052;1924.4;1;10314961303;S
20240508;102055;1925;1;10314961716;B
20240508;102055;1925;6;10314961717;B
20240508;102056;1924.4;10;10314961814;S
20240508;102057;1924.8;1;10314962678;B
20240508;102058;1924.4;1;10314962783;S
20240508;102058;1924.4;1;10314962793;S
20240508;102101;1924.8;3;10314963027;B
20240508;102113;1924.8;1;10314967214;B
20240508;102113;1924.8;1;10314967215;B
20240508;102116;1924.8;1;10314968149;S
20240508;102116;1925;1;10314968150;B
20240508;102116;1924.8;1;10314968212;S
20240508;102118;1924.8;2;10314968983;B
20240508;102118;1924.8;7;10314969035;B
20240508;102119;1924.8;1;10314969094;B
20240508;102119;1924.4;1;10314969153;S
20240508;102122;1924.8;28;10314969781;B
20240508;102124;1924.8;5;10314970029;B
20240508;102124;1924.4;16;10314970056;S
20240508;102124;1924.4;1;10314970057;S
20240508;102124;1924.4;1;10314970059;B
20240508;102126;1924;1;10314970955;S
20240508;102127;1924;1;10314971037;S
20240508;102132;1924;15;10314973041;S
20240508;102132;1924.4;1;10314973063;B
20240508;102133;1924.4;1;10314973152;B
20240508;102138;1924.4;1;10314974712;B
20240508;102142;1924.4;1;10314975950;B
20240508;102143;1924;1;10314975964;S
20240508;102144;1924.4;2;10314976339;B
20240508;102152;1924.4;1;10314978594;B
20240508;102153;1924;3;10314978686;S
20240508;102155;1924;1;10314979035;S
20240508;102201;1924.4;5;10314980578;B
20240508;102201;1924.4;2;10314980583;B
20240508;102201;1924.4;3;10314980584;B
20240508;102202;1924.4;1;10314980823;B
20240508;102204;1924.4;6;10314981056;B
20240508;102204;1924.6;4;10314981057;B
20240508;102205;1924;13;10314981121;S
20240508;102205;1924;5;10314981122;S
20240508;102205;1924;32;10314981123;S
20240508;102205;1924;1;10314981124;S
20240508;102205;1923.8;76;10314981125;S
20240508;102205;1923.8;1;10314981126;S
20240508;102205;1923.8;1;10314981127;S
20240508;102205;1923.8;1;10314981128;S
20240508;102205;1923.8;14;10314981129;S
20240508;102205;1923.8;5;10314981130;S
20240508;102205;1923.8;61;10314981131;S
20240508;102206;1923.8;3;10314982104;S
20240508;102206;1923.8;12;10314982105;S
20240508;102206;1923.8;2;10314982106;S
20240508;102206;1923.8;1;10314982107;S
20240508;102206;1923.8;1;10314982108;S
20240508;102206;1923.8;1;10314982109;S
20240508;102206;1923.8;14;10314982110;S
20240508;102206;1923.8;1;10314982111;S
20240508;102206;1923.8;1;10314982112;S
20240508;102206;1923.8;1;10314982113;S
20240508;102206;1923.8;5;10314982114;S
20240508;102206;1923.8;1;10314982121;B
20240508;102206;1923.8;1;10314982122;B
20240508;102206;1923.8;1;10314982125;B
20240508;102206;1923.8;1;10314982126;B
20240508;102206;1923.8;5;10314982128;B
20240508;102206;1923.8;1;10314982133;B
20240508;102206;1923.8;1;10314982134;B
20240508;102206;1923.8;1;10314982135;B
20240508;102206;1923.8;5;10314982136;B
20240508;102206;1923.8;1;10314982143;B
20240508;102208;1924;2;10314982407;B
20240508;102212;1924;27;10314984609;B
20240508;102212;1924;32;10314984610;B
20240508;102212;1924.2;41;10314984611;B
20240508;102212;1923.8;1;10314984618;S
20240508;102212;1924.2;1;10314984723;B
20240508;102223;1924;1;10314989308;B
20240508;102223;1924;1;10314989363;B
20240508;102223;1923.8;1;10314989412;S
20240508;102223;1923.8;5;10314989413;S
20240508;102223;1923.8;1;10314989414;S
20240508;102223;1923.8;1;10314989415;S
20240508;102223;1923.6;1;10314989416;S
20240508;102223;1923.4;1;10314989417;S
20240508;102225;1924;3;10314990209;B
20240508;102227;1924;1;10314990896;B
20240508;102229;1924;3;10314991710;B
20240508;102231;1924;2;10314993210;B
20240508;102234;1924;1;10314994089;B
20240508;102235;1924;30;10314994550;B
20240508;102237;1924;1;10314995100;B
20240508;102237;1923.8;1;10314995151;S
20240508;102237;1923.8;5;10314995152;S
20240508;102237;1923.8;1;10314995153;S
20240508;102237;1923.8;1;10314995154;S
20240508;102237;1923.4;12;10314995155;S
20240508;102237;1923.4;7;10314995156;S
20240508;102237;1923.4;31;10314995157;S
20240508;102237;1923.2;99;10314995158;S
20240508;102237;1923;3;10314995159;S
20240508;102237;1923.8;1;10314995208;B
20240508;102237;1923.8;5;10314995209;B
20240508;102237;1923.8;1;10314995211;B
20240508;102237;1923.8;1;10314995213;B
20240508;102237;1923.8;1;10314995228;B
20240508;102237;1923.8;5;10314995229;B
20240508;102237;1923.8;1;10314995232;B
20240508;102237;1923.8;1;10314995233;B
20240508;102237;1923.8;1;10314995237;B
20240508;102239;1924;5;10314996254;B
20240508;102241;1924;1;10314996793;B
20240508;102242;1924;65;10314997077;B
20240508;102245;1924;1;10314998670;B
20240508;102247;1923.8;5;10314999845;S
20240508;102247;1923.8;1;10314999846;S
20240508;102247;1923.8;1;10314999847;S
20240508;102247;1923.8;1;10314999848;S
20240508;102248;1924;7;10315000185;B
20240508;102255;1924;2;10315003284;B
20240508;102303;1924;1;10315005655;B
20240508;102304;1924;1;10315007021;B
20240508;102306;1923.8;1;10315007643;S
20240508;102306;1923.8;4;10315007644;S
20240508;102307;1924;1;10315008136;B
20240508;102307;1924;1;10315008379;B
20240508;102308;1923.8;1;10315008608;S
20240508;102308;1923.8;1;10315008609;S
20240508;102308;1923.8;1;10315008610;S
20240508;102308;1923.8;1;10315008611;S
20240508;102308;1923.8;2;10315008612;S
20240508;102308;1923.8;7;10315008613;S
20240508;102309;1924;6;10315008731;B
20240508;102315;1924;3;10315011218;B
20240508;102315;1924;15;10315011255;B
20240508;102317;1923.8;1;10315012348;S
20240508;102317;1924;1;10315012747;B
20240508;102319;1923.8;10;10315013267;S
20240508;102322;1924;3;10315014076;B
20240508;102324;1924;1;10315014687;B
20240508;102325;1923.8;5;10315015034;S
20240508;102325;1923.8;21;10315015060;S
20240508;102327;1924;15;10315015595;B
20240508;102328;1924;8;10315016490;B
20240508;102328;1924;5;10315016491;B
20240508;102328;1924;1;10315016492;B
20240508;102331;1923.8;152;10315017801;S
20240508;102332;1924;4;10315018195;B
20240508;102332;1924;1;10315018196;B
20240508;102332;1924;1;10315018294;B
20240508;102333;1924;8;10315018399;B
20240508;102333;1924;1;10315018400;B
20240508;102333;1924;2;10315018401;B
20240508;102333;1924.2;3;10315018402;B
20240508;102342;1924.2;1;10315021343;B
20240508;102343;1924.2;5;10315021401;B
20240508;102344;1924.2;2;10315021685;B
20240508;102344;1924;5;10315021689;S
20240508;102344;1924;43;10315021690;S
20240508;102344;1924;5;10315021691;S
20240508;102346;1924;3;10315022071;S
20240508;102348;1924.2;8;10315022231;B
20240508;102348;1924.2;6;10315022232;B
20240508;102349;1924.2;1;10315023039;B
20240508;102350;1924.2;1;10315023578;B
