<DATE>;<TIME>;<LAST>;<VOL>;<ID>;<OPER>
20240528;095937;1943.6;2;10500114801;S
20240528;095937;1943.6;1;10500114802;S
20240528;095937;1943.6;1;10500114803;S
20240528;095937;1943.6;9;10500114804;S
20240528;095937;1943.6;1;10500114805;B
20240528;095937;1943.6;10;10500114806;S
20240528;095937;1943.6;3;10500114807;B
20240528;095937;1943.6;1;10500114808;B
20240528;095937;1943.6;3;10500114809;B
20240528;095937;1943.6;1;10500114810;B
20240528;095937;1943.6;4;10500114811;B
20240528;095937;1943.6;1;10500114812;B
20240528;095937;1943.6;16;10500114813;B
20240528;095937;1943.6;5;10500114814;B
20240528;095937;1943.6;37;10500114815;B
20240528;095937;1943.6;2;10500114816;B
20240528;095937;1943.6;1;10500114817;B
20240528;095937;1943.6;5;10500114818;B
20240528;095937;1943.6;12;10500114819;B
20240528;095937;1943.6;3;10500114820;S
20240528;095937;1943.6;3;10500114821;B
20240528;095937;1943.6;10;10500114822;B
20240528;095937;1943.6;2;10500114823;B
20240528;095937;1943.6;1;10500114824;B
20240528;095937;1943.6;1;10500114825;B
20240528;095937;1943.6;1;10500114826;B
20240528;095937;1943.6;1;10500114827;B
20240528;095937;1943.6;1;10500114828;B
20240528;095937;1943.6;2;10500114829;B
20240528;095937;1943.6;1;10500114830;S
20240528;095937;1943.6;2;10500114831;B
20240528;095937;1943.6;1;10500114832;B
20240528;095937;1943.6;34;10500114833;S
20240528;095937;1943.6;10;10500114834;B
20240528;095937;1943.6;1;10500114835;S
20240528;095937;1943.6;6;10500114836;B
20240528;095937;1943.6;36;10500114837;B
20240528;095937;1943.6;2;10500114838;B
20240528;095937;1943.6;4;10500114839;S
20240528;095937;1943.6;1;10500114840;B
20240528;095937;1943.6;28;10500114841;B
20240528;095937;1943.6;1;10500114842;B
20240528;095937;1943.6;1;10500114843;B
20240528;095937;1943.6;113;10500114844;S
20240528;095937;1943.6;1;10500114845;B
20240528;095937;1943.6;14;10500114846;S
20240528;095937;1943.6;2;10500114847;S
20240528;095937;1943.6;1;10500114848;B
20240528;095937;1943.6;5;10500114849;B
20240528;100000;1944.8;20;10500120207;S
20240528;100001;1945;10;10500120469;B
20240528;100001;1945;96;10500120529;B
20240528;100001;1945;54;10500120530;B
20240528;100001;1945;34;10500120635;B
20240528;100001;1944.8;14;10500120981;S
20240528;100001;1944.8;1;10500120982;S
20240528;100002;1945;4;10500121522;B
20240528;100002;1945;33;10500122035;B
20240528;100002;1945;5;10500122036;B
20240528;100002;1945;9;10500122037;B
20240528;100002;1945;3;10500122038;B
20240528;100002;1945;3;10500122039;B
20240528;100002;1945;11;10500122040;B
20240528;100002;1946;10;10500122085;B
20240528;100002;1946;5;10500122086;B
20240528;100003;1946.2;1;10500122211;S
20240528;100003;1947.4;77;10500122692;B
20240528;100003;1947.6;12;10500122693;B
20240528;100004;1947.8;77;10500122872;B
20240528;100004;1948;12;10500122873;B
20240528;100004;1949.2;16;10500122874;B
20240528;100004;1949.8;93;10500122875;B
20240528;100004;1949.8;62;10500122876;B
20240528;100004;1950;3;10500122877;B
20240528;100004;1950;2;10500122878;B
20240528;100004;1950;3;10500122879;B
20240528;100004;1950;94;10500122880;B
20240528;100004;1949.2;1;10500123180;B
20240528;100004;1949.4;5;10500123181;B
20240528;100004;1949;30;10500123364;B
20240528;100004;1947.6;1;10500123512;S
20240528;100005;1947.6;29;10500123656;S
20240528;100005;1949;32;10500124120;B
20240528;100005;1949;76;10500124121;B
20240528;100005;1949.2;13;10500124122;B
20240528;100005;1949.8;6;10500124123;B
20240528;100005;1950;216;10500124124;B
20240528;100005;1950;4;10500124125;B
20240528;100005;1950;3;10500124126;B
20240528;100005;1951;1;10500124127;B
20240528;100005;1951.8;78;10500124128;B
20240528;100005;1952;1;10500124129;B
20240528;100005;1952;298;10500124130;B
20240528;100005;1952;1;10500124131;B
20240528;100005;1952.2;1;10500124132;B
20240528;100005;1952.2;1;10500124133;B
20240528;100005;1952.2;1;10500124134;B
20240528;100005;1954.4;1;10500124135;B
20240528;100005;1954.4;8;10500124136;B
20240528;100005;1954.6;93;10500124137;B
20240528;100005;1954.6;129;10500124138;B
20240528;100005;1954.8;37;10500124139;B
20240528;100005;1948.6;10;10500124203;S
20240528;100005;1954.8;20;10500124327;B
20240528;100005;1947.8;1;10500124708;S
20240528;100005;1948.2;1;10500125080;B
20240528;100005;1951;1;10500125102;B
20240528;100006;1950.8;9;10500125531;S
20240528;100006;1949;10;10500125532;S
20240528;100006;1948;30;10500125533;S
20240528;100006;1950.8;1;10500125534;B
20240528;100006;1950.2;2;10500125547;B
20240528;100006;1950.2;1;10500125582;B
20240528;100006;1949.8;12;10500125686;B
20240528;100006;1948.2;5;10500125882;S
20240528;100006;1950.4;10;10500125911;B
20240528;100007;1948.8;12;10500126648;S
20240528;100007;1948.8;6;10500126649;S
20240528;100007;1950.6;5;10500126934;B
20240528;100007;1950.8;45;10500126935;B
20240528;100007;1950.6;1;10500126940;B
20240528;100007;1950.6;1;10500126962;B
20240528;100007;1949;4;10500127867;S
20240528;100007;1950.6;1;10500127871;B
20240528;100008;1950.8;2;10500128117;B
20240528;100008;1949.4;1;10500128262;S
20240528;100008;1949.4;1;10500128263;S
20240528;100008;1950.8;4;10500128264;B
20240528;100008;1950.6;26;10500128458;S
20240528;100008;1950.6;20;10500128459;S
20240528;100008;1950.8;4;10500128681;B
20240528;100008;1950.6;7;10500128691;S
20240528;100009;1950.6;5;10500128789;S
20240528;100009;1950.6;3;10500128909;S
20240528;100009;1950.8;2;10500129006;B
20240528;100009;1950.6;14;10500129304;S
20240528;100009;1949.4;6;10500129305;S
20240528;100009;1949.4;6;10500129307;S
20240528;100009;1949.2;76;10500129308;S
20240528;100009;1948.8;2;10500129309;S
20240528;100009;1944.4;186;10500129310;S
20240528;100009;1944.2;130;10500129311;S
20240528;100009;1950;3;10500129329;B
20240528;100010;1945.2;20;10500129635;S
20240528;100010;1948;46;10500129639;B
20240528;100010;1947.6;1;10500129681;B
20240528;100010;1945.4;1;10500129717;S
20240528;100010;1945.4;50;10500129789;S
20240528;100010;1948.2;2;10500129856;B
20240528;100010;1948.4;12;10500129857;B
20240528;100010;1949;6;10500129858;B
20240528;100010;1947.4;12;10500129883;S
20240528;100010;1947.2;6;10500129884;S
20240528;100010;1947.2;32;10500129885;S
20240528;100010;1949.4;1;10500129886;B
20240528;100010;1947.4;10;10500129953;B
20240528;100010;1948.2;7;10500129954;B
20240528;100010;1946.8;12;10500129987;S
20240528;100010;1946.8;7;10500129988;S
20240528;100010;1946.6;77;10500129989;S
20240528;100010;1945.6;288;10500129990;S
20240528;100010;1944.2;9;10500129991;S
20240528;100010;1943.8;7;10500129992;S
20240528;100010;1944;20;10500130007;S
20240528;100011;1944.4;1;10500130050;S
20240528;100011;1944.6;3;10500130226;S
20240528;100011;1944.2;11;10500130244;S
20240528;100011;1947;1;10500130245;B
20240528;100011;1947;10;10500130248;B
20240528;100012;1945.8;12;10500130496;S
20240528;100012;1945.4;77;10500130497;S
20240528;100012;1943.8;54;10500130498;S
20240528;100012;1944.2;58;10500130652;B
20240528;100012;1944.2;42;10500130653;B
20240528;100012;1944.2;42;10500130654;B
20240528;100012;1944.2;58;10500130656;B
20240528;100012;1945.4;12;10500130676;B
20240528;100012;1945.6;9;10500130677;B
20240528;100012;1945.8;77;10500130678;B
20240528;100013;1947.2;6;10500130747;B
20240528;100013;1947.2;9;10500130748;B
20240528;100013;1947.2;12;10500130749;B
20240528;100013;1947.2;3;10500130750;B
20240528;100014;1946;18;10500130937;B
20240528;100014;1946;82;10500130938;B
20240528;100015;1945.8;9;10500131110;S
20240528;100015;1945.8;1;10500131111;S
20240528;100015;1947.8;2;10500131249;B
20240528;100015;1945.6;3;10500131274;S
20240528;100015;1945.8;7;10500131336;S
20240528;100016;1945.6;5;10500131455;S
20240528;100017;1945.2;5;10500131535;S
20240528;100017;1945.2;5;10500131545;S
20240528;100017;1946;1;10500131593;B
20240528;100017;1944.8;10;10500131609;S
20240528;100017;1944.8;2;10500131624;S
20240528;100017;1944.8;1;10500131625;S
20240528;100017;1944.6;2;10500131626;S
20240528;100017;1944.8;10;10500131649;S
20240528;100018;1944.2;10;10500131717;S
20240528;100018;1944.2;5;10500131816;S
20240528;100018;1944.2;5;10500131852;S
20240528;100019;1943.8;5;10500131896;S
20240528;100019;1943.8;1;10500131916;S
20240528;100019;1943.8;4;10500131917;S
20240528;100019;1944;5;10500131922;S
20240528;100019;1944;10;10500131923;S
20240528;100019;1943.8;5;10500132028;S
20240528;100019;1944;1;10500132085;S
20240528;100019;1943.8;9;10500132086;S
20240528;100019;1943.8;5;10500132207;S
20240528;100020;1943.8;10;10500132249;S
20240528;100020;1944.6;3;10500132292;B
20240528;100020;1944.8;3;10500132293;B
20240528;100020;1945;1;10500132294;B
20240528;100020;1943.8;10;10500132329;S
20240528;100020;1945;11;10500132489;B
20240528;100020;1943.8;5;10500132525;S
20240528;100020;1943.8;5;10500132537;S
20240528;100021;1943.8;50;10500132586;S
20240528;100021;1943.8;50;10500132587;S
20240528;100021;1943.8;21;10500132589;S
20240528;100021;1943.6;29;10500132590;S
20240528;100021;1943.6;5;10500132593;S
20240528;100021;1943.8;4;10500132651;S
20240528;100021;1943.6;1;10500132652;S
20240528;100021;1943.6;8;10500132654;S
20240528;100021;1943.6;5;10500132657;S
20240528;100021;1943.8;10;10500132717;S
20240528;100021;1943.6;5;10500132749;S
20240528;100021;1943.6;10;10500132817;S
20240528;100021;1944.6;1;10500132825;B
20240528;100021;1944.8;8;10500132826;B
20240528;100022;1943.6;5;10500132917;S
20240528;100022;1945.2;2;10500133055;B
20240528;100022;1943.8;5;10500133074;S
20240528;100022;1943.8;5;10500133129;S
20240528;100023;1944;5;10500133254;S
20240528;100023;1944;5;10500133275;S
20240528;100023;1943.6;5;10500133345;S
20240528;100023;1944.2;60;10500133401;B
20240528;100023;1944.2;1;10500133402;B
20240528;100024;1943.8;12;10500133496;B
20240528;100024;1943.8;13;10500133497;B
20240528;100024;1943.8;1;10500133511;B
20240528;100027;1943.8;13;10500134176;B
20240528;100027;1943.8;4;10500134177;B
20240528;100027;1943.8;20;10500134336;B
20240528;100027;1943.6;5;10500134390;S
20240528;100028;1943.6;5;10500134406;S
20240528;100031;1943.8;1;10500135280;B
20240528;100031;1943.6;50;10500135322;S
20240528;100031;1943.6;50;10500135323;S
20240528;100032;1943.6;1;10500135644;S
20240528;100034;1943.8;1;10500136034;B
20240528;100036;1943.6;5;10500136340;S
20240528;100036;1943.6;5;10500136348;S
20240528;100036;1943.8;30;10500136561;B
20240528;100037;1943.8;1;10500136804;B
20240528;100038;1943.8;2;10500136942;B
20240528;100038;1943.8;40;10500136972;B
20240528;100038;1943.8;1;10500137070;B
20240528;100038;1943.8;30;10500137147;B
20240528;100039;1943.8;5;10500137381;B
20240528;100040;1943.6;48;10500137493;S
20240528;100040;1943.6;8;10500137494;S
20240528;100040;1943.6;7;10500137495;S
20240528;100040;1943.6;21;10500137496;S
20240528;100040;1943.6;16;10500137497;S
20240528;100040;1943.6;1;10500137528;B
20240528;100041;1943.6;22;10500137779;B
20240528;100041;1943.4;50;10500137984;S
20240528;100041;1943.4;27;10500137985;S
20240528;100041;1943.4;23;10500137986;S
20240528;100042;1943.6;42;10500138210;B
20240528;100042;1943.6;3;10500138211;B
20240528;100042;1943.8;3;10500138212;B
20240528;100047;1945.6;12;10500139096;B
20240528;100047;1945.8;6;10500139097;B
20240528;100048;1946.4;2;10500139304;B
20240528;100051;1945.8;32;10500140124;S
20240528;100051;1945;12;10500140125;S
20240528;100051;1944.6;6;10500140126;S
20240528;100051;1944.4;12;10500140135;S
20240528;100051;1944;38;10500140136;S
20240528;100052;1946;77;10500140236;B
20240528;100052;1946.2;12;10500140237;B
20240528;100052;1946.2;9;10500140238;B
20240528;100052;1947.6;4;10500140239;B
20240528;100052;1947.6;44;10500140240;B
20240528;100052;1947.8;54;10500140241;B
20240528;100054;1946.4;27;10500141408;B
20240528;100055;1946.4;4;10500141570;B
20240528;100055;1946;1;10500141596;S
20240528;100056;1946.4;32;10500141849;B
20240528;100059;1946.6;1;10500142612;B
20240528;100059;1946.6;11;10500142616;B
20240528;100059;1946.6;77;10500142617;B
20240528;100059;1947.6;9;10500142618;B
20240528;100059;1948;3;10500142619;B
20240528;100100;1947.4;4;10500143181;B
20240528;100101;1946.6;9;10500143400;S
20240528;100101;1946.6;41;10500143401;S
20240528;100104;1946.4;1;10500144152;S
20240528;100107;1947;60;10500144980;S
20240528;100107;1946.8;11;10500144981;S
20240528;100107;1946.6;8;10500144982;S
20240528;100107;1946.4;8;10500144983;S
20240528;100107;1946.4;12;10500144984;S
20240528;100107;1946.2;77;10500144985;S
20240528;100107;1945.4;129;10500144986;S
20240528;100107;1945.4;54;10500144987;S
20240528;100107;1945.4;78;10500144988;S
20240528;100107;1945.2;600;10500144989;S
20240528;100107;1945.2;55;10500144990;S
20240528;100107;1944;6;10500144991;S
20240528;100107;1944;120;10500144992;S
20240528;100107;1943.8;12;10500144993;S
20240528;100107;1943.8;5;10500144994;S
20240528;100107;1943.8;4;10500144995;S
20240528;100107;1943.2;20;10500144996;S
20240528;100107;1943.2;73;10500144997;S
20240528;100107;1943;2;10500144998;S
20240528;100107;1943;1;10500144999;S
20240528;100107;1943;1;10500145000;S
20240528;100107;1942.8;10;10500145001;S
20240528;100107;1942.8;50;10500145002;S
20240528;100107;1942.8;1;10500145003;S
20240528;100107;1942.8;20;10500145004;S
20240528;100107;1942.6;1;10500145005;S
20240528;100107;1942.6;1;10500145006;S
20240528;100107;1942.6;1;10500145007;S
20240528;100107;1942.6;80;10500145008;S
20240528;100107;1942.6;1;10500145009;S
20240528;100107;1942.6;1;10500145010;S
20240528;100107;1942.6;3;10500145011;S
20240528;100107;1942.6;5;10500145012;S
20240528;100107;1942.6;2;10500145013;S
20240528;100107;1942.6;50;10500145014;S
20240528;100107;1942.6;2;10500145015;S
20240528;100107;1942.6;2;10500145016;S
20240528;100107;1942.6;1;10500145017;S
20240528;100107;1942.6;2;10500145018;S
20240528;100108;1943;100;10500145398;B
20240528;100108;1943.2;11;10500145399;B
20240528;100108;1943.4;12;10500145400;B
20240528;100108;1943.4;77;10500145401;B
20240528;100108;1943.6;9;10500145402;B
20240528;100108;1944;55;10500145403;B
20240528;100108;1944.6;90;10500145404;B
20240528;100108;1945;365;10500145405;B
20240528;100109;1945.6;9;10500145512;B
20240528;100109;1945.6;5;10500145513;B
20240528;100110;1945.6;3;10500145721;B
20240528;100110;1945.6;3;10500145748;B
20240528;100110;1945.6;1;10500145753;B
20240528;100110;1945.8;3;10500145754;B
20240528;100110;1945.8;3;10500145755;B
20240528;100110;1945.8;1;10500145756;B
20240528;100110;1945.8;3;10500145757;B
20240528;100110;1945.8;1;10500145758;B
20240528;100110;1946;2;10500145759;B
20240528;100110;1946;8;10500145764;B
20240528;100110;1946;3;10500145773;B
20240528;100110;1946;3;10500145774;B
20240528;100110;1946;3;10500145775;B
20240528;100110;1946;6;10500145776;B
20240528;100110;1946;2;10500145778;B
20240528;100110;1946;4;10500145784;B
20240528;100110;1946;3;10500145785;B
20240528;100110;1946;1;10500145786;B
20240528;100110;1946;4;10500145791;B
20240528;100110;1946.4;8;10500145792;B
20240528;100110;1946.4;3;10500145794;B
20240528;100110;1946.4;3;10500145795;B
20240528;100110;1946.4;3;10500145796;B
20240528;100110;1946.4;7;10500145797;B
20240528;100110;1946.4;3;10500145799;B
20240528;100110;1946.4;3;10500145801;B
20240528;100110;1946.4;3;10500145802;B
20240528;100110;1946.4;3;10500145803;B
20240528;100110;1946.4;2;10500145804;B
20240528;100110;1946.4;12;10500145805;B
20240528;100110;1946.4;8;10500145807;B
20240528;100110;1946.4;3;10500145808;B
20240528;100110;1946.4;2;10500145809;B
20240528;100110;1946.4;2;10500145810;B
20240528;100110;1946.4;3;10500145811;B
20240528;100110;1946.4;4;10500145812;B
20240528;100110;1946.4;8;10500145813;B
20240528;100110;1947.2;9;10500145814;B
20240528;100110;1947.2;5;10500145815;B
20240528;100110;1947;10;10500145816;B
20240528;100110;1947;2;10500145817;B
20240528;100110;1946.8;4;10500145818;B
20240528;100110;1946.8;4;10500145819;B
20240528;100110;1946.8;2;10500145820;B
20240528;100110;1946.8;5;10500145821;B
20240528;100110;1946.6;2;10500145822;B
20240528;100110;1946.6;4;10500145823;B
20240528;100110;1946.6;2;10500145824;B
20240528;100110;1946.6;4;10500145825;B
20240528;100110;1946.8;2;10500145826;B
20240528;100110;1946.8;9;10500145827;B
20240528;100110;1946.8;3;10500145828;B
20240528;100110;1946.8;2;10500145829;B
20240528;100110;1946.8;5;10500145830;B
20240528;100110;1946.8;3;10500145831;B
20240528;100110;1946.8;4;10500145832;B
20240528;100110;1946.8;1;10500145833;B
20240528;100110;1946.8;4;10500145834;B
20240528;100110;1946.8;3;10500145835;B
20240528;100110;1946.8;4;10500145836;B
20240528;100110;1946.8;4;10500145837;B
20240528;100110;1946.8;3;10500145838;B
20240528;100110;1947;10;10500145875;B
20240528;100111;1945.8;12;10500146089;S
20240528;100111;1945.8;27;10500146090;S
20240528;100111;1946.2;9;10500146094;S
20240528;100111;1946;11;10500146095;S
20240528;100112;1947;2;10500146198;B
20240528;100112;1947;3;10500146200;B
20240528;100112;1947;1;10500146201;B
20240528;100112;1947;5;10500146202;B
20240528;100112;1947;1;10500146203;B
20240528;100112;1947;1;10500146204;B
20240528;100112;1947;4;10500146205;B
20240528;100112;1947;11;10500146215;B
20240528;100112;1947;3;10500146217;B
20240528;100112;1947;2;10500146218;B
20240528;100112;1947;3;10500146219;B
20240528;100112;1947;4;10500146220;B
20240528;100112;1947;3;10500146222;B
20240528;100112;1947;5;10500146223;B
20240528;100112;1947.2;3;10500146227;B
20240528;100112;1947.2;3;10500146231;B
20240528;100112;1947.2;4;10500146232;B
20240528;100112;1947.2;3;10500146233;B
20240528;100112;1947.2;6;10500146234;B
20240528;100112;1947.2;4;10500146235;B
20240528;100112;1947.2;5;10500146236;B
20240528;100112;1947.2;4;10500146238;B
20240528;100112;1947.2;5;10500146239;B
20240528;100112;1947.2;3;10500146241;B
20240528;100112;1947.2;6;10500146248;B
20240528;100112;1947.2;3;10500146249;B
20240528;100112;1947.2;3;10500146250;B
20240528;100112;1947.2;3;10500146251;B
20240528;100112;1947.2;3;10500146252;B
20240528;100112;1947.2;2;10500146253;B
20240528;100112;1947.6;6;10500146254;B
20240528;100112;1947.6;3;10500146255;B
20240528;100112;1947.6;3;10500146256;B
20240528;100112;1947.6;3;10500146257;B
20240528;100112;1947.6;3;10500146258;B
20240528;100112;1947.6;2;10500146259;B
20240528;100112;1947.6;15;10500146260;B
20240528;100112;1947.6;9;10500146261;B
20240528;100112;1947.4;25;10500146262;B
20240528;100112;1947.4;3;10500146263;B
20240528;100112;1947.4;2;10500146264;B
20240528;100112;1947.4;8;10500146265;B
20240528;100112;1947.4;24;10500146266;B
20240528;100112;1947.6;14;10500146267;B
20240528;100112;1947.4;2;10500146268;B
20240528;100112;1947.4;4;10500146269;B
20240528;100112;1947.4;4;10500146270;B
20240528;100112;1947.4;9;10500146271;B
20240528;100112;1947.4;3;10500146272;B
20240528;100112;1947.4;7;10500146273;B
20240528;100112;1947.4;1;10500146274;B
20240528;100112;1947.4;3;10500146275;B
20240528;100113;1947.6;1;10500146448;B
20240528;100117;1947.8;1;10500147281;B
20240528;100117;1947.8;9;10500147366;B
20240528;100119;1948.4;1;10500147722;B
20240528;100119;1948.2;32;10500147777;B
20240528;100121;1947.6;17;10500148313;S
20240528;100121;1947.6;8;10500148326;S
20240528;100121;1947.6;6;10500148327;S
20240528;100121;1948.2;6;10500148353;B
20240528;100121;1948.4;15;10500148354;B
20240528;100121;1948.4;9;10500148355;B
20240528;100121;1947.4;11;10500148394;S
20240528;100121;1947.2;78;10500148395;S
20240528;100121;1947.2;8;10500148396;S
20240528;100121;1947;3;10500148397;S
20240528;100123;1946.4;3;10500148641;S
20240528;100123;1946.4;11;10500148642;S
20240528;100127;1946;1;10500149483;S
20240528;100127;1945.8;2;10500149484;S
20240528;100127;1945.6;5;10500149485;S
20240528;100127;1945.4;6;10500149486;S
20240528;100127;1945.2;78;10500149487;S
20240528;100127;1945.2;11;10500149488;S
20240528;100127;1945.2;47;10500149489;S
20240528;100129;1945.6;1;10500149962;B
20240528;100131;1944.6;7;10500150389;S
20240528;100131;1944.4;6;10500150390;S
20240528;100131;1943.8;11;10500150393;S
20240528;100131;1943.8;20;10500150394;S
20240528;100132;1943.8;10;10500150571;S
20240528;100135;1943.6;4;10500151160;S
20240528;100135;1944;1;10500151228;B
20240528;100139;1944.8;1;10500151762;B
20240528;100139;1944.8;4;10500151843;B
20240528;100141;1944.8;6;10500152321;B
20240528;100141;1945;34;10500152322;S
20240528;100141;1945;3;10500152385;B
20240528;100141;1945;8;10500152444;B
20240528;100141;1945.2;8;10500152445;B
20240528;100141;1945.2;6;10500152446;B
20240528;100141;1945;11;10500152449;B
20240528;100141;1945.2;8;10500152450;B
20240528;100141;1945;10;10500152457;B
20240528;100141;1945.2;13;10500152458;B
20240528;100142;1944.2;8;10500152692;S
20240528;100142;1944;9;10500152693;S
20240528;100142;1943.8;15;10500152699;S
20240528;100142;1943.8;5;10500152700;S
20240528;100143;1943.8;5;10500152746;S
20240528;100144;1943.8;1;10500153080;S
20240528;100144;1943.6;3;10500153081;S
20240528;100145;1943.6;17;10500153263;S
20240528;100145;1943.4;11;10500153264;S
20240528;100145;1943.2;19;10500153265;S
20240528;100145;1944.4;5;10500153301;B
20240528;100147;1944.4;3;10500153525;B
20240528;100147;1944.4;2;10500153526;B
20240528;100152;1943.8;14;10500154485;S
20240528;100152;1943.8;1;10500154497;S
20240528;100152;1943.6;8;10500154498;S
20240528;100152;1943.4;5;10500154499;S
20240528;100154;1944;11;10500154787;B
20240528;100154;1944;8;10500154788;B
20240528;100154;1944.2;1;10500154789;B
20240528;100154;1944.2;78;10500154790;B
20240528;100154;1944.4;77;10500154791;B
20240528;100154;1944.8;55;10500154792;B
20240528;100154;1945;270;10500154793;S
20240528;100154;1945;9;10500154858;B
20240528;100154;1945;12;10500154859;B
20240528;100154;1945;2;10500154860;B
20240528;100156;1944.6;13;10500155162;S
20240528;100156;1943.8;9;10500155163;S
20240528;100156;1943.8;12;10500155164;S
20240528;100156;1943.6;16;10500155165;S
20240528;100201;1944;1;10500156102;B
20240528;100201;1944;1;10500156157;B
20240528;100203;1944;1;10500156372;B
20240528;100204;1943.4;2;10500156571;S
20240528;100205;1943.4;17;10500156681;S
20240528;100205;1943.4;13;10500156682;S
20240528;100205;1943.4;17;10500156683;S
20240528;100205;1944;9;10500156736;B
20240528;100205;1944.2;62;10500156737;B
20240528;100205;1944.2;8;10500156738;B
20240528;100205;1944.4;100;10500156739;B
20240528;100205;1944.8;100;10500156740;B
20240528;100205;1945;9;10500156741;B
20240528;100205;1945.4;55;10500156742;B
20240528;100205;1945.4;53;10500156743;B
20240528;100210;1946.2;1;10500157719;B
20240528;100211;1946;6;10500157900;B
20240528;100211;1946.2;153;10500157901;B
20240528;100214;1944.8;7;10500158400;S
20240528;100214;1944.8;8;10500158401;S
20240528;100214;1944.8;12;10500158402;S
20240528;100216;1945;7;10500158622;S
20240528;100216;1944.8;113;10500158623;S
20240528;100218;1946;1;10500158887;B
20240528;100225;1946;6;10500159907;B
20240528;100225;1946;2;10500159908;B
20240528;100225;1946;1;10500159942;B
20240528;100225;1944.8;4;10500159953;S
20240528;100225;1944.8;4;10500159954;S
20240528;100225;1944.6;10;10500159955;S
20240528;100225;1944.6;6;10500159956;S
20240528;100225;1944.8;6;10500159960;S
20240528;100225;1944.8;8;10500159961;S
20240528;100225;1944.6;3;10500159962;S
20240528;100225;1945.6;2;10500159997;B
20240528;100226;1945.6;1;10500160137;B
20240528;100230;1945;1;10500160669;S
20240528;100230;1944.6;2;10500160670;S
20240528;100230;1945.2;1;10500160696;B
20240528;100231;1945.2;9;10500160916;B
20240528;100231;1945.4;6;10500160917;B
20240528;100234;1944.4;7;10500161416;S
20240528;100234;1944.4;1;10500161417;S
20240528;100234;1945;9;10500161427;B
20240528;100234;1945;5;10500161428;B
20240528;100234;1945;3;10500161518;B
20240528;100234;1945.2;7;10500161519;B
20240528;100236;1945.8;40;10500161835;B
20240528;100236;1945.6;8;10500161853;B
20240528;100237;1945;4;10500161870;S
20240528;100237;1944.8;1;10500161871;S
20240528;100237;1944.4;5;10500161872;S
20240528;100237;1944.4;3;10500161875;S
20240528;100237;1944.4;21;10500161876;S
20240528;100240;1945.4;8;10500162527;B
20240528;100240;1945.4;2;10500162528;B
20240528;100241;1945.4;43;10500162600;S
20240528;100243;1944.8;52;10500163144;B
20240528;100243;1944.8;28;10500163145;B
20240528;100243;1945;77;10500163146;B
20240528;100243;1945.4;8;10500163147;B
20240528;100243;1945.8;78;10500163148;B
20240528;100243;1945.8;25;10500163149;B
20240528;100243;1945.8;171;10500163150;B
20240528;100243;1946;11;10500163151;B
20240528;100244;1945.4;20;10500163222;B
20240528;100246;1944.4;9;10500163560;S
20240528;100246;1944.2;1;10500163561;S
20240528;100246;1945.2;1;10500163562;B
20240528;100246;1944.4;7;10500163563;S
20240528;100246;1944.2;11;10500163564;S
20240528;100246;1944.2;3;10500163565;S
20240528;100246;1945.2;4;10500163575;B
20240528;100247;1945.4;8;10500163768;B
20240528;100248;1945.4;1;10500164081;B
20240528;100248;1945.4;4;10500164082;B
20240528;100250;1944.4;8;10500164523;S
20240528;100250;1944.4;12;10500164524;S
20240528;100250;1944.4;50;10500164525;S
20240528;100250;1944.2;183;10500164526;S
20240528;100250;1944;2;10500164527;S
20240528;100250;1944;5;10500164528;S
20240528;100250;1944;77;10500164529;S
20240528;100250;1943.8;23;10500164530;S
20240528;100250;1943.8;90;10500164531;S
20240528;100250;1943.6;55;10500164532;S
20240528;100250;1943.4;185;10500164533;S
20240528;100250;1943.4;6;10500164534;S
20240528;100250;1943.2;804;10500164535;S
20240528;100251;1943.8;5;10500164678;B
20240528;100253;1943.8;5;10500164889;B
20240528;100256;1943.6;2;10500165438;B
20240528;100257;1944;52;10500165626;B
20240528;100258;1944.2;7;10500165924;B
20240528;100304;1943.2;37;10500166938;S
20240528;100304;1943.2;27;10500166939;S
20240528;100305;1943.4;1;10500167125;B
20240528;100306;1943.2;1;10500167332;S
20240528;100306;1943.2;12;10500167333;S
20240528;100306;1943.4;5;10500167426;B
20240528;100307;1943.4;1;10500167541;B
20240528;100309;1943;1;10500167824;S
20240528;100309;1943;117;10500167881;S
20240528;100309;1943;20;10500167882;S
20240528;100309;1942.6;8;10500167976;S
20240528;100309;1942.6;15;10500167977;S
20240528;100309;1942.6;61;10500167978;S
20240528;100309;1942.6;1;10500167979;S
20240528;100309;1942.6;1;10500167980;S
20240528;100309;1942.6;1;10500167981;S
20240528;100309;1942.4;4;10500167982;S
20240528;100310;1942;25;10500168047;S
20240528;100310;1942;10;10500168048;S
20240528;100310;1942;1;10500168049;S
20240528;100310;1942;2;10500168050;S
20240528;100310;1942;1;10500168051;S
20240528;100310;1942;2;10500168052;S
20240528;100310;1942;4;10500168053;S
20240528;100310;1941.4;1;10500168066;S
20240528;100310;1941;1;10500168067;S
20240528;100310;1941;1;10500168068;S
20240528;100310;1941;1;10500168069;S
20240528;100310;1940.6;77;10500168070;S
20240528;100310;1940.6;10;10500168071;S
20240528;100310;1940.4;14;10500168072;S
20240528;100310;1940.2;20;10500168073;S
20240528;100310;1940.2;50;10500168074;S
20240528;100310;1940;1;10500168075;S
20240528;100310;1940;1;10500168076;S
20240528;100310;1940;5;10500168077;S
20240528;100310;1940;4;10500168078;S
20240528;100310;1940;1;10500168079;S
20240528;100310;1940;3;10500168080;S
20240528;100310;1940;5;10500168081;S
20240528;100310;1940;1;10500168082;S
20240528;100310;1940;4;10500168083;S
20240528;100310;1940.2;10;10500168085;S
20240528;100310;1940;2;10500168118;S
20240528;100310;1940.2;1;10500168119;B
20240528;100310;1940;1;10500168128;S
20240528;100310;1940;1;10500168129;S
20240528;100310;1940;6;10500168130;S
20240528;100310;1940;2;10500168131;S
20240528;100310;1940.2;9;10500168152;B
20240528;100310;1940.2;6;10500168179;B
20240528;100310;1940;2;10500168204;S
20240528;100311;1940.2;1;10500168223;B
20240528;100311;1940;6;10500168224;S
20240528;100311;1940;1;10500168225;S
20240528;100311;1940;4;10500168226;S
20240528;100311;1940;9;10500168227;S
20240528;100311;1940.2;1;10500168284;B
20240528;100311;1940;6;10500168285;S
20240528;100311;1940;29;10500168289;S
20240528;100311;1940;7;10500168306;S
20240528;100311;1940;25;10500168316;S
20240528;100313;1940;24;10500168534;S
20240528;100313;1940;1;10500168535;S
20240528;100313;1940;1;10500168536;S
20240528;100313;1940;474;10500168537;S
20240528;100313;1940.2;1;10500168664;B
20240528;100314;1940.2;71;10500168766;B
20240528;100314;1940.2;100;10500168767;B
20240528;100314;1940.2;9;10500168768;B
20240528;100314;1940.2;55;10500168769;B
20240528;100314;1940.4;29;10500168770;B
20240528;100314;1940.4;36;10500168771;B
20240528;100314;1940;26;10500168803;S
20240528;100314;1940;1;10500168804;S
20240528;100315;1940.2;1;10500169002;B
20240528;100316;1940.2;20;10500169125;B
20240528;100316;1940;24;10500169161;S
20240528;100316;1940;1;10500169162;S
20240528;100316;1940;1;10500169163;S
20240528;100316;1940;1;10500169164;S
20240528;100316;1939.8;25;10500169165;S
20240528;100316;1939.8;8;10500169166;S
20240528;100316;1939.6;9;10500169167;S
20240528;100316;1939.2;1;10500169168;S
20240528;100316;1939;2;10500169169;S
20240528;100316;1939;1;10500169170;S
20240528;100316;1939;1;10500169171;S
20240528;100316;1938.6;12;10500169172;S
20240528;100316;1938.4;77;10500169173;S
20240528;100316;1938;1;10500169174;S
20240528;100316;1937.8;36;10500169175;S
20240528;100316;1938.6;4;10500169177;S
20240528;100316;1937.6;4;10500169178;S
20240528;100316;1937.4;5;10500169179;S
20240528;100316;1936.2;92;10500169180;B
20240528;100316;1936.8;32;10500169187;B
20240528;100316;1936;1;10500169255;S
20240528;100316;1936;1;10500169256;S
20240528;100316;1936;24;10500169263;S
20240528;100316;1936;2;10500169264;S
20240528;100316;1936;25;10500169265;S
20240528;100316;1936;70;10500169271;S
20240528;100316;1936;7;10500169272;S
20240528;100317;1936.8;43;10500169292;B
20240528;100317;1936.8;1;10500169379;B
20240528;100317;1936.2;8;10500169453;S
20240528;100317;1936;2;10500169454;S
20240528;100319;1937;1;10500169717;B
20240528;100320;1937;1;10500170021;B
20240528;100321;1937;4;10500170120;B
20240528;100322;1937;12;10500170395;B
20240528;100322;1937;5;10500170396;B
20240528;100322;1937;5;10500170397;B
20240528;100322;1937.4;1;10500170552;B
20240528;100323;1937;52;10500170905;S
20240528;100323;1937;1;10500170906;S
20240528;100323;1936.6;6;10500170907;S
20240528;100323;1936.4;12;10500170908;S
20240528;100323;1936.4;129;10500170909;S
20240528;100323;1936.2;1;10500170910;S
20240528;100323;1936.2;78;10500170911;S
20240528;100323;1936.2;50;10500170912;S
20240528;100323;1936.2;77;10500170913;S
20240528;100323;1936;1;10500170914;S
20240528;100323;1935.8;22;10500170915;S
20240528;100323;1935.6;55;10500170916;S
20240528;100323;1935.4;1;10500170917;S
20240528;100323;1935.4;24;10500170918;S
20240528;100323;1935.2;600;10500170919;S
20240528;100323;1935;1;10500170920;S
20240528;100323;1935;3;10500170921;S
20240528;100323;1935;2;10500170922;S
20240528;100323;1935;1;10500170923;S
20240528;100323;1935;250;10500170924;S
20240528;100323;1935;1;10500170925;S
20240528;100323;1933.2;37;10500170926;S
20240528;100323;1933;1;10500170927;S
20240528;100323;1933;81;10500170928;S
20240528;100323;1934;4;10500170940;B
20240528;100323;1933.2;28;10500170942;S
20240528;100323;1933;4;10500170943;S
20240528;100323;1932.8;1;10500170944;S
20240528;100323;1932.8;78;10500170945;S
20240528;100323;1932.6;17;10500170946;S
20240528;100323;1932.8;10;10500170983;S
20240528;100324;1933.2;10;10500171041;S
20240528;100324;1934;5;10500171047;B
20240528;100324;1934;12;10500171048;B
20240528;100324;1934;33;10500171049;B
20240528;100324;1933.2;2;10500171050;S
20240528;100324;1933.8;10;10500171059;B
20240528;100324;1933.2;1;10500171090;S
20240528;100325;1933.8;2;10500171175;B
20240528;100325;1934;3;10500171176;B
20240528;100325;1933.8;1;10500171241;B
20240528;100325;1933.2;2;10500171401;S
20240528;100326;1933.8;10;10500171488;B
20240528;100327;1933.2;3;10500171663;S
20240528;100329;1933.2;3;10500172363;B
20240528;100329;1933.4;5;10500172367;B
20240528;100329;1933.4;9;10500172368;B
20240528;100329;1933.4;30;10500172369;B
20240528;100329;1933.6;77;10500172370;B
20240528;100329;1933.6;9;10500172371;B
20240528;100329;1934;5;10500172372;B
20240528;100329;1934;55;10500172373;B
20240528;100329;1934.2;90;10500172374;B
20240528;100329;1934.4;120;10500172375;B
20240528;100333;1934.2;12;10500173212;S
20240528;100333;1934;9;10500173213;S
20240528;100333;1934;6;10500173214;S
20240528;100333;1934;10;10500173215;S
20240528;100338;1934;62;10500174821;S
20240528;100338;1934;9;10500174822;S
20240528;100340;1934;78;10500175231;S
20240528;100340;1933.8;5;10500175232;S
20240528;100340;1933.8;1;10500175233;S
20240528;100340;1933.8;52;10500175234;S
20240528;100340;1933.6;1;10500175235;S
20240528;100341;1933.4;1;10500175314;B
20240528;100341;1933.2;46;10500175470;S
20240528;100342;1932.6;14;10500175917;S
20240528;100342;1932.6;14;10500175920;S
20240528;100342;1932.6;21;10500175921;S
20240528;100342;1932.6;14;10500175942;S
20240528;100342;1932.6;1;10500175943;S
20240528;100342;1932;1;10500175944;S
20240528;100342;1931.6;1;10500175945;S
20240528;100342;1931.6;3;10500175946;S
20240528;100342;1931.6;78;10500175947;S
20240528;100342;1931.4;10;10500175948;S
20240528;100342;1931.4;12;10500175949;S
20240528;100342;1931.2;129;10500175950;S
20240528;100342;1931.2;90;10500175951;S
20240528;100342;1931;250;10500175952;S
20240528;100342;1930.8;2;10500175953;S
20240528;100342;1930.6;8;10500175954;S
20240528;100342;1930.2;1;10500175955;S
20240528;100342;1930.2;12;10500175956;S
20240528;100342;1930.2;77;10500175957;S
20240528;100342;1930;1;10500175958;S
20240528;100342;1930;1;10500175959;S
20240528;100342;1930;1;10500175960;S
20240528;100342;1930;3;10500175961;S
20240528;100342;1930;1;10500175962;S
20240528;100342;1930;10;10500175963;S
20240528;100342;1930;1;10500175964;S
20240528;100342;1930;5;10500175965;S
20240528;100342;1930;1;10500175966;S
20240528;100342;1929.4;55;10500175967;S
20240528;100342;1929;10;10500175968;S
20240528;100342;1929;90;10500175969;S
20240528;100342;1929.2;25;10500175975;S
20240528;100342;1929.2;8;10500175976;S
20240528;100342;1928;77;10500175977;S
20240528;100342;1927.4;5;10500175978;S
20240528;100342;1927.2;25;10500175979;S
20240528;100342;1927;1;10500175980;S
20240528;100342;1927;51;10500175981;S
20240528;100342;1927;2;10500175982;S
20240528;100342;1927;1;10500175983;S
20240528;100342;1926.8;12;10500175984;S
20240528;100342;1926.4;129;10500175985;S
20240528;100342;1926.2;369;10500175986;S
20240528;100342;1926.8;77;10500175987;S
20240528;100342;1926.6;23;10500175988;S
20240528;100342;1926.8;100;10500175989;S
20240528;100343;1927.4;20;10500176004;S
20240528;100343;1926.8;29;10500176005;S
20240528;100343;1928;12;10500176110;B
20240528;100343;1928.2;9;10500176111;B
20240528;100343;1928.6;77;10500176112;B
20240528;100343;1929.2;24;10500176113;B
20240528;100343;1929;77;10500176114;B
20240528;100343;1928.8;12;10500176184;B
20240528;100343;1929;6;10500176185;B
20240528;100343;1930;9;10500176186;B
20240528;100343;1930;25;10500176187;B
20240528;100343;1932.4;52;10500176355;S
20240528;100343;1932;9;10500176358;S
20240528;100343;1932;69;10500176362;S
20240528;100343;1931.8;600;10500176363;S
20240528;100343;1930.6;55;10500176364;S
20240528;100343;1930;9;10500176365;S
20240528;100343;1930;1;10500176366;S
20240528;100343;1929.8;77;10500176367;S
20240528;100343;1927.6;6;10500176368;S
20240528;100343;1927.4;12;10500176369;S
20240528;100343;1926.6;4;10500176370;S
20240528;100343;1926.6;62;10500176371;S
20240528;100343;1926.6;186;10500176372;S
20240528;100343;1926.6;129;10500176373;S
20240528;100343;1926.4;120;10500176374;S
20240528;100343;1926;2;10500176375;S
20240528;100343;1926;10;10500176376;S
20240528;100343;1926;259;10500176377;S
20240528;100343;1925.8;3;10500176378;S
20240528;100343;1925.6;25;10500176379;S
20240528;100343;1925.4;365;10500176380;S
20240528;100343;1925.2;2;10500176381;S
20240528;100343;1925.2;30;10500176382;S
20240528;100343;1925.2;25;10500176383;S
20240528;100343;1925;1;10500176384;S
20240528;100343;1925;1000;10500176385;S
20240528;100343;1925;1;10500176386;S
20240528;100343;1925;1;10500176387;S
20240528;100343;1925;1;10500176388;S
20240528;100343;1925;15;10500176389;S
20240528;100343;1925;1;10500176390;S
20240528;100343;1925;4;10500176391;S
20240528;100343;1925;1;10500176392;S
20240528;100343;1925;367;10500176393;S
20240528;100343;1925;57;10500176394;S
20240528;100343;1925.4;100;10500176397;B
20240528;100343;1925.4;25;10500176398;B
20240528;100343;1925.4;75;10500176399;B
20240528;100343;1928.2;32;10500176402;B
20240528;100343;1928.4;77;10500176403;B
20240528;100343;1928.6;55;10500176404;B
20240528;100343;1929.2;600;10500176405;B
20240528;100343;1929.6;40;10500176406;B
20240528;100343;1932;6;10500176492;S
20240528;100343;1932.8;6;10500176504;B
20240528;100343;1933;77;10500176505;B
20240528;100343;1933.2;9;10500176506;B
20240528;100343;1933.2;41;10500176507;B
20240528;100343;1935;6;10500176508;B
20240528;100343;1935;2;10500176509;B
20240528;100343;1935.2;59;10500176510;B
20240528;100343;1935;15;10500176512;B
20240528;100343;1934.6;8;10500176522;S
20240528;100343;1933.8;20;10500176573;S
20240528;100343;1934;9;10500176580;S
20240528;100343;1933.8;71;10500176581;S
20240528;100344;1933.6;50;10500176750;S
20240528;100344;1934.4;1;10500176757;B
20240528;100344;1934.4;4;10500176772;B
20240528;100344;1934.4;7;10500176776;B
20240528;100344;1934.6;55;10500176777;B
20240528;100344;1934;1;10500176818;S
20240528;100346;1934.6;3;10500177266;B
20240528;100347;1934.6;9;10500177452;B
20240528;100348;1935;1;10500177579;B
20240528;100348;1934.8;5;10500177722;S
20240528;100348;1934.6;52;10500177723;S
20240528;100348;1934.4;1;10500177724;S
20240528;100348;1934.2;1;10500177725;S
20240528;100348;1934.2;9;10500177726;S
20240528;100348;1934;78;10500177727;S
20240528;100348;1934;129;10500177728;S
20240528;100348;1934;25;10500177729;S
20240528;100349;1935;9;10500177782;B
20240528;100349;1935;9;10500177783;B
20240528;100349;1935.2;2;10500177784;B
20240528;100350;1935;1;10500177991;B
20240528;100351;1935;10;10500178217;B
20240528;100353;1935.2;6;10500178906;B
20240528;100353;1935;2;10500178921;S
20240528;100353;1934.8;18;10500178922;S
20240528;100353;1934.8;17;10500178927;S
20240528;100356;1935.2;52;10500179338;B
20240528;100357;1935.2;1;10500179493;B
20240528;100357;1934.8;15;10500179501;S
20240528;100357;1934.8;20;10500179502;S
20240528;100357;1934.8;52;10500179546;B
20240528;100357;1934.6;5;10500179598;S
20240528;100357;1934.2;48;10500179599;B
20240528;100357;1934.6;42;10500179600;B
20240528;100358;1934.6;2;10500179775;S
20240528;100358;1935.2;1;10500179839;B
20240528;100400;1934.6;600;10500179998;S
20240528;100400;1934.6;12;10500179999;S
20240528;100400;1934.4;9;10500180000;S
20240528;100400;1934.2;52;10500180001;S
20240528;100400;1934;20;10500180002;S
20240528;100400;1933.8;77;10500180003;S
20240528;100400;1933;55;10500180004;S
20240528;100400;1932.6;10;10500180005;S
20240528;100400;1932.6;1;10500180006;S
20240528;100400;1932.4;120;10500180007;S
20240528;100400;1932.2;13;10500180008;S
20240528;100400;1932;5;10500180009;S
20240528;100400;1932;310;10500180010;S
20240528;100400;1931.8;5;10500180011;S
20240528;100400;1930.6;1;10500180012;S
20240528;100400;1930.4;1;10500180013;S
20240528;100400;1930;1;10500180014;S
20240528;100400;1930;10;10500180015;S
20240528;100400;1930;1;10500180016;S
20240528;100400;1930;1;10500180017;S
20240528;100400;1930;2;10500180018;S
20240528;100400;1930;62;10500180019;S
20240528;100400;1930;2;10500180020;S
20240528;100400;1930;15;10500180021;S
20240528;100400;1930;129;10500180022;S
20240528;100400;1929.8;200;10500180023;S
20240528;100400;1929.8;66;10500180024;S
20240528;100400;1930.2;77;10500180033;S
20240528;100400;1930.2;23;10500180036;B
20240528;100400;1932.4;1;10500180060;B
20240528;100400;1932.8;2;10500180062;B
20240528;100401;1932.8;7;10500180406;B
20240528;100401;1932.8;3;10500180407;B
20240528;100403;1932.2;2;10500180842;B
20240528;100405;1933;1;10500181075;B
20240528;100405;1932;5;10500181192;S
20240528;100405;1931.8;9;10500181193;S
20240528;100405;1931.6;3;10500181194;S
20240528;100405;1931.6;24;10500181203;S
20240528;100405;1932.2;4;10500181229;S
20240528;100406;1932.6;12;10500181461;B
20240528;100406;1932.8;42;10500181462;B
20240528;100406;1933;5;10500181463;B
20240528;100406;1933;77;10500181464;B
20240528;100406;1933;164;10500181465;S
20240528;100408;1933.2;1;10500181699;B
20240528;100408;1933.4;8;10500181700;B
20240528;100409;1932.8;10;10500181979;S
20240528;100411;1932.2;1;10500182353;S
20240528;100411;1931.8;6;10500182354;S
20240528;100412;1932.8;1;10500182488;B
20240528;100412;1933;12;10500182489;B
20240528;100412;1933.2;41;10500182490;B
20240528;100412;1933.4;1;10500182491;B
20240528;100412;1933.4;77;10500182492;B
20240528;100412;1934;90;10500182493;B
20240528;100412;1934.2;55;10500182494;B
20240528;100412;1934.4;1;10500182495;B
20240528;100412;1934.8;186;10500182496;B
20240528;100412;1934.8;62;10500182497;B
20240528;100412;1935;365;10500182498;B
20240528;100412;1935;1;10500182499;B
20240528;100412;1935.2;138;10500182500;B
20240528;100412;1935.2;453;10500182501;B
20240528;100413;1935.6;5;10500182648;B
20240528;100413;1934.8;9;10500182705;S
20240528;100413;1934.6;90;10500182706;S
20240528;100413;1934.6;12;10500182707;S
20240528;100413;1934.4;12;10500182708;S
20240528;100413;1934.2;327;10500182709;S
20240528;100415;1934.8;1;10500182986;B
20240528;100415;1933.4;13;10500183080;S
20240528;100415;1933.2;14;10500183082;S
20240528;100415;1932.6;6;10500183083;S
20240528;100415;1932.6;11;10500183084;S
20240528;100417;1932.2;1;10500183354;S
20240528;100418;1934;10;10500183620;B
20240528;100419;1934;1;10500183941;B
20240528;100422;1933.8;3;10500184422;B
20240528;100423;1934;10;10500184613;B
20240528;100423;1934;20;10500184615;B
20240528;100424;1933.8;1;10500184878;B
20240528;100425;1933.4;1;10500185115;S
20240528;100425;1933.2;10;10500185116;S
20240528;100425;1932.8;2;10500185117;S
20240528;100426;1932.4;8;10500185375;S
20240528;100427;1934;1;10500185580;S
20240528;100430;1933.8;1;10500186103;B
20240528;100432;1934;1;10500186866;B
20240528;100433;1934;1;10500187091;B
20240528;100434;1933.8;1;10500187246;B
20240528;100435;1934;7;10500187463;B
20240528;100436;1932.6;24;10500187488;S
20240528;100436;1932.6;14;10500187499;S
20240528;100436;1932.6;13;10500187500;S
20240528;100438;1933.2;1;10500187966;B
20240528;100438;1933.4;1;10500187990;B
20240528;100438;1933.6;7;10500188163;B
20240528;100439;1933;1;10500188323;S
20240528;100439;1932.8;3;10500188324;S
20240528;100439;1932.4;5;10500188325;S
20240528;100439;1932;1;10500188326;S
20240528;100439;1933.2;1;10500188327;B
20240528;100440;1933.2;1;10500188801;B
20240528;100440;1933.2;1;10500188827;B
20240528;100440;1933.2;3;10500188837;B
20240528;100441;1933;8;10500189202;S
20240528;100442;1933.2;1;10500189332;B
20240528;100442;1933;9;10500189343;S
20240528;100442;1933;5;10500189344;S
20240528;100442;1932.4;6;10500189345;S
20240528;100442;1932;3;10500189346;S
20240528;100442;1932;134;10500189347;S
20240528;100442;1932;107;10500189348;S
20240528;100442;1932.8;4;10500189377;S
20240528;100445;1931.8;7;10500190154;S
20240528;100445;1931.8;18;10500190156;S
20240528;100445;1931.4;3;10500190157;S
20240528;100445;1932.2;4;10500190250;B
20240528;100445;1932.2;9;10500190251;B
20240528;100445;1932.4;1;10500190252;B
20240528;100445;1932.4;1;10500190253;B
20240528;100445;1932.4;2;10500190286;B
20240528;100447;1932.6;3;10500190809;B
20240528;100447;1932.8;7;10500190902;S
20240528;100447;1933;52;10500190973;B
20240528;100449;1932.8;77;10500191524;B
20240528;100449;1933;52;10500191525;B
20240528;100449;1933;5;10500191585;B
20240528;100449;1933.6;40;10500191657;B
20240528;100454;1933.2;1;10500192868;S
20240528;100454;1932.8;1;10500192869;S
20240528;100454;1932.8;4;10500192961;S
20240528;100454;1932.8;20;10500193072;S
20240528;100454;1932.8;9;10500193073;S
20240528;100454;1932.6;36;10500193074;S
20240528;100456;1932.4;1;10500193547;S
20240528;100456;1932.2;1;10500193548;S
20240528;100456;1932.2;15;10500193549;S
20240528;100456;1932.2;10;10500193552;S
20240528;100456;1932;1;10500193553;S
20240528;100456;1932;1;10500193554;S
20240528;100456;1931.4;1;10500193555;S
20240528;100456;1931.4;6;10500193556;S
20240528;100456;1931.4;8;10500193557;S
20240528;100457;1931.2;20;10500193638;S
20240528;100457;1931;2;10500193639;S
20240528;100457;1931;1;10500193640;S
20240528;100457;1931;77;10500193641;S
20240528;100457;1931;12;10500193642;S
20240528;100457;1930.8;52;10500193643;S
20240528;100457;1930.6;6;10500193644;S
20240528;100457;1930.2;30;10500193645;S
20240528;100457;1930.2;3;10500193662;B
20240528;100457;1930.2;10;10500193874;B
20240528;100458;1930.2;2;10500194001;B
20240528;100458;1930.2;2;10500194116;B
20240528;100459;1930.2;3;10500194303;B
20240528;100501;1930.2;12;10500194877;B
20240528;100501;1930.2;1;10500194951;B
20240528;100501;1930.2;1;10500195096;B
20240528;100502;1930;1;10500195419;S
20240528;100502;1930;1;10500195420;S
20240528;100505;1930.2;1;10500196810;B
20240528;100506;1930.2;15;10500197063;B
20240528;100506;1930;1;10500197153;S
20240528;100506;1930;5;10500197154;S
20240528;100506;1930;2;10500197155;S
20240528;100506;1930;1;10500197156;S
20240528;100506;1930;1;10500197157;S
20240528;100506;1930.2;1;10500197308;B
20240528;100507;1930;3;10500197492;S
20240528;100507;1930.2;16;10500197509;B
20240528;100507;1930.2;10;10500197635;B
20240528;100508;1930.2;401;10500197888;B
20240528;100508;1930.2;41;10500197889;B
20240528;100508;1930.2;12;10500197890;B
20240528;100512;1930.6;1;10500199187;B
20240528;100513;1930.8;1;10500199414;B
20240528;100513;1930.6;6;10500199680;S
20240528;100515;1930.8;3;10500200311;B
20240528;100516;1930.6;94;10500200570;S
20240528;100517;1930.6;1;10500201163;B
20240528;100518;1930;8;10500201513;S
20240528;100518;1930;1;10500201514;S
20240528;100518;1930;2;10500201515;S
20240528;100518;1930;1;10500201516;S
20240528;100518;1929.8;10;10500201517;S
20240528;100518;1929.8;2;10500201518;S
20240528;100518;1929.6;7;10500201519;S
20240528;100518;1929.6;13;10500201549;S
20240528;100518;1929.6;1;10500201550;S
20240528;100518;1929.6;1;10500201551;S
20240528;100518;1929.4;5;10500201552;S
20240528;100518;1929.4;14;10500201576;S
20240528;100518;1929.6;5;10500201824;B
20240528;100519;1929.6;4;10500202157;B
20240528;100519;1929.6;4;10500202204;B
20240528;100520;1929.6;1;10500203136;B
20240528;100520;1929.6;2;10500203187;B
20240528;100521;1929.4;122;10500203377;S
20240528;100521;1929.6;1;10500203383;B
20240528;100521;1929.6;2;10500203385;B
20240528;100521;1929.6;2;10500203538;B
20240528;100522;1929.6;4;10500203795;B
20240528;100522;1929.4;1;10500204053;S
20240528;100523;1929.4;1000;10500204320;S
20240528;100523;1929.4;200;10500204379;S
20240528;100524;1929.4;200;10500204516;S
20240528;100524;1929.4;341;10500204574;S
20240528;100524;1929.4;166;10500204575;S
20240528;100524;1929.4;361;10500204576;S
20240528;100524;1929.4;100;10500204612;S
20240528;100525;1929.6;1;10500204948;B
20240528;100526;1929.4;4;10500205155;S
20240528;100527;1929.4;46;10500205408;S
20240528;100528;1929.4;21;10500205663;S
20240528;100528;1929.4;27;10500205720;S
20240528;100528;1929.6;1;10500205721;B
20240528;100529;1929.4;1535;10500205999;S
20240528;100529;1929.4;750;10500206015;S
20240528;100529;1929.4;1;10500206121;S
20240528;100529;1929.6;2;10500206251;B
20240528;100530;1929.4;200;10500206307;S
20240528;100530;1929.4;200;10500206333;S
20240528;100530;1929.4;200;10500206366;S
20240528;100530;1929.4;10;10500206505;S
20240528;100530;1929.4;3;10500206506;S
20240528;100530;1929.4;90;10500206648;S
20240528;100530;1929.4;1;10500206656;S
20240528;100530;1929.4;1;10500206657;S
20240528;100530;1929.4;520;10500206732;S
20240528;100530;1929.4;4;10500206735;S
20240528;100530;1929.4;90;10500206855;S
20240528;100530;1929.4;100;10500206904;S
20240528;100530;1929.4;10;10500206910;S
20240528;100531;1929.4;10;10500206918;S
20240528;100531;1929.4;1;10500206955;S
20240528;100531;1929.4;1;10500207034;S
20240528;100531;1929.4;12;10500207035;S
20240528;100531;1929.4;3;10500207118;S
20240528;100531;1929.4;2;10500207119;S
20240528;100531;1929.4;100;10500207206;S
20240528;100531;1929.4;90;10500207321;S
20240528;100531;1929.4;7;10500207385;S
20240528;100531;1929.4;3;10500207386;S
20240528;100531;1929.4;3;10500207387;S
20240528;100531;1929.4;30;10500207474;S
20240528;100531;1929.4;1;10500207498;S
20240528;100531;1929.4;12;10500207504;S
20240528;100531;1929.4;5;10500207512;S
20240528;100532;1929.4;1;10500207544;S
20240528;100532;1929.4;5;10500207566;S
20240528;100532;1929.4;10;10500207694;S
20240528;100532;1929.4;5;10500207696;S
20240528;100532;1929.6;71;10500207741;B
20240528;100532;1929.6;29;10500207742;B
20240528;100532;1929.6;50;10500207743;B
20240528;100532;1929.4;10;10500207748;S
20240528;100532;1929.4;100;10500207779;S
20240528;100532;1929.4;100;10500207798;S
20240528;100533;1929.4;300;10500207978;S
20240528;100533;1929.4;100;10500207998;S
20240528;100533;1929.4;5;10500208023;S
20240528;100533;1929.4;5;10500208024;S
20240528;100533;1929.4;635;10500208235;S
20240528;100533;1929.4;16;10500208236;S
20240528;100533;1929.4;5;10500208255;S
20240528;100533;1929.6;1;10500208266;B
20240528;100533;1929.6;1;10500208267;B
20240528;100533;1929.6;2;10500208268;B
20240528;100533;1929.4;10;10500208298;S
20240528;100534;1929.6;2;10500208488;B
20240528;100534;1929.4;16;10500208492;S
20240528;100534;1929.4;1;10500208819;S
20240528;100535;1929.4;80;10500209447;S
20240528;100535;1929.6;8;10500209496;B
20240528;100537;1929.4;10;10500210003;S
20240528;100537;1929.4;27;10500210005;S
20240528;100537;1929.4;10;10500210023;S
20240528;100537;1929.4;5;10500210167;S
20240528;100538;1929.6;14;10500210528;B
20240528;100539;1929.6;1;10500210791;B
20240528;100539;1929.6;1;10500210915;B
20240528;100539;1929.4;873;10500211013;S
20240528;100539;1929.4;120;10500211014;S
20240528;100540;1929.4;1;10500211150;S
20240528;100540;1929.4;12;10500211417;S
20240528;100540;1929.4;1;10500211499;S
20240528;100541;1929.4;120;10500211543;S
20240528;100541;1929.4;50;10500211645;S
20240528;100541;1929.4;3;10500211646;S
20240528;100541;1929.4;1;10500211647;S
20240528;100541;1929.4;24;10500211648;S
20240528;100541;1929.4;1;10500211649;S
20240528;100541;1929.4;1;10500211650;S
20240528;100541;1929.4;214;10500211651;S
20240528;100541;1929;1;10500211652;S
20240528;100541;1929;1;10500211653;S
20240528;100541;1929;5;10500211654;S
20240528;100541;1929;1;10500211655;S
20240528;100541;1929;5;10500211656;S
20240528;100541;1928.4;1;10500211741;S
20240528;100542;1928.4;4;10500211767;S
20240528;100542;1928.4;96;10500211768;S
20240528;100542;1928.4;14;10500211776;S
20240528;100542;1928;1;10500211820;S
20240528;100542;1928;3;10500211821;S
20240528;100543;1928.2;2;10500212129;B
20240528;100543;1928;50;10500212207;S
20240528;100544;1928;3;10500212663;S
20240528;100544;1928;3;10500212664;S
20240528;100544;1928;18;10500212665;S
20240528;100545;1928;25;10500212687;S
20240528;100545;1928;1;10500212688;S
20240528;100545;1928;1;10500212689;S
20240528;100545;1927.4;5;10500212723;S
20240528;100545;1927.4;248;10500212724;S
20240528;100545;1927.2;30;10500213236;S
20240528;100545;1927.2;14;10500213294;S
20240528;100546;1927.4;1;10500213383;B
20240528;100546;1927.2;50;10500213385;S
20240528;100546;1927.4;5;10500213540;B
20240528;100547;1927.2;6;10500213820;S
20240528;100547;1927.2;38;10500213821;S
20240528;100548;1927.4;2;10500214276;B
20240528;100548;1927.4;2;10500214365;B
20240528;100549;1927.4;1;10500214591;B
20240528;100550;1927.4;5;10500215262;B
20240528;100551;1927.2;5;10500215840;S
20240528;100551;1927.2;530;10500215949;S
20240528;100551;1927.2;1;10500215950;S
20240528;100551;1927.2;19;10500215951;S
20240528;100551;1927;10;10500215955;S
20240528;100551;1926.8;1;10500215958;S
20240528;100552;1926.8;77;10500216124;B
20240528;100552;1927;55;10500216125;B
20240528;100552;1927.4;5;10500216126;B
20240528;100552;1927.4;12;10500216127;B
20240528;100552;1927.6;9;10500216128;B
20240528;100552;1927.6;129;10500216129;B
20240528;100552;1927.6;78;10500216130;B
20240528;100552;1927.8;62;10500216131;B
20240528;100552;1927.8;50;10500216132;B
20240528;100552;1927.8;500;10500216133;B
20240528;100552;1928;140;10500216134;B
20240528;100552;1928;700;10500216135;B
20240528;100552;1928.6;120;10500216136;B
20240528;100552;1929.2;8;10500216137;B
20240528;100552;1929.4;600;10500216138;B
20240528;100552;1929.6;24;10500216139;B
20240528;100552;1929.6;600;10500216140;B
20240528;100552;1929.8;6;10500216141;B
20240528;100552;1929.8;90;10500216142;B
20240528;100552;1929.8;200;10500216143;B
20240528;100552;1930;70;10500216144;B
20240528;100552;1930;3999;10500216145;B
20240528;100552;1930;100;10500216146;B
20240528;100552;1930;77;10500216147;S
20240528;100552;1930.2;15;10500216150;S
20240528;100552;1930;62;10500216151;S
20240528;100552;1930.2;12;10500216152;S
20240528;100552;1930;65;10500216153;S
20240528;100552;1930;77;10500216154;S
20240528;100552;1930;46;10500216155;S
20240528;100552;1930;1;10500216170;S
20240528;100552;1930;1;10500216233;S
20240528;100552;1930;37;10500216433;S
20240528;100552;1930;3;10500216434;S
20240528;100554;1930.4;5;10500217034;S
20240528;100554;1930.4;5;10500217035;S
20240528;100554;1930.4;10;10500217061;S
20240528;100554;1930.6;1;10500217281;B
20240528;100554;1930.6;12;10500217282;B
20240528;100554;1930.4;10;10500217283;S
20240528;100554;1930.4;3;10500217284;S
20240528;100554;1930;24;10500217404;S
20240528;100554;1931;1;10500217441;B
20240528;100555;1931.2;1;10500217843;B
20240528;100555;1931.2;78;10500217886;B
20240528;100555;1931.4;3;10500217887;B
20240528;100555;1931.4;19;10500217888;B
20240528;100556;1931.8;76;10500218148;B
20240528;100556;1932;44;10500218149;B
20240528;100557;1932.4;5;10500218445;B
20240528;100558;1932;9;10500218719;S
20240528;100558;1932;87;10500218720;S
20240528;100558;1932.8;3;10500218730;B
20240528;100558;1932.4;5;10500218817;S
20240528;100558;1932.2;5;10500218818;S
20240528;100559;1932;2;10500219078;S
20240528;100559;1931.8;12;10500219079;S
20240528;100559;1931.8;6;10500219080;S
20240528;100559;1932.4;1;10500219109;B
20240528;100559;1932.4;77;10500219154;B
20240528;100559;1932.4;12;10500219155;B
20240528;100559;1932.6;72;10500219156;B
20240528;100559;1932.8;74;10500219157;B
20240528;100559;1932.8;9;10500219158;B
20240528;100559;1933;1;10500219159;B
20240528;100559;1933.8;60;10500219160;B
20240528;100559;1934;50;10500219161;B
20240528;100559;1934.2;55;10500219162;B
20240528;100559;1934.6;70;10500219163;B
20240528;100559;1934.8;186;10500219164;B
20240528;100559;1934.8;129;10500219165;B
20240528;100559;1935;28;10500219166;B
20240528;100559;1935;50;10500219167;B
20240528;100559;1935;10;10500219168;B
20240528;100559;1935.2;117;10500219169;B
20240528;100559;1934;12;10500219295;S
20240528;100559;1934;4;10500219296;S
20240528;100559;1934;5;10500219298;S
20240528;100600;1933.8;228;10500219474;S
20240528;100600;1934;1;10500219549;B
20240528;100600;1934;1;10500219777;B
20240528;100601;1934;2;10500219976;B
20240528;100602;1934;73;10500220322;B
20240528;100602;1934;34;10500220323;B
20240528;100602;1934.2;1;10500220324;B
20240528;100602;1934.6;12;10500220325;B
20240528;100602;1934.8;80;10500220326;B
20240528;100602;1934;12;10500220345;S
20240528;100603;1934.2;77;10500220672;B
20240528;100603;1934.4;12;10500220673;B
20240528;100603;1934.4;34;10500220674;B
20240528;100603;1934.6;1;10500220675;B
20240528;100603;1935;76;10500220676;B
20240528;100603;1934.2;1;10500220681;S
20240528;100603;1934.2;24;10500220895;S
20240528;100603;1934.2;30;10500220990;S
20240528;100603;1934.2;7;10500220991;S
20240528;100603;1934.2;5;10500221000;S
20240528;100603;1934;5;10500221048;S
20240528;100603;1934;6;10500221074;S
20240528;100603;1933.8;5;10500221105;S
20240528;100604;1933.8;50;10500221299;S
20240528;100604;1933.6;108;10500221679;S
20240528;100605;1933.6;1;10500221693;B
20240528;100606;1933.6;6;10500222244;S
20240528;100606;1933.6;11;10500222245;S
20240528;100606;1933.4;17;10500222247;S
20240528;100609;1934.4;2;10500223303;B
20240528;100610;1934;5;10500223503;S
20240528;100610;1934;14;10500223504;S
20240528;100612;1934.4;2;10500224503;B
20240528;100613;1934.2;5;10500224956;S
20240528;100614;1934.2;2;10500225391;S
20240528;100614;1934.4;1;10500225636;B
20240528;100615;1934.2;6;10500225845;S
20240528;100615;1934.2;6;10500225846;S
20240528;100617;1933.6;24;10500226619;S
20240528;100617;1933.6;10;10500226620;S
20240528;100622;1934;2;10500228502;B
20240528;100625;1933.8;40;10500229928;S
20240528;100627;1934;1;10500230852;B
20240528;100628;1933.4;31;10500231380;S
20240528;100628;1933.4;6;10500231389;S
20240528;100630;1933.4;63;10500232101;S
20240528;100630;1933.4;13;10500232102;S
20240528;100638;1933.4;24;10500234439;S
20240528;100638;1933.4;27;10500234455;S
20240528;100638;1934;1;10500234567;B
20240528;100641;1934;10;10500235408;B
20240528;100641;1933.4;1;10500235524;S
20240528;100642;1933.6;52;10500235884;S
20240528;100642;1933.6;8;10500235885;S
20240528;100642;1933.6;36;10500235886;S
20240528;100643;1934.4;1;10500236991;B
20240528;100643;1934.6;11;10500236992;B
20240528;100643;1934.6;24;10500236993;B
20240528;100644;1934;1;10500237073;S
20240528;100644;1934;2;10500237161;S
20240528;100644;1935;4;10500237169;B
20240528;100644;1934;150;10500237266;S
20240528;100647;1934;6;10500238320;S
20240528;100647;1934;18;10500238321;S
20240528;100648;1935;52;10500238449;B
20240528;100648;1935;78;10500238515;B
20240528;100648;1935.2;3;10500238516;B
20240528;100648;1935.2;9;10500238517;B
20240528;100648;1935.2;48;10500238518;B
20240528;100648;1935;24;10500238585;B
20240528;100648;1935.2;1;10500238586;B
20240528;100648;1935.4;19;10500238595;B
20240528;100648;1935.4;52;10500238774;B
20240528;100648;1935.4;52;10500238945;B
20240528;100648;1935.4;52;10500239116;B
20240528;100649;1934.8;1;10500239161;S
20240528;100649;1935.4;52;10500239332;B
20240528;100650;1935.4;52;10500239645;B
20240528;100650;1935.4;52;10500239815;B
20240528;100653;1935.4;1;10500240424;B
20240528;100653;1935.4;77;10500240486;B
20240528;100653;1935.6;259;10500240487;B
20240528;100657;1935.8;2;10500241504;S
20240528;100658;1935.6;12;10500241732;S
20240528;100658;1935.6;9;10500241733;S
20240528;100658;1935.4;9;10500241760;S
20240528;100658;1935.2;1;10500241761;S
20240528;100658;1935.8;62;10500241854;S
20240528;100703;1936;1;10500243825;B
20240528;100705;1935.8;8;10500244295;B
20240528;100707;1935.8;1;10500244931;B
20240528;100707;1935.6;34;10500245078;S
20240528;100707;1935.6;446;10500245079;S
20240528;100709;1935.8;3;10500245440;B
20240528;100709;1935.8;9;10500245441;B
20240528;100709;1935.8;12;10500245442;B
20240528;100709;1936;2;10500245443;B
20240528;100709;1935.8;78;10500245608;B
20240528;100709;1936;12;10500245650;B
20240528;100709;1936;9;10500245651;B
20240528;100709;1936;78;10500245652;B
20240528;100710;1936;2;10500245862;S
20240528;100710;1935.8;28;10500245863;S
20240528;100710;1935.6;7;10500245865;S
20240528;100710;1935.6;20;10500245867;S
20240528;100710;1936.2;7;10500245917;B
20240528;100711;1936.2;100;10500245969;B
20240528;100711;1936.2;17;10500246043;B
20240528;100711;1936.2;25;10500246044;B
20240528;100711;1936.2;122;10500246045;B
20240528;100711;1937;1;10500246247;B
20240528;100712;1936.2;5;10500246395;S
20240528;100712;1936.4;2;10500246434;B
20240528;100712;1936.4;1;10500246492;B
20240528;100712;1936.6;1;10500246493;B
20240528;100713;1936.4;3;10500246696;S
20240528;100715;1936.4;5;10500247250;S
20240528;100715;1936.6;1;10500247390;B
20240528;100715;1936.6;1;10500247391;B
20240528;100716;1937;14;10500247592;B
20240528;100716;1937;16;10500247593;B
20240528;100716;1937.2;1;10500247734;B
20240528;100716;1937.4;5;10500247735;B
20240528;100717;1937.6;78;10500247768;S
20240528;100717;1937.4;22;10500247769;S
20240528;100717;1937.4;30;10500248046;S
20240528;100717;1937.2;1;10500248063;S
20240528;100720;1937.8;6;10500248885;S
20240528;100720;1937.8;10;10500248961;S
20240528;100720;1937.8;10;10500248962;S
20240528;100721;1937.2;6;10500249081;S
20240528;100722;1937.6;1;10500249487;B
20240528;100722;1937.2;1;10500249607;S
20240528;100723;1937;2;10500249775;S
20240528;100723;1937;15;10500249776;S
20240528;100723;1937;24;10500249781;S
20240528;100723;1936.8;25;10500249830;S
20240528;100725;1936.8;1;10500250317;S
20240528;100725;1936.8;17;10500250318;S
20240528;100725;1937.6;5;10500250345;B
20240528;100725;1937.6;78;10500250346;B
20240528;100725;1937.6;33;10500250347;B
20240528;100725;1937.8;9;10500250348;B
20240528;100725;1937.8;110;10500250349;B
20240528;100725;1938;30;10500250350;B
20240528;100725;1938;2;10500250351;B
20240528;100725;1938.6;106;10500250352;B
20240528;100725;1938.6;2;10500250353;S
20240528;100725;1938.6;125;10500250354;S
20240528;100725;1938;9;10500250512;S
20240528;100725;1937.8;12;10500250513;S
20240528;100725;1937.8;32;10500250514;S
20240528;100725;1937.6;600;10500250515;S
20240528;100725;1937.4;60;10500250516;S
20240528;100726;1937.2;78;10500250570;B
20240528;100726;1937.4;22;10500250571;B
20240528;100728;1937;789;10500250979;S
20240528;100728;1936.8;2;10500251000;B
20240528;100729;1936.8;1;10500251550;B
20240528;100729;1936.8;1;10500251573;B
20240528;100729;1936;1;10500251583;S
20240528;100729;1935.8;24;10500251584;S
20240528;100730;1936.8;1;10500251642;B
20240528;100732;1935.8;1;10500252379;S
20240528;100734;1935.8;5;10500252896;S
20240528;100734;1935.6;2;10500252897;S
20240528;100734;1935.4;27;10500252912;S
20240528;100737;1936.4;30;10500254199;S
20240528;100737;1935.6;43;10500254200;S
20240528;100737;1935.4;7;10500254201;S
20240528;100737;1935.4;186;10500254202;S
20240528;100737;1935.2;22;10500254203;S
20240528;100737;1935.2;400;10500254204;S
20240528;100737;1934.8;60;10500254205;S
20240528;100737;1934.8;77;10500254206;S
20240528;100737;1934.6;55;10500254207;S
20240528;100737;1934.6;600;10500254208;S
20240528;100737;1934.6;77;10500254209;S
20240528;100737;1934.2;120;10500254210;S
20240528;100737;1933.4;1;10500254211;S
20240528;100737;1932.6;600;10500254212;S
20240528;100737;1931;1;10500254213;S
20240528;100737;1930.8;78;10500254214;S
20240528;100737;1930.6;108;10500254215;S
20240528;100737;1930.4;200;10500254216;S
20240528;100737;1930.2;100;10500254217;S
20240528;100737;1930;6976;10500254218;S
20240528;100737;1930;2;10500254219;S
20240528;100737;1930;1;10500254220;S
20240528;100737;1929.8;50;10500254221;S
20240528;100737;1929.6;40;10500254222;S
20240528;100737;1929;1;10500254223;S
20240528;100737;1928.6;600;10500254224;S
20240528;100737;1927.4;5;10500254225;S
20240528;100737;1927.4;129;10500254226;S
20240528;100737;1927.2;259;10500254227;S
20240528;100737;1926.8;200;10500254228;S
20240528;100737;1926.6;1;10500254229;S
20240528;100737;1926.2;10;10500254230;S
20240528;100737;1926;1;10500254231;S
20240528;100737;1926;259;10500254232;S
20240528;100737;1925.8;3;10500254233;S
20240528;100737;1925.8;1;10500254234;S
20240528;100737;1925.8;1;10500254235;S
20240528;100737;1925.8;10;10500254236;S
20240528;100737;1925.6;1;10500254237;S
20240528;100737;1925.4;10;10500254238;S
20240528;100737;1925.4;300;10500254239;S
20240528;100737;1925.2;50;10500254240;S
20240528;100737;1925;19;10500254241;S
20240528;100737;1925;1;10500254242;S
20240528;100737;1925;15;10500254243;S
20240528;100737;1925;15;10500254244;S
20240528;100737;1925;5;10500254245;S
20240528;100737;1925;4;10500254246;S
20240528;100737;1925;100;10500254247;S
20240528;100737;1925;1;10500254248;S
20240528;100737;1925;1;10500254249;S
20240528;100737;1925;1;10500254250;S
20240528;100737;1925;3;10500254251;S
20240528;100737;1925;1;10500254252;S
20240528;100737;1925;62;10500254253;S
20240528;100737;1925;100;10500254254;S
20240528;100737;1925;2;10500254255;S
20240528;100737;1925;1;10500254256;S
20240528;100737;1925;20;10500254257;S
20240528;100737;1925;4;10500254258;S
20240528;100737;1925;5;10500254259;S
20240528;100737;1925;8;10500254260;S
20240528;100737;1925;5;10500254261;S
20240528;100737;1925;7;10500254262;S
20240528;100737;1925;5;10500254263;S
20240528;100737;1925;30;10500254264;S
20240528;100737;1925;1;10500254265;S
20240528;100737;1925;200;10500254266;S
20240528;100737;1924.8;1;10500254267;S
20240528;100737;1924.8;500;10500254268;S
20240528;100737;1924.8;259;10500254269;S
20240528;100737;1924.8;500;10500254270;S
20240528;100737;1924.6;1;10500254271;S
20240528;100737;1924.6;124;10500254272;S
20240528;100737;1924.6;1;10500254273;S
20240528;100737;1924.6;700;10500254274;S
20240528;100737;1924;1;10500254275;S
20240528;100737;1924;30;10500254276;S
20240528;100737;1924;5;10500254277;S
20240528;100737;1924;1;10500254278;S
20240528;100737;1924;1;10500254279;S
20240528;100737;1924;20;10500254280;S
20240528;100737;1924;2;10500254281;S
20240528;100737;1924;20;10500254282;S
20240528;100737;1923.6;2;10500254283;S
20240528;100737;1923.6;25;10500254284;S
20240528;100737;1923.6;1;10500254285;S
20240528;100737;1923.2;1;10500254286;S
20240528;100737;1923;1;10500254287;S
20240528;100737;1923;2;10500254288;S
20240528;100737;1923;106;10500254289;S
20240528;100737;1923;1;10500254290;S
20240528;100737;1922.6;1;10500254291;S
20240528;100737;1922.4;1;10500254292;S
20240528;100737;1922.4;4;10500254293;S
20240528;100737;1922.2;1;10500254294;S
20240528;100737;1922;1;10500254295;S
20240528;100737;1922;10;10500254296;S
20240528;100737;1921.8;1;10500254297;S
20240528;100737;1921.2;25;10500254298;S
20240528;100737;1921.2;1;10500254299;S
20240528;100737;1921;1;10500254300;S
20240528;100737;1921;50;10500254301;S
20240528;100737;1920.8;62;10500254302;S
20240528;100737;1920.8;50;10500254303;S
20240528;100737;1920.6;20;10500254304;S
20240528;100737;1920.4;100;10500254305;S
20240528;100737;1920.4;24;10500254306;S
20240528;100737;1920.2;1;10500254307;S
20240528;100737;1920.2;1;10500254308;S
20240528;100737;1920.2;200;10500254309;S
20240528;100737;1920;1;10500254310;S
20240528;100737;1920;2;10500254311;S
20240528;100737;1920;1;10500254312;S
20240528;100737;1920;3;10500254313;S
20240528;100737;1920;50;10500254314;S
20240528;100737;1920;14;10500254315;S
20240528;100737;1920;3;10500254316;S
20240528;100737;1920;1;10500254317;S
20240528;100737;1920;4;10500254318;S
20240528;100737;1920;37;10500254319;S
20240528;100737;1920;3;10500254320;S
20240528;100737;1920;1;10500254321;S
20240528;100737;1920;2;10500254322;S
20240528;100737;1920;1;10500254323;S
20240528;100737;1920;20;10500254324;S
20240528;100737;1920;1;10500254325;S
20240528;100737;1920;5;10500254326;S
20240528;100737;1920;1;10500254327;S
20240528;100737;1920;5;10500254328;S
20240528;100737;1920;1;10500254329;S
20240528;100737;1920;10;10500254330;S
20240528;100737;1920;2;10500254331;S
20240528;100737;1920;100;10500254332;S
20240528;100737;1920;1;10500254333;S
20240528;100737;1919.8;1;10500254334;S
20240528;100737;1919.8;4;10500254335;S
20240528;100737;1919.6;1;10500254336;S
20240528;100737;1919.6;2;10500254337;S
20240528;100737;1919.4;1;10500254338;S
20240528;100737;1919.4;1;10500254339;S
20240528;100737;1919.2;30;10500254340;S
20240528;100737;1919.2;1;10500254341;S
20240528;100737;1919.2;1;10500254342;S
20240528;100737;1919;1;10500254343;S
20240528;100737;1919;1;10500254344;S
20240528;100737;1919;100;10500254345;S
20240528;100737;1918.8;100;10500254346;S
20240528;100737;1918.6;10;10500254347;S
20240528;100737;1918.2;1;10500254348;S
20240528;100737;1918.2;60;10500254349;S
20240528;100737;1918.2;217;10500254350;S
20240528;100737;1918;1;10500254351;S
20240528;100737;1918;50;10500254352;S
20240528;100737;1918;3;10500254353;S
20240528;100737;1918;15;10500254354;S
20240528;100737;1918;600;10500254355;S
20240528;100737;1918;1;10500254356;S
20240528;100737;1918;10;10500254357;S
20240528;100737;1918;200;10500254358;S
20240528;100737;1918;20;10500254359;S
20240528;100737;1918;50;10500254360;S
20240528;100737;1917.8;1580;10500254361;S
20240528;100737;1925.4;55;10500254367;B
20240528;100737;1924.6;100;10500254369;S
20240528;100737;1925.2;12;10500254370;B
20240528;100737;1924.8;77;10500254371;S
20240528;100737;1924.8;78;10500254372;S
20240528;100737;1924.2;145;10500254373;S
20240528;100737;1925.6;52;10500254374;B
20240528;100737;1925.6;8;10500254375;B
20240528;100737;1924.4;78;10500254378;S
20240528;100737;1924.2;62;10500254379;B
20240528;100737;1923.6;3;10500254388;B
20240528;100737;1922.6;763;10500254389;B
20240528;100737;1922.6;135;10500254390;B
20240528;100737;1922.4;2;10500254393;S
20240528;100737;1922.4;74;10500254394;S
20240528;100737;1922.2;4;10500254396;S
20240528;100737;1922.2;25;10500254418;S
20240528;100737;1921.8;7;10500254432;S
20240528;100737;1922;9;10500254434;S
20240528;100737;1922.2;5;10500254436;S
20240528;100737;1922.2;9;10500254437;S
20240528;100738;1922;1;10500254439;S
20240528;100738;1922.2;20;10500254445;S
20240528;100738;1922.6;5;10500254448;B
20240528;100738;1922.2;78;10500254453;S
20240528;100738;1921.6;12;10500254454;S
20240528;100738;1921.6;10;10500254455;S
20240528;100738;1922;8;10500254456;S
20240528;100738;1922.8;1;10500254470;B
20240528;100738;1922;7;10500254472;S
20240528;100738;1922.6;6;10500254474;B
20240528;100738;1922.8;8;10500254582;B
20240528;100738;1922.8;12;10500254583;B
20240528;100738;1922.4;78;10500254584;S
20240528;100738;1922.4;78;10500254585;S
20240528;100738;1922.2;44;10500254586;S
20240528;100738;1922.6;4;10500254620;S
20240528;100738;1923;1;10500254640;B
20240528;100738;1923;20;10500254645;B
20240528;100738;1923;129;10500254662;B
20240528;100738;1923;3;10500254665;S
20240528;100738;1924;20;10500254688;B
20240528;100738;1924;14;10500254692;S
20240528;100738;1924;25;10500254693;S
20240528;100738;1924;18;10500254709;S
20240528;100738;1924;4;10500254712;S
20240528;100738;1924;4;10500254733;S
20240528;100738;1924;1;10500254734;S
20240528;100738;1923.8;78;10500254735;S
20240528;100738;1923.8;13;10500254736;S
20240528;100738;1923.8;78;10500254737;S
20240528;100738;1923.6;111;10500254738;S
20240528;100738;1925;1;10500254739;B
20240528;100738;1925;1;10500254742;B
20240528;100738;1923.8;21;10500254744;S
20240528;100738;1923.6;3;10500254748;S
20240528;100739;1925;53;10500254761;B
20240528;100739;1925;2;10500254762;B
20240528;100739;1925.2;12;10500254763;B
20240528;100739;1925.2;77;10500254764;B
20240528;100739;1925.2;9;10500254765;B
20240528;100739;1925.4;50;10500254766;B
20240528;100739;1925.6;40;10500254767;B
20240528;100739;1925.6;139;10500254769;S
20240528;100739;1925.6;18;10500254770;S
20240528;100739;1926.2;78;10500254792;B
20240528;100739;1926.2;1;10500254793;B
20240528;100739;1926.4;21;10500254794;B
20240528;100739;1926.4;100;10500254802;B
20240528;100739;1926.2;1;10500254825;B
20240528;100739;1926.4;86;10500254826;B
20240528;100739;1926.6;13;10500254827;B
20240528;100739;1926;5;10500254912;S
20240528;100739;1926;2;10500254955;S
20240528;100739;1927.4;77;10500254989;B
20240528;100739;1927.6;1;10500254990;B
20240528;100739;1928.2;90;10500254991;S
20240528;100739;1928.2;32;10500254992;S
20240528;100740;1928.4;10;10500255333;S
20240528;100741;1928;4;10500255396;S
20240528;100741;1926.8;3;10500255397;B
20240528;100741;1926.8;48;10500255398;B
20240528;100741;1926.8;45;10500255399;B
20240528;100741;1929.2;1;10500255436;B
20240528;100741;1928.6;7;10500255570;B
20240528;100741;1929.2;1;10500255571;B
20240528;100741;1929.2;1;10500255599;S
20240528;100741;1928.4;9;10500255600;S
20240528;100741;1928.4;12;10500255601;S
20240528;100741;1928.4;78;10500255602;B
20240528;100741;1929.4;12;10500255604;B
20240528;100742;1929.4;10;10500255691;S
20240528;100742;1929.8;1;10500255744;B
20240528;100742;1930;1;10500255770;S
20240528;100742;1929.4;16;10500255771;S
20240528;100742;1929.2;28;10500255772;S
20240528;100742;1929;55;10500255773;S
20240528;100742;1930;2;10500256009;B
20240528;100743;1929.2;12;10500256340;S
20240528;100743;1929;8;10500256341;S
20240528;100744;1929;100;10500256551;S
20240528;100745;1929;10;10500256771;S
20240528;100745;1929;17;10500256775;S
20240528;100745;1929;7;10500256777;S
20240528;100746;1929.2;2;10500257111;B
20240528;100746;1929.2;8;10500257222;B
20240528;100746;1929.4;17;10500257223;B
20240528;100747;1929;3;10500257573;S
20240528;100748;1929;60;10500257681;S
20240528;100748;1929;122;10500257682;S
20240528;100748;1929;38;10500257683;S
20240528;100748;1929;100;10500257685;S
20240528;100749;1928.4;8;10500257881;S
20240528;100749;1928.4;17;10500257882;S
20240528;100750;1929;1;10500258282;B
20240528;100750;1929;8;10500258285;B
20240528;100750;1929;78;10500258286;B
20240528;100750;1929;49;10500258287;B
20240528;100752;1928.2;5;10500258688;S
20240528;100752;1928.2;95;10500258689;S
20240528;100755;1927.6;399;10500259672;S
20240528;100755;1927;9;10500259680;S
20240528;100755;1927;91;10500259681;S
20240528;100755;1926.6;27;10500259714;S
20240528;100755;1926.6;11;10500259716;S
20240528;100756;1926.6;1;10500259798;S
20240528;100756;1927.4;9;10500259909;B
20240528;100756;1927.6;12;10500259910;B
20240528;100756;1927.6;72;10500259911;B
20240528;100756;1927.6;57;10500259912;B
20240528;100757;1926.8;12;10500260019;S
20240528;100757;1926.8;9;10500260020;S
20240528;100757;1926.8;104;10500260021;S
20240528;100759;1926.6;51;10500260573;S
20240528;100759;1926.6;1400;10500260574;S
20240528;100759;1925.8;6;10500260575;S
20240528;100759;1925.6;43;10500260576;S
20240528;100800;1925;1;10500260860;S
20240528;100800;1925;80;10500260861;S
20240528;100800;1925;4;10500260916;S
20240528;100800;1924.8;46;10500260917;S
20240528;100800;1925.6;2;10500260927;B
20240528;100801;1925;10;10500261228;S
20240528;100801;1925;80;10500261229;S
20240528;100802;1925;20;10500261258;B
20240528;100802;1925.2;1;10500261259;B
20240528;100802;1925.6;9;10500261260;B
20240528;100802;1925.6;10;10500261261;B
20240528;100802;1925.6;77;10500261262;B
20240528;100802;1925.6;1;10500261263;B
20240528;100802;1926.2;129;10500261264;B
20240528;100802;1926.4;71;10500261265;B
20240528;100802;1926.6;104;10500261266;B
20240528;100802;1926.8;78;10500261267;B
20240528;100805;1926.6;1;10500262073;B
20240528;100805;1926.6;1;10500262122;B
20240528;100805;1926;10;10500262204;B
20240528;100806;1926;5;10500262219;B
20240528;100807;1925.6;27;10500262523;S
20240528;100807;1925.4;73;10500262524;S
20240528;100807;1925.2;17;10500262564;S
20240528;100807;1925.2;9;10500262572;S
20240528;100807;1925;18;10500262573;S
20240528;100807;1925;1;10500262760;S
20240528;100808;1924.6;26;10500263126;S
20240528;100809;1924.8;70;10500263360;B
20240528;100810;1924.8;30;10500263447;B
20240528;100810;1925;10;10500263448;B
20240528;100810;1925;10;10500263558;B
20240528;100810;1925;10;10500263651;B
20240528;100811;1925;1;10500263756;B
20240528;100812;1925;3;10500264702;B
20240528;100812;1924.8;14;10500264907;S
20240528;100813;1924.6;17;10500265054;S
20240528;100813;1924.2;77;10500265093;S
20240528;100813;1924;12;10500265094;S
20240528;100813;1923.8;78;10500265095;S
20240528;100813;1923.6;90;10500265096;S
20240528;100813;1923.4;78;10500265097;S
20240528;100813;1923.2;36;10500265098;S
20240528;100813;1923;1;10500265099;S
20240528;100813;1923;1;10500265100;S
20240528;100813;1923;600;10500265101;S
20240528;100813;1922.2;60;10500265102;S
20240528;100813;1922.2;60;10500265103;S
20240528;100813;1922;1;10500265104;S
20240528;100813;1922;129;10500265105;S
20240528;100813;1921.8;10;10500265106;S
20240528;100813;1921.8;600;10500265107;S
20240528;100813;1921.6;400;10500265108;S
20240528;100813;1921.6;100;10500265109;S
20240528;100813;1921.6;600;10500265110;S
20240528;100813;1921.4;2;10500265111;S
20240528;100813;1921.4;500;10500265112;S
20240528;100813;1921.4;100;10500265113;S
20240528;100813;1921.2;100;10500265114;S
20240528;100813;1921.2;100;10500265115;S
20240528;100813;1921;3120;10500265116;S
20240528;100813;1921;10;10500265117;S
20240528;100813;1921;2;10500265118;S
20240528;100813;1920.8;1;10500265119;S
20240528;100813;1920.8;3;10500265120;S
20240528;100813;1920.4;1;10500265121;S
20240528;100813;1920.2;1;10500265122;S
20240528;100813;1920;1;10500265123;S
20240528;100813;1920;2;10500265124;S
20240528;100813;1920;1;10500265125;S
20240528;100813;1920;1;10500265126;S
20240528;100813;1920;10;10500265127;S
20240528;100813;1920;5;10500265128;S
20240528;100813;1920;10;10500265129;S
20240528;100813;1920;2;10500265130;S
20240528;100813;1920;5;10500265131;S
20240528;100813;1920;1;10500265132;S
20240528;100813;1920;2;10500265133;S
20240528;100813;1919.2;20;10500265134;S
20240528;100813;1919;40;10500265135;S
20240528;100813;1919;5;10500265136;S
20240528;100813;1919;1;10500265137;S
20240528;100813;1918.8;1;10500265138;S
20240528;100813;1918.6;1;10500265139;S
20240528;100813;1918.6;20;10500265140;S
20240528;100813;1918.2;200;10500265141;S
20240528;100813;1918.2;25;10500265142;S
20240528;100813;1918.2;1;10500265143;S
20240528;100813;1918;2;10500265144;S
20240528;100813;1918;1;10500265145;S
20240528;100813;1918;1;10500265146;S
20240528;100813;1918;1;10500265147;S
20240528;100813;1917.8;420;10500265148;S
20240528;100813;1917.8;1;10500265149;S
20240528;100813;1917.8;1;10500265150;S
20240528;100813;1917.6;25;10500265151;S
20240528;100813;1917.6;1;10500265152;S
20240528;100813;1917.4;5;10500265153;S
20240528;100813;1917.4;5;10500265154;S
20240528;100813;1917.4;2500;10500265155;S
20240528;100813;1917.2;3000;10500265156;S
20240528;100813;1917.2;5;10500265157;S
20240528;100813;1917.2;1;10500265158;S
20240528;100813;1917;1;10500265159;S
20240528;100813;1917;1;10500265160;S
20240528;100813;1916.6;100;10500265161;S
20240528;100813;1916.4;1;10500265162;S
20240528;100813;1916;2;10500265163;S
20240528;100813;1916;15;10500265164;S
20240528;100813;1916;1;10500265165;S
20240528;100813;1916;1;10500265166;S
20240528;100813;1915.4;2;10500265167;S
20240528;100813;1915.2;1;10500265168;S
20240528;100813;1915;25;10500265169;S
20240528;100813;1915;160;10500265170;S
20240528;100813;1915;20;10500265171;S
20240528;100813;1915;62;10500265172;S
20240528;100813;1915;25;10500265173;S
20240528;100813;1915;5;10500265174;S
20240528;100813;1915;1;10500265175;S
20240528;100813;1914.8;62;10500265176;S
20240528;100813;1914.6;2;10500265177;S
20240528;100813;1914.6;1;10500265178;S
20240528;100813;1914.6;1;10500265179;S
20240528;100813;1914.4;1;10500265180;S
20240528;100813;1914;100;10500265181;S
20240528;100813;1914;10;10500265182;S
20240528;100813;1913.8;1;10500265183;S
20240528;100813;1913.6;1;10500265184;S
20240528;100813;1913.6;2;10500265185;S
20240528;100813;1912.6;1;10500265186;S
20240528;100813;1912.6;50;10500265187;S
20240528;100813;1912.2;1;10500265188;S
20240528;100813;1912;20;10500265189;S
20240528;100813;1912;1;10500265190;S
20240528;100813;1912;1;10500265191;S
20240528;100813;1911.6;10;10500265192;S
20240528;100813;1911.6;100;10500265193;S
20240528;100813;1911.2;1;10500265194;S
20240528;100813;1911.2;15;10500265195;S
20240528;100813;1911;5;10500265196;S
20240528;100813;1911;4;10500265197;S
20240528;100813;1911;1;10500265198;S
20240528;100813;1910.6;2;10500265199;S
20240528;100813;1910.6;1;10500265200;S
20240528;100813;1910.2;1;10500265201;S
20240528;100813;1910.2;15;10500265202;S
20240528;100813;1910;2;10500265203;S
20240528;100813;1910;1;10500265204;S
20240528;100813;1910;10;10500265205;S
20240528;100813;1910;1;10500265206;S
20240528;100813;1910;1;10500265207;S
20240528;100813;1910;1;10500265208;S
20240528;100813;1910;50;10500265209;S
20240528;100813;1910;1;10500265210;S
20240528;100813;1910;1;10500265211;S
20240528;100813;1910;1;10500265212;S
20240528;100813;1910;1;10500265213;S
20240528;100813;1910;20;10500265214;S
20240528;100813;1910;50;10500265215;S
20240528;100813;1910;1;10500265216;S
20240528;100813;1910;5;10500265217;S
20240528;100813;1909.6;25;10500265218;S
20240528;100813;1909.6;10;10500265219;S
20240528;100813;1909;1;10500265220;S
20240528;100813;1909;1;10500265221;S
20240528;100813;1908.8;1;10500265222;S
20240528;100813;1908.8;5;10500265223;S
20240528;100813;1908.4;1;10500265224;S
20240528;100813;1908.2;100;10500265225;S
20240528;100813;1908;1;10500265226;S
20240528;100813;1908;10;10500265227;S
20240528;100813;1907.6;15;10500265228;S
20240528;100813;1907.4;5;10500265229;S
20240528;100813;1907;1;10500265230;S
20240528;100813;1907;2;10500265231;S
20240528;100813;1906.6;60;10500265232;S
20240528;100813;1906.4;25;10500265233;S
20240528;100813;1906.2;5;10500265234;S
20240528;100813;1906;10;10500265235;S
20240528;100813;1906;1;10500265236;S
20240528;100813;1906;1;10500265237;S
20240528;100813;1906;3;10500265238;S
20240528;100813;1906;10;10500265239;S
20240528;100813;1906;55;10500265240;S
20240528;100813;1905.2;1;10500265241;S
20240528;100813;1905.2;150;10500265242;S
20240528;100813;1905;100;10500265243;S
20240528;100813;1905;500;10500265244;S
20240528;100813;1905;1;10500265245;S
20240528;100813;1904.2;100;10500265246;S
20240528;100813;1904;30;10500265247;S
20240528;100813;1903.8;30;10500265248;S
20240528;100813;1903.8;400;10500265249;S
20240528;100813;1903.6;4;10500265250;S
20240528;100813;1903.6;110;10500265251;S
20240528;100813;1903;10;10500265252;S
20240528;100813;1903;10;10500265253;S
20240528;100813;1903;10;10500265254;S
20240528;100813;1903;2;10500265255;S
20240528;100813;1902.6;5;10500265256;S
20240528;100813;1902.4;1;10500265257;S
20240528;100813;1902.2;50;10500265258;S
20240528;100813;1902.2;20;10500265259;S
20240528;100813;1902.2;200;10500265260;S
20240528;100813;1902;1;10500265261;S
20240528;100813;1902;2;10500265262;S
20240528;100813;1902;1;10500265263;S
20240528;100813;1902;70;10500265264;S
20240528;100813;1902;5000;10500265265;S
20240528;100813;1901.8;25;10500265266;S
20240528;100813;1901.2;100;10500265267;S
20240528;100813;1901.2;100;10500265268;S
20240528;100813;1901;40;10500265269;S
20240528;100813;1901;10;10500265270;S
20240528;100813;1901;61;10500265271;S
20240528;100813;1901;10;10500265272;S
20240528;100813;1901;1;10500265273;S
20240528;100813;1901;5000;10500265274;S
20240528;100813;1901;250;10500265275;S
20240528;100813;1900.6;400;10500265276;S
20240528;100813;1900.2;500;10500265277;S
20240528;100813;1900.2;1;10500265278;S
20240528;100813;1900.2;1;10500265279;S
20240528;100813;1900.2;5;10500265280;S
20240528;100813;1900.2;1;10500265281;S
20240528;100813;1900.2;50;10500265282;S
20240528;100813;1900.2;300;10500265283;S
20240528;100813;1900;1;10500265284;S
20240528;100813;1900;1;10500265285;S
20240528;100813;1900;5;10500265286;S
20240528;100813;1900;1;10500265287;S
20240528;100813;1900;3;10500265288;S
20240528;100813;1900;1;10500265289;S
20240528;100813;1900;1;10500265290;S
20240528;100813;1900;1;10500265291;S
20240528;100813;1900;20;10500265292;S
20240528;100813;1900;1;10500265293;S
20240528;100813;1900;1;10500265294;S
20240528;100813;1900;15;10500265295;S
20240528;100813;1900;1;10500265296;S
20240528;100813;1900;1;10500265297;S
20240528;100813;1900;50;10500265298;S
20240528;100813;1900;1;10500265299;S
20240528;100813;1900;5;10500265300;S
20240528;100813;1900;1;10500265301;S
20240528;100813;1900;1;10500265302;S
20240528;100813;1900;1;10500265303;S
20240528;100813;1900;1;10500265304;S
20240528;100813;1900;10;10500265305;S
20240528;100813;1900;1;10500265306;S
20240528;100813;1900;1;10500265307;S
20240528;100813;1900;230;10500265308;S
20240528;100813;1900;1;10500265309;S
20240528;100813;1900;1;10500265310;S
20240528;100813;1900;1;10500265311;S
20240528;100813;1900;4;10500265312;S
20240528;100813;1900;2;10500265313;S
20240528;100813;1900;4;10500265314;S
20240528;100813;1900;3;10500265315;S
20240528;100813;1900;5;10500265316;S
20240528;100813;1900;1;10500265317;S
20240528;100813;1900;1;10500265318;S
20240528;100813;1900;1;10500265319;S
20240528;100813;1900;1000;10500265320;S
20240528;100813;1900;1;10500265321;S
20240528;100813;1900;1;10500265322;S
20240528;100813;1900;2;10500265323;S
20240528;100813;1900;1;10500265324;S
20240528;100813;1900;3;10500265325;S
20240528;100813;1900;1;10500265326;S
20240528;100813;1900;1;10500265327;S
20240528;100813;1900;2;10500265328;S
20240528;100813;1900;1;10500265329;S
20240528;100813;1900;1;10500265330;S
20240528;100813;1900;100;10500265331;S
20240528;100813;1900;1;10500265332;S
20240528;100813;1900;40;10500265333;S
20240528;100813;1900;1;10500265334;S
20240528;100813;1900;150;10500265335;S
20240528;100813;1900;400;10500265336;S
20240528;100813;1900;209;10500265337;S
20240528;100813;1900;4;10500265338;S
20240528;100813;1900;5;10500265339;S
20240528;100813;1900;150;10500265340;S
20240528;100813;1900;3;10500265341;S
20240528;100813;1900;1;10500265342;S
20240528;100813;1900;2;10500265343;S
20240528;100813;1900;6;10500265344;S
20240528;100813;1900;20;10500265345;S
20240528;100813;1900;1;10500265346;S
20240528;100813;1900;1;10500265347;S
20240528;100813;1900;3;10500265348;S
20240528;100813;1900;10;10500265349;S
20240528;100813;1900;1;10500265350;S
20240528;100813;1900;200;10500265351;S
20240528;100813;1900;2;10500265352;S
20240528;100813;1900;30;10500265353;S
20240528;100813;1900;1;10500265354;S
20240528;100813;1900;3;10500265355;S
20240528;100813;1900;2;10500265356;S
20240528;100813;1900;20;10500265357;S
20240528;100813;1900;380;10500265358;B
20240528;100813;1900;51;10500265359;B
20240528;100813;1900;517;10500265360;B
20240528;100813;1900;100;10500265361;B
20240528;100813;1900;100;10500265362;B
20240528;100813;1900;400;10500265363;B
20240528;100813;1900;300;10500265364;B
20240528;100813;1900;600;10500265366;B
20240528;100813;1899.8;1;10500265367;S
20240528;100813;1899.8;7;10500265368;S
20240528;100813;1899.8;2;10500265369;S
20240528;100813;1899.8;3;10500265370;S
20240528;100813;1899.8;6;10500265371;S
20240528;100813;1899.8;40;10500265372;S
20240528;100813;1899.8;27;10500265373;S
20240528;100813;1898.8;2;10500265374;S
20240528;100813;1898;1;10500265375;S
20240528;100813;1898;1;10500265376;S
20240528;100813;1898;1;10500265377;S
20240528;100813;1898;5;10500265378;S
20240528;100813;1897.8;71;10500265379;S
20240528;100813;1900;100;10500265381;B
20240528;100813;1900;100;10500265382;B
20240528;100813;1900;200;10500265383;B
20240528;100813;1900;200;10500265384;B
20240528;100813;1899.8;1;10500265386;S
20240528;100813;1898.2;1;10500265387;S
20240528;100813;1898.2;1;10500265388;S
20240528;100813;1900;300;10500265389;B
20240528;100813;1898.2;83;10500265390;S
20240528;100813;1900;100;10500265391;B
20240528;100813;1900;200;10500265392;B
20240528;100813;1898.2;1;10500265393;S
20240528;100813;1898.2;1;10500265395;S
20240528;100813;1899.6;55;10500265396;B
20240528;100813;1899.8;9;10500265397;B
20240528;100813;1899.8;12;10500265398;B
20240528;100813;1899.8;24;10500265399;B
20240528;100813;1899.8;9;10500265400;B
20240528;100813;1898.4;2;10500265402;S
20240528;100813;1898.4;1;10500265403;S
20240528;100813;1898.4;1;10500265404;S
20240528;100813;1898.4;74;10500265405;S
20240528;100813;1898.2;42;10500265406;S
20240528;100813;1898;62;10500265407;S
20240528;100813;1897.8;29;10500265408;S
20240528;100813;1897.8;25;10500265409;S
20240528;100813;1897.4;15;10500265410;S
20240528;100813;1897.4;5;10500265411;S
20240528;100813;1897.2;1;10500265412;S
20240528;100813;1896.4;1;10500265413;S
20240528;100813;1896.2;50;10500265414;S
20240528;100813;1896.2;1;10500265415;S
20240528;100813;1899.4;100;10500265416;B
20240528;100813;1899.4;67;10500265417;B
20240528;100813;1898.6;60;10500265419;S
20240528;100813;1898.6;18;10500265420;S
20240528;100813;1896.4;2;10500265421;S
20240528;100813;1896.4;3;10500265422;S
20240528;100813;1898.8;55;10500265423;B
20240528;100813;1896.4;1;10500265424;S
20240528;100813;1899;52;10500265426;B
20240528;100813;1899.2;9;10500265427;B
20240528;100813;1899.4;55;10500265428;B
20240528;100813;1899.6;336;10500265429;B
20240528;100813;1899.4;55;10500265431;B
20240528;100813;1899.4;55;10500265433;B
20240528;100813;1899.2;55;10500265437;B
20240528;100813;1898.6;78;10500265439;S
20240528;100813;1898.4;9;10500265440;S
20240528;100813;1898.4;55;10500265442;B
20240528;100813;1898.4;55;10500265444;B
20240528;100813;1897.4;310;10500265446;B
20240528;100813;1897.4;78;10500265447;B
20240528;100813;1897;1;10500265449;S
20240528;100813;1897.8;33;10500265450;B
20240528;100813;1897.4;1;10500265452;B
20240528;100813;1897;78;10500265453;S
20240528;100813;1896.8;9;10500265454;S
20240528;100813;1896.4;13;10500265455;S
20240528;100813;1897.6;13;10500265458;B
20240528;100813;1897.8;60;10500265459;B
20240528;100813;1898.2;9;10500265460;B
20240528;100813;1898.6;55;10500265461;B
20240528;100813;1898.8;231;10500265462;B
20240528;100813;1897;78;10500265466;S
20240528;100813;1897;78;10500265467;S
20240528;100813;1897;1;10500265468;B
20240528;100813;1897.2;78;10500265471;S
20240528;100813;1897;4;10500265472;S
20240528;100813;1897;20;10500265473;S
20240528;100813;1897.4;94;10500265474;B
20240528;100813;1898;8;10500265475;B
20240528;100813;1897.8;68;10500265478;S
20240528;100813;1899;10;10500265479;B
20240528;100813;1897.6;3;10500265480;S
20240528;100813;1899;10;10500265484;B
20240528;100813;1899;2;10500265485;B
20240528;100813;1898;78;10500265486;S
20240528;100813;1897.6;78;10500265487;S
20240528;100813;1896.6;13;10500265488;S
20240528;100813;1896.6;135;10500265489;S
20240528;100813;1896.6;62;10500265490;S
20240528;100813;1896.4;667;10500265491;S
20240528;100813;1896.4;338;10500265492;S
20240528;100813;1897;10;10500265495;S
20240528;100813;1898.4;11;10500265498;B
20240528;100813;1898.4;7;10500265499;B
20240528;100813;1897.2;5;10500265500;S
20240528;100813;1897.2;3;10500265501;S
20240528;100813;1896.2;1;10500265502;S
20240528;100813;1897;78;10500265503;S
20240528;100813;1896.8;52;10500265504;S
20240528;100813;1898.8;1;10500265507;B
20240528;100813;1898;10;10500265509;B
20240528;100813;1897;18;10500265510;S
20240528;100813;1897.2;60;10500265511;S
20240528;100813;1897.2;1;10500265512;S
20240528;100813;1897.2;17;10500265513;S
20240528;100813;1897;3;10500265514;S
20240528;100813;1897;5;10500265515;S
20240528;100813;1896.4;22;10500265516;S
20240528;100813;1896.4;7;10500265517;S
20240528;100813;1898;1;10500265518;B
20240528;100813;1896.6;3;10500265519;S
20240528;100813;1896.6;75;10500265520;S
20240528;100813;1896.2;129;10500265521;S
20240528;100813;1896;1;10500265522;S
20240528;100813;1896;8;10500265523;S
20240528;100813;1896;87;10500265524;S
20240528;100813;1896;1;10500265526;S
20240528;100813;1896.6;15;10500265527;S
20240528;100813;1896.6;3;10500265528;S
20240528;100813;1896.6;17;10500265529;S
20240528;100813;1898;1;10500265531;B
20240528;100813;1896.6;3;10500265532;S
20240528;100813;1896.6;1;10500265533;S
20240528;100813;1896.6;15;10500265534;S
20240528;100813;1896.8;10;10500265535;S
20240528;100813;1896.6;2;10500265536;S
20240528;100813;1898;4;10500265537;B
20240528;100813;1896.8;40;10500265538;S
20240528;100813;1896.8;15;10500265539;S
20240528;100813;1898;1;10500265540;B
20240528;100813;1896.6;15;10500265541;S
20240528;100813;1896.6;6;10500265542;S
20240528;100813;1898;4;10500265543;B
20240528;100813;1898;10;10500265548;B
20240528;100813;1898;2;10500265549;B
20240528;100813;1896.6;5;10500265554;S
20240528;100813;1896.6;52;10500265555;S
20240528;100813;1896.4;78;10500265556;S
20240528;100813;1896;462;10500265557;S
20240528;100813;1895.8;2;10500265558;S
20240528;100813;1895.2;1;10500265559;S
20240528;100813;1895.2;1;10500265560;S
20240528;100813;1895;1;10500265561;S
20240528;100813;1895;1;10500265562;S
20240528;100813;1895;5;10500265563;S
20240528;100813;1894.4;5;10500265564;S
20240528;100813;1894.4;600;10500265565;S
20240528;100813;1894.2;10;10500265566;S
20240528;100813;1894;6;10500265567;S
20240528;100813;1893.6;25;10500265568;S
20240528;100813;1893.2;1;10500265569;S
20240528;100813;1893;153;10500265570;S
20240528;100813;1896.6;4;10500265571;B
20240528;100813;1897.8;24;10500265572;B
20240528;100813;1897.8;24;10500265573;B
20240528;100813;1896.2;62;10500265574;S
20240528;100813;1896;38;10500265575;S
20240528;100813;1896.2;78;10500265576;S
20240528;100813;1896;12;10500265577;B
20240528;100813;1896.4;78;10500265578;B
20240528;100813;1898;7;10500265579;B
20240528;100813;1898;8;10500265580;B
20240528;100813;1899;78;10500265581;S
20240528;100813;1898.8;22;10500265582;S
20240528;100813;1899;78;10500265583;B
20240528;100813;1899;1000;10500265584;S
20240528;100813;1899;78;10500265585;S
20240528;100813;1898;13;10500265586;S
20240528;100813;1897.8;78;10500265587;S
20240528;100813;1897.6;1078;10500265588;S
20240528;100813;1897.6;5;10500265589;S
20240528;100813;1899.2;2;10500265590;B
20240528;100813;1898.8;1;10500265592;B
20240528;100813;1898.8;3;10500265598;B
20240528;100813;1898.8;1;10500265599;B
20240528;100813;1897.8;25;10500265602;S
20240528;100813;1898.8;50;10500265603;B
20240528;100813;1898.8;5;10500265611;B
20240528;100813;1898.2;10;10500265616;S
20240528;100813;1898.8;11;10500265618;B
20240528;100813;1898.2;1;10500265620;S
20240528;100813;1898.2;2;10500265622;S
20240528;100813;1898.8;7;10500265623;B
20240528;100813;1898.8;3;10500265624;B
20240528;100813;1898.8;13;10500265641;B
20240528;100813;1898.8;5;10500265642;B
20240528;100813;1898.6;43;10500265649;S
20240528;100813;1898.2;34;10500265650;S
20240528;100813;1898.2;23;10500265651;S
20240528;100813;1898.2;2;10500265656;S
20240528;100813;1898.2;1;10500265661;S
20240528;100813;1898.8;10;10500265666;B
20240528;100813;1898.8;19;10500265679;B
20240528;100813;1898.8;1;10500265685;B
20240528;100813;1898.8;3;10500265686;B
20240528;100813;1899.2;79;10500265688;B
20240528;100813;1899.6;6;10500265689;B
20240528;100813;1899.8;20;10500265690;B
20240528;100813;1899.8;60;10500265691;B
20240528;100813;1900;203;10500265692;B
20240528;100813;1898.6;2;10500265693;S
20240528;100813;1898.6;1;10500265694;S
20240528;100813;1898.6;5;10500265695;S
20240528;100813;1898.6;10;10500265698;S
20240528;100813;1898.6;15;10500265704;S
20240528;100813;1899.8;1;10500265706;B
20240528;100813;1898.6;10;10500265729;S
20240528;100813;1898.6;86;10500265732;S
20240528;100813;1898.6;14;10500265733;S
20240528;100813;1899.6;48;10500265739;B
20240528;100813;1899.8;78;10500265740;B
20240528;100813;1899.8;24;10500265741;B
20240528;100813;1899.8;150;10500265816;B
20240528;100813;1899.6;40;10500265817;S
20240528;100813;1899.6;9;10500265822;S
20240528;100813;1899.6;5;10500265823;S
20240528;100813;1899.6;186;10500265829;S
20240528;100813;1898.8;62;10500265830;S
20240528;100813;1898.8;52;10500265831;S
20240528;100813;1898.8;77;10500265833;S
20240528;100813;1898.6;755;10500265834;S
20240528;100813;1898.6;64;10500265835;S
20240528;100813;1898.6;22;10500265836;S
20240528;100813;1898.8;5;10500265839;S
20240528;100813;1898.8;57;10500265840;S
20240528;100813;1898.6;23;10500265841;S
20240528;100813;1898.6;300;10500265843;S
20240528;100813;1898.6;50;10500265845;S
20240528;100813;1898.8;29;10500265855;S
20240528;100813;1898.8;33;10500265856;S
20240528;100813;1898.6;7;10500265857;S
20240528;100813;1898.6;1;10500265859;S
20240528;100813;1898.8;62;10500265862;S
20240528;100813;1898.6;308;10500265863;S
20240528;100813;1898.6;1;10500265865;S
20240528;100813;1898.8;3;10500265867;S
20240528;100813;1899;59;10500265868;S
20240528;100813;1898.8;34;10500265869;S
20240528;100813;1898.6;107;10500265870;S
20240528;100813;1899.6;1;10500265880;B
20240528;100813;1899;7;10500265889;S
20240528;100813;1899;55;10500265893;S
20240528;100813;1898.8;100;10500265894;S
20240528;100813;1898.4;47;10500265895;S
20240528;100813;1898.6;5;10500265898;S
20240528;100813;1899.6;5;10500265900;B
20240528;100813;1898.6;2;10500265901;S
20240528;100813;1899.6;1;10500265903;B
20240528;100813;1899.6;1;10500265905;B
20240528;100813;1898.6;6;10500265906;S
20240528;100813;1899.2;2;10500265907;B
20240528;100813;1899.6;1;10500265908;B
20240528;100813;1899.6;5;10500265909;B
20240528;100813;1899.6;5;10500265910;B
20240528;100813;1898.6;3;10500265911;S
20240528;100813;1898.6;2;10500265912;S
20240528;100813;1899.6;14;10500265913;B
20240528;100813;1899.6;4;10500265914;B
20240528;100813;1898.6;2;10500265915;S
20240528;100813;1900;5;10500265916;B
20240528;100813;1899.8;2;10500265917;B
20240528;100814;1898.6;17;10500265918;S
20240528;100814;1898.6;10;10500265921;S
20240528;100814;1900;5;10500265922;B
20240528;100814;1898.6;15;10500265923;S
20240528;100814;1898.4;15;10500265924;S
20240528;100814;1900;40;10500265925;B
20240528;100814;1898.4;1;10500265926;S
20240528;100814;1899.8;5;10500265927;B
20240528;100814;1898.6;1;10500265928;S
20240528;100814;1898.6;73;10500265929;S
20240528;100814;1899.8;5;10500265930;B
20240528;100814;1898.8;1;10500265931;S
20240528;100814;1900;5;10500265934;B
20240528;100814;1898.8;10;10500265936;S
20240528;100814;1898.6;170;10500265937;S
20240528;100814;1900;1;10500265938;B
20240528;100814;1898.6;2;10500265939;S
20240528;100814;1899.8;40;10500265941;B
20240528;100814;1898.6;2;10500265943;S
20240528;100814;1898.6;5;10500265944;S
20240528;100814;1899.8;1;10500265945;B
20240528;100814;1898.6;5;10500265946;S
20240528;100814;1899.8;100;10500265947;B
20240528;100814;1899.8;5;10500265948;B
20240528;100814;1899.8;27;10500265949;B
20240528;100814;1899.8;5;10500265950;B
20240528;100814;1899.8;5;10500265951;B
20240528;100814;1898.6;29;10500265953;S
20240528;100814;1899.8;1;10500265955;B
20240528;100814;1899.8;2;10500265956;B
20240528;100814;1899.8;10;10500265957;S
20240528;100814;1900;1;10500265960;B
20240528;100814;1900;120;10500265961;B
20240528;100814;1900;1;10500265963;B
20240528;100814;1900;3;10500265964;B
20240528;100814;1899.8;15;10500265965;S
20240528;100814;1900;85;10500265968;B
20240528;100814;1900;1;10500265976;B
20240528;100814;1899.8;73;10500265977;S
20240528;100814;1899.6;40;10500265978;S
20240528;100814;1899.4;3;10500265979;S
20240528;100814;1900;5;10500265980;B
20240528;100814;1900;5;10500265981;B
20240528;100814;1899.4;2;10500265982;S
20240528;100814;1898.8;6;10500265983;S
20240528;100814;1900;1;10500265985;B
20240528;100814;1900;30;10500265986;B
20240528;100814;1898.8;15;10500265987;S
20240528;100814;1900;1;10500265988;B
20240528;100814;1900;10;10500265995;B
20240528;100814;1898.8;9;10500265996;S
20240528;100814;1898.8;21;10500265998;S
20240528;100814;1900;1;10500265999;B
20240528;100814;1900;1;10500266000;B
20240528;100814;1900;4;10500266002;B
20240528;100814;1900;20;10500266003;B
20240528;100814;1900;1;10500266007;B
20240528;100814;1900;1;10500266008;B
20240528;100814;1900;100;10500266009;B
20240528;100814;1900;6;10500266011;B
20240528;100814;1898.8;4;10500266012;S
20240528;100814;1900;1;10500266013;B
20240528;100814;1900;1;10500266016;B
20240528;100814;1900;250;10500266019;B
20240528;100814;1900;10;10500266020;B
20240528;100814;1900;20;10500266025;B
20240528;100814;1900;1;10500266027;B
20240528;100814;1898.8;210;10500266032;S
20240528;100814;1900;10;10500266033;B
20240528;100814;1900;151;10500266034;B
20240528;100814;1900;2;10500266057;B
20240528;100814;1898.8;8;10500266063;S
20240528;100814;1900;10;10500266080;B
20240528;100814;1899;4;10500266085;S
20240528;100814;1899;10;10500266086;S
20240528;100814;1899;7;10500266097;S
20240528;100814;1899;10;10500266104;S
