<DATE>;<TIME>;<LAST>;<VOL>;<ID>;<OPER>
20240510;095959;1930;22;10319420458;S
20240510;095959;1930;1;10319420459;S
20240510;095959;1930;2;10319420460;S
20240510;095959;1930;75;10319420461;S
20240510;095959;1930;5;10319420462;S
20240510;095959;1930;1;10319420463;S
20240510;095959;1930;10;10319420464;S
20240510;095959;1930;70;10319420465;S
20240510;095959;1930;1;10319420466;B
20240510;095959;1930;29;10319420467;S
20240510;095959;1930;1;10319420468;S
20240510;095959;1930;2;10319420469;B
20240510;095959;1930;5;10319420470;B
20240510;095959;1930;1;10319420471;B
20240510;095959;1930;4;10319420472;B
20240510;095959;1930;1;10319420473;B
20240510;095959;1930;2;10319420474;S
20240510;095959;1930;1;10319420475;B
20240510;095959;1930;9;10319420476;B
20240510;095959;1930;1;10319420477;B
20240510;095959;1930;1;10319420478;B
20240510;095959;1930;4;10319420479;B
20240510;095959;1930;4;10319420480;B
20240510;095959;1930;2;10319420481;B
20240510;095959;1930;2;10319420482;B
20240510;095959;1930;5;10319420483;B
20240510;095959;1930;1;10319420484;B
20240510;095959;1930;3;10319420485;S
20240510;095959;1930;1;10319420486;S
20240510;095959;1930;8;10319420487;B
20240510;095959;1930;10;10319420488;S
20240510;095959;1930;9;10319420489;B
20240510;095959;1930;2;10319420490;B
20240510;095959;1930;2;10319420491;B
20240510;095959;1930;1;10319420492;B
20240510;095959;1930;1;10319420493;B
20240510;100000;1930;2;10319420690;B
20240510;100000;1930;2;10319420900;B
20240510;100000;1930;14;10319420901;B
20240510;100000;1930;8;10319420903;B
20240510;100000;1930;1;10319420904;B
20240510;100000;1930;100;10319420905;B
20240510;100000;1930;10;10319420906;B
20240510;100000;1930;1;10319420907;B
20240510;100000;1930;1;10319420908;B
20240510;100000;1930;1;10319420909;B
20240510;100000;1930.4;38;10319420910;B
20240510;100000;1930;1;10319421381;B
20240510;100000;1930;1;10319421382;B
20240510;100000;1930;1;10319421383;B
20240510;100000;1930;1;10319421384;B
20240510;100000;1930;1;10319421385;B
20240510;100000;1930;1;10319421386;B
20240510;100000;1930;4;10319421387;B
20240510;100002;1930;2;10319422936;B
20240510;100002;1930;18;10319423080;B
20240510;100002;1930;1;10319423081;B
20240510;100002;1930;1;10319423082;B
20240510;100002;1930;1;10319423083;B
20240510;100002;1930.2;7;10319423084;B
20240510;100002;1931;50;10319423085;B
20240510;100002;1931;139;10319423086;B
20240510;100002;1931.4;1;10319423087;B
20240510;100002;1931.8;45;10319423088;B
20240510;100003;1930;2;10319423463;S
20240510;100004;1931.6;94;10319423764;B
20240510;100004;1931.8;2;10319424368;B
20240510;100004;1931.8;1;10319424376;B
20240510;100004;1931.8;3;10319424765;B
20240510;100004;1931.8;1;10319424894;B
20240510;100004;1931.6;1;10319424901;S
20240510;100004;1931.6;17;10319424908;S
20240510;100005;1931.8;2;10319424924;B
20240510;100005;1931.8;5;10319425126;B
20240510;100005;1931.8;1;10319425352;B
20240510;100005;1931.8;1;10319425691;B
20240510;100005;1931.6;1;10319426935;S
20240510;100006;1931.8;1;10319427505;B
20240510;100006;1931.6;1;10319427591;S
20240510;100006;1931.8;3;10319427893;B
20240510;100006;1931.8;1;10319427898;B
20240510;100006;1931.8;1;10319428498;B
20240510;100006;1931.8;2;10319428506;B
20240510;100006;1931.8;1;10319428888;B
20240510;100006;1931.8;9;10319429267;B
20240510;100006;1931.8;1;10319429535;B
20240510;100007;1931.8;51;10319429956;B
20240510;100007;1931.8;1;10319429964;B
20240510;100007;1931.8;1;10319430885;B
20240510;100007;1931.8;1;10319430886;B
20240510;100007;1931.6;2;10319430887;S
20240510;100007;1931.6;1;10319430957;S
20240510;100007;1931.8;1;10319431016;B
20240510;100007;1931.8;10;10319431021;B
20240510;100007;1931.8;3;10319431043;B
20240510;100007;1931.8;2;10319431229;B
20240510;100008;1931.8;10;10319431420;B
20240510;100008;1931.8;1;10319431934;B
20240510;100008;1931.8;20;10319432062;B
20240510;100008;1931.6;1;10319432065;S
20240510;100008;1931.6;2;10319432066;S
20240510;100008;1931.6;1;10319432067;S
20240510;100010;1931.6;13;10319432567;S
20240510;100010;1931.8;6;10319432590;B
20240510;100010;1931.6;2;10319432742;S
20240510;100010;1931.8;5;10319432804;B
20240510;100010;1931.8;1;10319432908;B
20240510;100010;1931.8;1;10319432913;B
20240510;100011;1931.8;23;10319432967;B
20240510;100011;1931.8;2;10319433013;B
20240510;100011;1931.8;1;10319433139;B
20240510;100011;1931.8;1;10319433213;B
20240510;100011;1931.6;1;10319433228;S
20240510;100011;1931.8;9;10319433231;B
20240510;100011;1931.6;3;10319433315;S
20240510;100012;1931.6;2;10319433349;S
20240510;100015;1931.6;10;10319433952;S
20240510;100015;1931.6;5;10319433953;S
20240510;100015;1931.6;18;10319433955;S
20240510;100015;1931.6;5;10319433997;S
20240510;100016;1931.8;20;10319434289;B
20240510;100019;1931.8;10;10319434736;B
20240510;100021;1931.6;27;10319435309;S
20240510;100021;1931.6;3;10319435310;S
20240510;100022;1931.6;1;10319435563;S
20240510;100024;1931.6;1;10319435981;S
20240510;100029;1931.6;11;10319436880;S
20240510;100029;1931.6;29;10319436881;S
20240510;100029;1931.6;1;10319436882;S
20240510;100029;1931.2;17;10319436883;S
20240510;100030;1931;2;10319437035;S
20240510;100030;1931;98;10319437036;S
20240510;100030;1930.6;42;10319437057;S
20240510;100031;1931.2;2;10319437488;B
20240510;100032;1931.2;1;10319437650;B
20240510;100032;1931.6;5;10319437709;B
20240510;100035;1931.6;9;10319438483;B
20240510;100035;1931.8;41;10319438484;B
20240510;100037;1931.8;19;10319438769;B
20240510;100037;1931.8;2;10319438770;B
20240510;100037;1932;100;10319438771;B
20240510;100037;1932;101;10319438772;B
20240510;100037;1932;20;10319438828;B
20240510;100040;1932;1;10319439449;B
20240510;100043;1932;2;10319440074;B
20240510;100043;1931.4;1;10319440128;S
20240510;100045;1931.8;1;10319440362;B
20240510;100045;1932;5;10319440465;B
20240510;100046;1932;5;10319440490;B
20240510;100046;1932;1;10319440551;B
20240510;100047;1932;10;10319440648;B
20240510;100047;1932;1;10319440689;B
20240510;100048;1932;2;10319440784;B
20240510;100048;1932;1;10319440791;B
20240510;100049;1932;2;10319440940;B
20240510;100049;1932;2;10319440949;B
20240510;100050;1932;5;10319441172;B
20240510;100050;1932;10;10319441173;B
20240510;100050;1932;10;10319441221;B
20240510;100054;1932;22;10319441827;B
20240510;100054;1932;12;10319441828;B
20240510;100054;1932;16;10319441829;B
20240510;100100;1931.8;1;10319443105;B
20240510;100101;1931.8;1;10319443374;B
20240510;100101;1931.8;5;10319443415;B
20240510;100102;1931.8;5;10319443642;B
20240510;100102;1931.8;1;10319443668;B
20240510;100102;1931.8;10;10319443747;B
20240510;100102;1931.8;5;10319443748;B
20240510;100103;1931.8;10;10319443860;B
20240510;100103;1932;1;10319443951;B
20240510;100103;1932;10;10319443996;B
20240510;100104;1932;1;10319444125;B
20240510;100106;1932;1;10319444445;B
20240510;100106;1932;1;10319444446;B
20240510;100107;1931.8;20;10319444720;S
20240510;100108;1932;1;10319444905;B
20240510;100110;1932;7;10319445336;B
20240510;100110;1932;2;10319445341;B
20240510;100112;1932;2;10319445926;B
20240510;100113;1931.8;1;10319446152;S
20240510;100114;1931.8;1;10319446402;S
20240510;100116;1932;1;10319446661;B
20240510;100116;1932;5;10319446674;B
20240510;100117;1932;5;10319446772;B
20240510;100117;1932;1;10319446782;B
20240510;100117;1932;1;10319446879;B
20240510;100118;1932;1;10319447046;B
20240510;100118;1932;1;10319447056;B
20240510;100119;1932;443;10319447283;B
20240510;100119;1932;50;10319447284;B
20240510;100119;1932;270;10319447285;B
20240510;100120;1932;6;10319447330;S
20240510;100125;1932.2;1;10319448305;B
20240510;100125;1932.2;2;10319448306;B
20240510;100125;1932.4;11;10319448314;S
20240510;100125;1932.4;2;10319448315;S
20240510;100126;1932.8;9;10319448431;B
20240510;100126;1932.8;2;10319448441;B
20240510;100126;1933;1;10319448442;B
20240510;100126;1933;3;10319448443;B
20240510;100127;1932.8;2;10319448500;B
20240510;100127;1933;3;10319448501;B
20240510;100127;1933;139;10319448502;B
20240510;100127;1933.4;11;10319448503;B
20240510;100127;1932.6;1;10319448573;S
20240510;100129;1932.6;77;10319448801;S
20240510;100129;1932.4;17;10319448802;S
20240510;100129;1932.2;6;10319448803;S
20240510;100130;1933;1;10319449237;B
20240510;100131;1933.6;5;10319449360;B
20240510;100131;1933.6;5;10319449389;B
20240510;100131;1933.6;1;10319449392;B
20240510;100131;1933.6;6;10319449406;B
20240510;100131;1933.8;25;10319449407;B
20240510;100131;1933.8;3;10319449408;B
20240510;100133;1933;4;10319449564;B
20240510;100133;1933;36;10319449586;B
20240510;100133;1933.8;64;10319449587;B
20240510;100136;1933.6;1;10319450147;B
20240510;100137;1934.2;10;10319450204;B
20240510;100137;1934;3;10319450423;B
20240510;100137;1934;1;10319450424;B
20240510;100137;1934;80;10319450425;B
20240510;100137;1934.2;4;10319450448;B
20240510;100137;1934.2;4;10319450523;B
20240510;100137;1934.2;1;10319450529;B
20240510;100138;1934.2;25;10319450603;B
20240510;100138;1934.2;105;10319450663;B
20240510;100138;1934.4;94;10319450664;B
20240510;100138;1934.6;301;10319450665;B
20240510;100138;1934.6;5;10319450722;B
20240510;100139;1934.2;10;10319450767;S
20240510;100139;1934.2;10;10319450768;S
20240510;100139;1933.6;5;10319450779;S
20240510;100139;1934.4;1;10319450783;B
20240510;100139;1933.6;12;10319450785;S
20240510;100139;1933.4;6;10319450786;S
20240510;100139;1933.6;5;10319450794;S
20240510;100139;1933.6;18;10319450807;S
20240510;100140;1933.4;6;10319450970;S
20240510;100140;1933.4;4;10319450971;S
20240510;100140;1932.8;5;10319450973;S
20240510;100140;1932.8;5;10319450986;S
20240510;100141;1933.4;3;10319451261;B
20240510;100141;1933;5;10319451297;S
20240510;100142;1933.4;5;10319451443;B
20240510;100142;1933.4;1;10319451482;B
20240510;100144;1933.4;4;10319451895;B
20240510;100144;1933.4;17;10319451896;B
20240510;100144;1934;5;10319451897;B
20240510;100144;1934;40;10319451898;B
20240510;100144;1934.2;12;10319451899;B
20240510;100144;1934.6;194;10319451900;B
20240510;100144;1934.6;20;10319451901;B
20240510;100144;1934.6;1;10319451902;B
20240510;100144;1934.6;100;10319451903;B
20240510;100144;1934.6;5;10319451904;B
20240510;100144;1934.8;10;10319451905;B
20240510;100144;1934.8;1;10319451906;B
20240510;100144;1934.8;91;10319451907;B
20240510;100144;1934.6;7;10319451923;B
20240510;100145;1934.6;2;10319452141;B
20240510;100145;1934.6;1;10319452154;B
20240510;100146;1934.6;3;10319452275;B
20240510;100146;1934.8;2;10319452276;B
20240510;100146;1934.2;13;10319452277;S
20240510;100146;1934.8;1;10319452286;B
20240510;100146;1934.8;3;10319452287;B
20240510;100146;1934.8;1;10319452288;B
20240510;100148;1934.8;2;10319452595;B
20240510;100149;1934.2;1;10319452705;S
20240510;100149;1934;1;10319452799;S
20240510;100150;1934.6;1;10319452872;B
20240510;100150;1934.8;2;10319452873;B
20240510;100150;1934.8;2;10319452874;B
20240510;100150;1934.8;13;10319452875;B
20240510;100150;1934.8;78;10319452876;B
20240510;100150;1935;1;10319452877;B
20240510;100150;1935;1;10319452878;B
20240510;100150;1935;4;10319452879;B
20240510;100150;1935;16;10319452880;B
20240510;100150;1935;1;10319452881;B
20240510;100150;1935;51;10319452882;B
20240510;100150;1935;5;10319452883;B
20240510;100150;1935;2;10319452884;B
20240510;100150;1935;15;10319452885;B
20240510;100150;1935;1;10319452886;B
20240510;100150;1935;2;10319452887;B
20240510;100150;1935;20;10319452888;B
20240510;100150;1935;1;10319452889;B
20240510;100150;1935;15;10319452890;B
20240510;100150;1934.2;17;10319452966;S
20240510;100150;1934;73;10319452967;S
20240510;100150;1934.8;1;10319452984;B
20240510;100150;1934.8;29;10319452985;B
20240510;100150;1934;5;10319452986;S
20240510;100150;1934;3;10319452987;S
20240510;100151;1934.6;17;10319452990;B
20240510;100151;1934.8;5;10319452991;B
20240510;100151;1934.8;1;10319453030;B
20240510;100152;1935;25;10319453145;B
20240510;100152;1935;5;10319453146;B
20240510;100152;1935;24;10319453147;B
20240510;100152;1935;46;10319453148;B
20240510;100152;1935;77;10319453177;B
20240510;100152;1935;4;10319453273;B
20240510;100156;1934.4;1;10319453763;S
20240510;100157;1934.8;1;10319453981;B
20240510;100157;1934.6;3;10319454071;S
20240510;100157;1934.6;2;10319454078;S
20240510;100200;1935;1;10319454550;B
20240510;100200;1934.6;1;10319454626;S
20240510;100200;1934.6;24;10319454628;S
20240510;100200;1934.6;1;10319454634;S
20240510;100201;1935;4;10319454762;B
20240510;100201;1935;1;10319454872;B
20240510;100202;1935;3;10319454876;B
20240510;100202;1935;5;10319454882;B
20240510;100202;1934.6;2;10319455066;S
20240510;100203;1935;2;10319455205;B
20240510;100204;1934.6;30;10319455281;S
20240510;100204;1934.8;4;10319455327;B
20240510;100205;1934.8;1;10319455473;B
20240510;100205;1934.8;1;10319455501;B
20240510;100206;1934.8;5;10319455713;B
20240510;100207;1934.8;64;10319455967;B
20240510;100207;1935;13;10319455968;B
20240510;100207;1935;1;10319455969;B
20240510;100207;1935;1;10319455970;B
20240510;100207;1935;1;10319455971;B
20240510;100207;1935;1;10319455972;B
20240510;100207;1935;1;10319455973;B
20240510;100207;1935;10;10319455974;B
20240510;100207;1935;5;10319455975;B
20240510;100207;1935;2;10319455976;B
20240510;100207;1935;1;10319455977;B
20240510;100208;1935;8;10319456431;B
20240510;100208;1935;1;10319456432;B
20240510;100208;1935;1;10319456433;B
20240510;100208;1935;1;10319456434;B
20240510;100208;1935;9;10319456435;B
20240510;100208;1935;3;10319456436;B
20240510;100208;1935;2;10319456437;B
20240510;100208;1935;7;10319456438;B
20240510;100208;1935;3;10319456439;B
20240510;100208;1935;1;10319456440;B
20240510;100208;1935;2;10319456441;B
20240510;100208;1935;3;10319456442;B
20240510;100208;1935;5;10319456443;B
20240510;100208;1935;1;10319456444;B
20240510;100208;1935;3;10319456445;B
20240510;100210;1935;37;10319456865;B
20240510;100210;1935;5;10319456866;B
20240510;100210;1935;36;10319456867;B
20240510;100210;1935;10;10319456868;B
20240510;100210;1935;4;10319456869;B
20240510;100210;1935.2;200;10319456870;B
20240510;100210;1935.4;1;10319456871;B
20240510;100210;1935.4;3;10319456872;B
20240510;100210;1935.4;18;10319456873;B
20240510;100210;1935.6;3;10319456874;B
20240510;100210;1935.6;2;10319456875;B
20240510;100210;1935.6;2;10319456876;B
20240510;100210;1935.8;50;10319456877;B
20240510;100210;1935.8;1;10319456878;B
20240510;100210;1935.8;1;10319456879;B
20240510;100210;1935.8;12;10319456880;B
20240510;100210;1936;1;10319456881;B
20240510;100210;1936;9;10319456882;B
20240510;100210;1936;60;10319456883;B
20240510;100210;1936;20;10319456884;B
20240510;100210;1936;2;10319456885;B
20240510;100210;1936;1;10319456886;B
20240510;100210;1936;22;10319456887;B
20240510;100210;1936;10;10319456889;B
20240510;100210;1936;12;10319456894;B
20240510;100210;1936;1;10319456899;B
20240510;100210;1935.8;1;10319456924;S
20240510;100210;1935.8;1;10319456981;S
20240510;100211;1935.8;66;10319457017;S
20240510;100211;1935.8;4;10319457018;S
20240510;100211;1935.8;1;10319457019;S
20240510;100211;1935.8;5;10319457020;S
20240510;100211;1935.4;139;10319457022;S
20240510;100211;1935.2;11;10319457023;S
20240510;100211;1936;15;10319457024;B
20240510;100212;1935.4;139;10319457302;S
20240510;100212;1935.2;6;10319457303;S
20240510;100212;1935;12;10319457304;S
20240510;100212;1935;50;10319457305;S
20240510;100213;1935;293;10319457404;B
20240510;100213;1935.4;11;10319457405;B
20240510;100213;1935.8;43;10319457406;B
20240510;100213;1935.8;9;10319457407;B
20240510;100213;1936;144;10319457408;B
20240510;100213;1935.8;6;10319457445;B
20240510;100213;1936;20;10319457456;B
20240510;100213;1936;20;10319457472;B
20240510;100214;1936;20;10319457503;B
20240510;100214;1936;17;10319457524;B
20240510;100216;1936;1;10319458011;B
20240510;100222;1935.8;2;10319459143;S
20240510;100223;1935.8;1;10319459334;S
20240510;100225;1936;10;10319459568;B
20240510;100225;1936;1;10319459660;B
20240510;100226;1936;22;10319459678;B
20240510;100228;1936;1;10319460065;B
20240510;100228;1936;5;10319460111;B
20240510;100229;1936;1;10319460171;B
20240510;100230;1935.8;4;10319460331;S
20240510;100230;1936;78;10319460334;B
20240510;100230;1936;1;10319460335;B
20240510;100230;1936;1;10319460336;B
20240510;100230;1936;5;10319460337;B
20240510;100230;1936;1;10319460338;B
20240510;100230;1936;5;10319460339;B
20240510;100230;1936;19;10319460340;B
20240510;100230;1936;14;10319460341;B
20240510;100230;1936;1;10319460342;B
20240510;100230;1936;4;10319460343;B
20240510;100230;1936;1;10319460344;B
20240510;100230;1936;40;10319460345;B
20240510;100230;1936.2;52;10319460346;B
20240510;100230;1936.4;51;10319460347;B
20240510;100230;1936.4;1;10319460348;B
20240510;100230;1936.4;26;10319460349;B
20240510;100230;1936.2;1;10319460454;B
20240510;100230;1936.4;39;10319460455;B
20240510;100233;1936.2;1;10319460985;B
20240510;100234;1936.2;3;10319461024;B
20240510;100235;1935.8;1;10319461289;S
20240510;100235;1935.8;3;10319461360;S
20240510;100235;1936.2;1;10319461677;B
20240510;100235;1936.2;1;10319461678;B
20240510;100235;1936.2;1;10319461696;B
20240510;100235;1936.4;11;10319461697;B
20240510;100236;1935.8;1;10319461884;S
20240510;100236;1935.8;1;10319461964;S
20240510;100236;1936.4;2;10319462046;B
20240510;100237;1936.4;22;10319462190;B
20240510;100237;1936.4;38;10319462191;B
20240510;100238;1936.4;25;10319462316;B
20240510;100239;1936;52;10319462696;S
20240510;100242;1936.4;3;10319463106;B
20240510;100242;1936;10;10319463235;S
20240510;100243;1936.4;2;10319463333;B
20240510;100243;1936;68;10319463356;S
20240510;100243;1935.8;32;10319463357;S
20240510;100243;1935.8;9;10319463359;S
20240510;100243;1935.8;17;10319463360;S
20240510;100243;1935.6;100;10319463361;S
20240510;100243;1935.6;15;10319463362;S
20240510;100243;1935.4;12;10319463363;S
20240510;100243;1935.4;20;10319463364;S
20240510;100243;1935.4;68;10319463365;S
20240510;100243;1935.2;74;10319463367;S
20240510;100243;1935.4;35;10319463368;S
20240510;100243;1935.2;65;10319463369;S
20240510;100243;1935.2;100;10319463370;S
20240510;100244;1935;2;10319463463;S
20240510;100244;1935;50;10319463464;S
20240510;100244;1934.8;1;10319463466;S
20240510;100244;1935;20;10319463510;B
20240510;100244;1934.8;11;10319463511;S
20240510;100245;1934.8;9;10319463642;S
20240510;100245;1934.8;1;10319463643;S
20240510;100245;1934.6;11;10319463644;S
20240510;100245;1934.6;89;10319463645;S
20240510;100245;1934.6;50;10319463646;S
20240510;100245;1934.2;18;10319463647;S
20240510;100245;1934.2;42;10319463648;S
20240510;100245;1933.6;6;10319463682;S
20240510;100245;1933.6;44;10319463683;S
20240510;100245;1933.8;17;10319463684;S
20240510;100245;1933.6;19;10319463685;S
20240510;100245;1933.6;7;10319463686;S
20240510;100245;1933.6;15;10319463791;S
20240510;100245;1934.6;17;10319463854;B
20240510;100245;1934.8;78;10319463855;B
20240510;100245;1935;10;10319463856;B
20240510;100245;1935;12;10319463857;B
20240510;100245;1935;60;10319463858;B
20240510;100245;1935.6;43;10319463859;B
20240510;100245;1935.6;12;10319463860;B
20240510;100246;1935.8;3;10319463946;B
20240510;100248;1934.4;10;10319464232;S
20240510;100251;1934.4;5;10319464681;S
20240510;100252;1934.8;1;10319464845;B
20240510;100252;1935;17;10319464846;B
20240510;100252;1935.2;10;10319464847;B
20240510;100256;1934.4;54;10319465536;S
20240510;100256;1934.4;46;10319465537;S
20240510;100257;1935;5;10319465578;B
20240510;100259;1935;1;10319466049;B
20240510;100300;1934.2;3;10319466331;S
20240510;100300;1934.2;3;10319466370;S
20240510;100300;1934.6;100;10319466372;S
20240510;100300;1934.8;1;10319466407;B
20240510;100300;1935;9;10319466408;B
20240510;100300;1935;15;10319466409;B
20240510;100300;1935.2;68;10319466410;B
20240510;100300;1935.4;7;10319466411;B
20240510;100303;1935;1;10319467043;B
20240510;100305;1935;1;10319467267;B
20240510;100309;1935;4;10319467915;B
20240510;100309;1935;1;10319467916;B
20240510;100309;1935.2;3;10319467917;B
20240510;100310;1935.2;39;10319468084;B
20240510;100310;1935.2;19;10319468085;B
20240510;100310;1935.4;33;10319468086;B
20240510;100310;1935.4;100;10319468087;S
20240510;100310;1935.4;1;10319468101;S
20240510;100311;1935.4;58;10319468153;S
20240510;100311;1935.2;19;10319468154;S
20240510;100311;1935.2;17;10319468155;S
20240510;100311;1935;139;10319468156;S
20240510;100311;1934.2;139;10319468187;S
20240510;100311;1934;1;10319468188;S
20240510;100311;1934;12;10319468189;S
20240510;100311;1934;19;10319468190;S
20240510;100311;1933.8;17;10319468191;S
20240510;100311;1933.8;60;10319468192;S
20240510;100311;1933.6;27;10319468193;S
20240510;100311;1933.4;43;10319468194;S
20240510;100311;1933.4;44;10319468195;S
20240510;100311;1933.2;31;10319468196;S
20240510;100312;1933.4;1;10319468477;S
20240510;100316;1934.2;16;10319469048;S
20240510;100318;1934.6;10;10319469480;B
20240510;100318;1934.8;17;10319469481;B
20240510;100318;1934.8;18;10319469482;B
20240510;100318;1935;55;10319469483;B
20240510;100320;1935;1;10319469694;B
20240510;100323;1934.6;3;10319470141;S
20240510;100323;1934.6;8;10319470142;S
20240510;100323;1934.2;18;10319470143;S
20240510;100323;1934;92;10319470144;S
20240510;100324;1934.2;7;10319470270;B
20240510;100325;1933.2;2;10319470409;S
20240510;100327;1933.2;12;10319470697;S
20240510;100327;1933;6;10319470698;S
20240510;100328;1933.2;5;10319470740;S
20240510;100329;1933.8;10;10319470934;B
20240510;100329;1934.2;10;10319470935;B
20240510;100329;1934.2;12;10319470936;B
20240510;100329;1934.2;100;10319470937;S
20240510;100329;1934.2;5;10319470950;S
20240510;100331;1935.4;1;10319471141;B
20240510;100333;1934.4;4;10319471539;S
20240510;100333;1934.2;1;10319471540;S
20240510;100335;1934.8;1;10319471944;B
20240510;100335;1935.2;60;10319471945;B
20240510;100335;1935.4;130;10319471946;B
20240510;100335;1935.4;63;10319471947;B
20240510;100335;1935.6;12;10319471948;B
20240510;100335;1935.6;43;10319471949;B
20240510;100335;1935.6;78;10319471950;B
20240510;100335;1935.8;2;10319471951;B
20240510;100335;1935.8;48;10319471952;B
20240510;100335;1934.8;1;10319471973;S
20240510;100336;1934.8;1;10319471983;S
20240510;100338;1934.2;22;10319472287;S
20240510;100344;1934.4;1;10319472979;B
20240510;100344;1934.6;1;10319472980;B
20240510;100344;1934.6;17;10319472981;B
20240510;100344;1934.8;1;10319472982;B
20240510;100344;1934.8;44;10319472983;B
20240510;100345;1934.4;2;10319473128;S
20240510;100345;1934.2;48;10319473129;S
20240510;100345;1934.2;10;10319473134;S
20240510;100346;1934.2;10;10319473406;S
20240510;100347;1934.8;1;10319473565;B
20240510;100348;1934.8;10;10319473609;B
20240510;100348;1934.8;1;10319473703;B
20240510;100351;1934.2;16;10319473954;S
20240510;100356;1934.8;51;10319474505;B
20240510;100358;1934.8;1;10319474730;B
20240510;100400;1934.2;6;10319474968;S
20240510;100400;1934.2;17;10319474969;S
20240510;100400;1934.2;139;10319474970;S
20240510;100400;1934;12;10319474971;S
20240510;100400;1934;17;10319474972;S
20240510;100400;1933.8;31;10319474973;S
20240510;100400;1933.8;4;10319474974;S
20240510;100400;1933.8;60;10319474975;S
20240510;100400;1933.6;43;10319474976;S
20240510;100400;1933.4;1;10319474977;S
20240510;100400;1933.2;188;10319474978;S
20240510;100400;1933.2;78;10319474979;S
20240510;100400;1933;50;10319474980;S
20240510;100400;1932.8;59;10319474981;S
20240510;100400;1932.8;3;10319474982;S
20240510;100400;1932.6;600;10319474983;S
20240510;100400;1932;8;10319474984;S
20240510;100400;1932;25;10319474985;S
20240510;100400;1932;119;10319474986;S
20240510;100400;1933.4;1;10319474989;S
20240510;100400;1933.4;10;10319474990;S
20240510;100400;1932.6;17;10319474992;S
20240510;100400;1932;72;10319475010;S
20240510;100400;1933;1;10319475016;B
20240510;100400;1932.2;16;10319475115;S
20240510;100400;1932;2;10319475116;S
20240510;100405;1932.4;10;10319475687;B
20240510;100408;1932.4;1;10319476049;B
20240510;100408;1931.4;3;10319476110;S
20240510;100408;1931.4;3;10319476111;S
20240510;100408;1931.4;1;10319476112;S
20240510;100408;1931.4;22;10319476113;S
20240510;100411;1932.4;6;10319476399;B
20240510;100411;1932.4;2;10319476400;B
20240510;100411;1931.4;5;10319476406;S
20240510;100412;1932.2;1;10319476433;B
20240510;100413;1932.2;10;10319476625;B
20240510;100413;1932.2;5;10319476709;B
20240510;100413;1932.2;10;10319476710;B
20240510;100418;1931.6;17;10319477282;S
20240510;100418;1931.4;2;10319477283;S
20240510;100418;1931.4;11;10319477284;S
20240510;100421;1932;17;10319477714;B
20240510;100421;1932;16;10319477715;B
20240510;100421;1932;15;10319477716;B
20240510;100421;1932.2;60;10319477717;B
20240510;100421;1932.2;42;10319477718;B
20240510;100423;1931.4;16;10319477883;S
20240510;100423;1931.4;4;10319477884;S
20240510;100424;1931.4;13;10319478018;S
20240510;100424;1931.4;16;10319478019;S
20240510;100424;1931.2;17;10319478020;S
20240510;100425;1931.2;8;10319478120;S
20240510;100426;1932;4;10319478229;B
20240510;100426;1932.2;16;10319478230;B
20240510;100426;1932.2;60;10319478231;B
20240510;100426;1932.4;10;10319478232;B
20240510;100426;1932.4;1;10319478233;B
20240510;100426;1932.4;139;10319478234;B
20240510;100426;1932.8;50;10319478235;B
20240510;100427;1932.8;119;10319478323;S
20240510;100427;1932.8;50;10319478341;S
20240510;100427;1932.8;51;10319478380;S
20240510;100427;1932.8;10;10319478381;S
20240510;100427;1932.6;17;10319478382;S
20240510;100427;1932.6;16;10319478383;S
20240510;100427;1932.2;60;10319478384;S
20240510;100427;1931.8;139;10319478385;S
20240510;100427;1931.2;25;10319478386;S
20240510;100427;1931.2;41;10319478387;S
20240510;100427;1931.2;43;10319478388;S
20240510;100427;1931;28;10319478389;S
20240510;100427;1931;1;10319478390;S
20240510;100427;1930.8;188;10319478391;S
20240510;100427;1930.6;5;10319478392;S
20240510;100427;1930.4;600;10319478393;S
20240510;100427;1930.4;50;10319478394;S
20240510;100427;1930.2;600;10319478395;S
20240510;100427;1930;2;10319478396;S
20240510;100427;1930;1;10319478397;S
20240510;100427;1930;1;10319478398;S
20240510;100427;1930;1;10319478399;S
20240510;100427;1930;5;10319478400;S
20240510;100427;1930;600;10319478401;S
20240510;100427;1930;120;10319478402;S
20240510;100427;1929.2;78;10319478403;S
20240510;100427;1929;13;10319478404;S
20240510;100427;1929;1;10319478405;S
20240510;100427;1929;1;10319478406;S
20240510;100427;1929;10;10319478407;S
20240510;100427;1929;54;10319478408;S
20240510;100427;1929;2;10319478409;S
20240510;100427;1928.8;1;10319478410;S
20240510;100427;1928.6;3;10319478411;S
20240510;100427;1928.4;6;10319478412;S
20240510;100427;1928.4;2;10319478413;S
20240510;100427;1928.4;63;10319478414;S
20240510;100427;1928.2;1;10319478415;S
20240510;100427;1928.2;1;10319478416;S
20240510;100427;1928.2;1;10319478417;S
20240510;100427;1928.2;5;10319478418;S
20240510;100427;1928.2;1;10319478419;S
20240510;100427;1928.2;1;10319478420;S
20240510;100427;1928.2;1;10319478421;S
20240510;100427;1928.2;2;10319478422;S
20240510;100427;1928.2;1;10319478423;S
20240510;100427;1928.2;21;10319478424;S
20240510;100427;1928.2;2;10319478425;S
20240510;100427;1928.2;4;10319478426;S
20240510;100427;1928.2;1;10319478427;S
20240510;100427;1928.2;50;10319478428;S
20240510;100427;1928.2;2;10319478429;S
20240510;100427;1928.2;8;10319478430;S
20240510;100427;1928.2;2;10319478431;S
20240510;100427;1928.2;1;10319478432;S
20240510;100427;1928;1;10319478433;S
20240510;100427;1928;24;10319478434;S
20240510;100427;1928;1;10319478435;S
20240510;100427;1928;130;10319478436;S
20240510;100427;1927.8;500;10319478437;S
20240510;100427;1927.8;337;10319478438;S
20240510;100427;1927.6;4;10319478439;S
20240510;100427;1927.6;46;10319478440;S
20240510;100427;1927.6;3;10319478441;S
20240510;100427;1927.6;49;10319478442;S
20240510;100427;1927.6;1;10319478443;S
20240510;100427;1927.6;6;10319478444;S
20240510;100427;1927.6;1;10319478445;S
20240510;100427;1927.6;4;10319478446;S
20240510;100427;1927.6;37;10319478447;S
20240510;100427;1927.6;3;10319478448;S
20240510;100427;1927.2;1;10319478449;S
20240510;100427;1927.2;1;10319478450;S
20240510;100427;1927.2;1;10319478451;S
20240510;100427;1927.2;1;10319478452;S
20240510;100427;1927.2;700;10319478453;S
20240510;100427;1927;5;10319478454;S
20240510;100427;1927;1000;10319478455;S
20240510;100427;1927;25;10319478456;S
20240510;100427;1927;10;10319478457;S
20240510;100427;1927;2;10319478458;S
20240510;100427;1926;1;10319478459;S
20240510;100427;1926;30;10319478460;S
20240510;100427;1926;1;10319478461;S
20240510;100427;1926;3;10319478462;S
20240510;100427;1926;1;10319478463;S
20240510;100427;1926;5;10319478464;S
20240510;100427;1926;1;10319478465;S
20240510;100427;1925.2;1;10319478466;S
20240510;100427;1925;25;10319478467;S
20240510;100427;1925;3;10319478468;S
20240510;100427;1925;5;10319478469;S
20240510;100427;1925;1;10319478470;S
20240510;100427;1925;87;10319478471;S
20240510;100427;1925.4;43;10319478472;B
20240510;100427;1925.8;17;10319478475;B
20240510;100427;1927;20;10319478476;S
20240510;100428;1927.2;1;10319478481;S
20240510;100428;1927.4;9;10319478482;S
20240510;100428;1927.2;1;10319478483;S
20240510;100428;1927;20;10319478492;S
20240510;100428;1926.8;20;10319478497;B
20240510;100428;1927.2;1;10319478498;S
20240510;100428;1927.6;5;10319478503;S
20240510;100428;1927.6;10;10319478504;S
20240510;100428;1927.6;1;10319478507;S
20240510;100428;1927.6;47;10319478509;S
20240510;100428;1927.4;140;10319478510;S
20240510;100428;1927;43;10319478511;S
20240510;100428;1927;60;10319478512;S
20240510;100428;1926.8;400;10319478513;S
20240510;100428;1925.6;8;10319478514;S
20240510;100428;1925.6;9;10319478515;S
20240510;100428;1925.4;1;10319478516;S
20240510;100428;1927.6;63;10319478517;S
20240510;100428;1925.6;25;10319478518;S
20240510;100428;1927.6;20;10319478519;B
20240510;100428;1928.2;13;10319478520;B
20240510;100428;1928.2;20;10319478521;B
20240510;100428;1928.2;43;10319478522;B
20240510;100428;1928.2;60;10319478523;B
20240510;100428;1928.4;8;10319478524;B
20240510;100428;1926.6;37;10319478525;S
20240510;100428;1928.2;2;10319478531;B
20240510;100428;1927;20;10319478545;S
20240510;100428;1927;20;10319478551;S
20240510;100428;1927.4;20;10319478570;S
20240510;100428;1928;17;10319478572;B
20240510;100428;1928.2;33;10319478573;B
20240510;100428;1927.4;20;10319478604;S
20240510;100428;1927.4;2;10319478612;S
20240510;100428;1927.6;2;10319478614;S
20240510;100428;1927.6;10;10319478615;S
20240510;100429;1927.6;2;10319478641;S
20240510;100429;1927.4;17;10319478648;S
20240510;100429;1927.2;3;10319478649;S
20240510;100429;1928;6;10319478651;B
20240510;100429;1928.2;105;10319478652;B
20240510;100429;1928.4;60;10319478653;B
20240510;100429;1928.6;20;10319478654;B
20240510;100429;1929;9;10319478655;B
20240510;100429;1928.4;17;10319478671;B
20240510;100429;1928.6;1;10319478672;B
20240510;100429;1928.6;50;10319478693;S
20240510;100433;1929.8;131;10319479212;B
20240510;100435;1929.8;25;10319479380;B
20240510;100436;1929.8;10;10319479452;B
20240510;100436;1929.6;1;10319479507;S
20240510;100437;1929.8;1;10319479523;B
20240510;100439;1929.2;2;10319479783;S
20240510;100440;1929;17;10319479845;S
20240510;100440;1929;28;10319479846;S
20240510;100442;1929.6;1;10319480047;B
20240510;100442;1929.6;1;10319480074;B
20240510;100443;1929;30;10319480156;S
20240510;100443;1929.6;1;10319480219;B
20240510;100444;1929.6;1;10319480409;B
20240510;100446;1929.6;1;10319480666;B
20240510;100446;1929;3;10319480704;S
20240510;100449;1929.4;6;10319481076;S
20240510;100449;1929.2;7;10319481077;S
20240510;100450;1929.2;2;10319481113;S
20240510;100450;1929.2;4;10319481121;S
20240510;100450;1929.2;4;10319481122;S
20240510;100450;1929.2;4;10319481123;S
20240510;100450;1929;37;10319481124;S
20240510;100450;1929;45;10319481125;S
20240510;100450;1929;100;10319481126;S
20240510;100450;1929;1;10319481127;S
20240510;100450;1929;7;10319481128;S
20240510;100454;1929.4;1;10319481739;S
20240510;100456;1929.4;3;10319482000;B
20240510;100456;1929.6;16;10319482001;B
20240510;100456;1929.6;15;10319482002;B
20240510;100458;1929.8;1;10319482176;B
20240510;100504;1929.8;1;10319483226;B
20240510;100506;1929.6;3;10319483533;S
20240510;100507;1929.8;30;10319483611;B
20240510;100507;1929.8;14;10319483612;B
20240510;100507;1929.8;6;10319483613;B
20240510;100508;1929.8;27;10319483711;B
20240510;100510;1929.8;1;10319484010;B
20240510;100511;1929.8;14;10319484213;B
20240510;100511;1929.8;11;10319484214;B
20240510;100511;1929.8;15;10319484215;B
20240510;100513;1929.8;2;10319484436;S
20240510;100513;1929.8;20;10319484447;S
20240510;100514;1929.8;9;10319484648;S
20240510;100514;1930;1;10319484682;B
20240510;100515;1930;1;10319484726;B
20240510;100515;1930;1;10319484791;B
20240510;100515;1930.2;15;10319484802;B
20240510;100515;1930.4;60;10319484803;B
20240510;100515;1930.4;8;10319484804;B
20240510;100515;1930.4;139;10319484805;B
20240510;100515;1930.8;4;10319484843;B
20240510;100515;1930.8;37;10319484844;B
20240510;100518;1931.2;100;10319485100;B
20240510;100518;1931;1;10319485101;S
20240510;100518;1931;6;10319485106;B
20240510;100519;1930.6;1;10319485290;S
20240510;100521;1931;200;10319485535;B
20240510;100522;1931;200;10319485647;B
20240510;100528;1931.2;1;10319486347;B
20240510;100528;1931.2;92;10319486349;B
20240510;100528;1931.4;7;10319486350;B
20240510;100528;1931.4;60;10319486351;B
20240510;100528;1931.4;16;10319486352;B
20240510;100528;1931.8;2;10319486353;B
20240510;100528;1931.8;25;10319486354;B
20240510;100528;1932;180;10319486355;B
20240510;100528;1932.2;188;10319486356;B
20240510;100528;1932.2;139;10319486357;B
20240510;100528;1932.4;19;10319486358;B
20240510;100528;1932.4;43;10319486359;B
20240510;100528;1932.6;50;10319486360;B
20240510;100528;1932.8;179;10319486361;B
20240510;100528;1932;12;10319486362;B
20240510;100529;1932.2;3;10319486553;S
20240510;100530;1933;31;10319486699;S
20240510;100531;1932.2;50;10319486778;S
20240510;100534;1932.8;16;10319487149;B
20240510;100534;1932.8;16;10319487150;B
20240510;100534;1933;60;10319487151;B
20240510;100534;1933;58;10319487152;B
20240510;100534;1932.2;17;10319487158;S
20240510;100534;1932.2;13;10319487159;S
20240510;100536;1932.8;17;10319487501;B
20240510;100536;1933;42;10319487502;B
20240510;100536;1933;60;10319487503;B
20240510;100536;1933;11;10319487504;B
20240510;100536;1933.2;20;10319487505;B
20240510;100537;1933;5;10319487624;S
20240510;100537;1933;5;10319487626;S
20240510;100537;1933;10;10319487627;S
20240510;100537;1933;10;10319487631;S
20240510;100537;1933;5;10319487644;S
20240510;100537;1932.8;18;10319487660;S
20240510;100545;1932.8;1;10319488632;S
20240510;100548;1933.4;28;10319488961;B
20240510;100548;1933.6;17;10319488962;B
20240510;100548;1933.6;25;10319488963;B
20240510;100548;1933.8;5;10319488964;B
20240510;100548;1933.8;63;10319488965;B
20240510;100548;1933.8;49;10319488966;B
20240510;100548;1933.8;43;10319488967;B
20240510;100548;1933.8;63;10319488969;B
20240510;100548;1933.8;25;10319489018;B
20240510;100548;1932.8;1;10319489039;S
20240510;100549;1933.8;5;10319489052;B
20240510;100551;1933.8;9;10319489307;B
20240510;100551;1933.8;3;10319489331;B
20240510;100552;1933.8;60;10319489367;B
20240510;100552;1934;5;10319489368;B
20240510;100552;1934;35;10319489369;B
20240510;100552;1934;6;10319489370;B
20240510;100553;1934;3;10319489523;B
20240510;100555;1934.2;8;10319489629;B
20240510;100557;1934;5;10319489906;B
20240510;100557;1934;17;10319489907;B
20240510;100557;1934.2;14;10319489908;B
20240510;100558;1934.4;16;10319489998;B
20240510;100601;1934.2;40;10319490298;B
20240510;100601;1934.2;18;10319490299;B
20240510;100601;1934.4;4;10319490300;B
20240510;100602;1934;1;10319490336;S
20240510;100606;1934;65;10319490688;S
20240510;100608;1934;4;10319490952;S
20240510;100610;1934;4;10319491223;S
20240510;100610;1934;26;10319491224;S
20240510;100611;1934;5;10319491429;S
20240510;100611;1934;10;10319491430;S
20240510;100611;1934;18;10319491432;S
20240510;100611;1934;5;10319491437;S
20240510;100613;1934.2;1;10319491598;B
20240510;100613;1934;4;10319491605;S
20240510;100613;1934.2;104;10319491641;B
20240510;100613;1934.2;18;10319491642;B
20240510;100613;1934.2;65;10319491643;B
20240510;100613;1934.2;63;10319491644;B
20240510;100614;1934.2;4;10319491662;B
20240510;100614;1934;7;10319491678;S
20240510;100615;1934;20;10319491717;S
20240510;100616;1934.2;50;10319491891;B
20240510;100617;1934;5;10319492036;S
20240510;100617;1934;1;10319492037;S
20240510;100617;1934;4;10319492038;S
20240510;100617;1934.2;1;10319492090;B
20240510;100620;1934;4;10319492457;S
20240510;100621;1934;1;10319492533;B
20240510;100623;1934;1;10319492819;B
20240510;100624;1934;1;10319492946;B
20240510;100626;1934;1;10319493141;B
20240510;100631;1934;4;10319493760;B
20240510;100633;1933.8;2;10319493967;S
20240510;100636;1934;8;10319494369;B
20240510;100636;1934;18;10319494370;B
20240510;100636;1934;14;10319494371;B
20240510;100646;1934;116;10319495423;B
20240510;100646;1934;35;10319495424;B
20240510;100646;1934;19;10319495425;B
20240510;100646;1934.2;39;10319495426;B
20240510;100646;1934.2;1;10319495427;B
20240510;100646;1934.2;1;10319495428;B
20240510;100646;1934.2;1;10319495429;B
20240510;100646;1934.2;43;10319495430;B
20240510;100646;1934.4;131;10319495431;B
20240510;100648;1934;18;10319495692;S
20240510;100648;1934;1;10319495693;S
20240510;100650;1933.8;100;10319495865;S
20240510;100654;1934;2;10319496244;B
20240510;100655;1934;2;10319496337;B
20240510;100655;1934;90;10319496418;B
20240510;100656;1933.8;1;10319496479;S
20240510;100657;1933.8;3;10319496539;S
20240510;100659;1933.8;3;10319496824;S
20240510;100701;1933.8;10;10319497063;S
20240510;100701;1934;237;10319497071;B
20240510;100701;1934;19;10319497072;B
20240510;100701;1934;43;10319497073;B
20240510;100701;1934;1;10319497074;B
20240510;100703;1934;121;10319497200;B
20240510;100704;1934;3;10319497259;B
20240510;100705;1934;1;10319497358;B
20240510;100706;1934;2;10319497427;B
20240510;100706;1933.8;4;10319497456;S
20240510;100710;1934;1;10319497841;B
20240510;100711;1933.8;50;10319497970;S
20240510;100711;1934;10;10319497979;B
20240510;100716;1934;1;10319498503;B
20240510;100719;1933.8;1;10319498789;S
20240510;100719;1934;2;10319498811;B
20240510;100720;1934;23;10319498982;B
20240510;100721;1934;7;10319499039;B
20240510;100721;1934;17;10319499065;B
20240510;100721;1934;22;10319499077;B
20240510;100725;1933.8;1;10319499463;S
20240510;100728;1934;1;10319499812;B
20240510;100729;1933.8;1;10319499862;S
20240510;100730;1934;1;10319500001;B
20240510;100730;1934;31;10319500017;B
20240510;100732;1933.8;4;10319500103;S
20240510;100733;1933.8;5;10319500244;S
20240510;100735;1933.8;1;10319500481;S
20240510;100737;1933.8;2;10319500745;S
20240510;100738;1934;25;10319500876;B
20240510;100740;1933.8;200;10319501076;S
20240510;100742;1934;200;10319501269;B
20240510;100748;1934;50;10319501817;B
20240510;100748;1933.8;2;10319501828;S
20240510;100750;1933.8;10;10319502157;S
20240510;100750;1934;5;10319502158;B
20240510;100750;1933.8;1;10319502176;S
20240510;100751;1933.8;1;10319502332;S
20240510;100756;1933.8;5;10319502873;S
20240510;100757;1934;2;10319502950;B
20240510;100757;1933.8;1;10319502972;S
20240510;100759;1933.8;40;10319503078;S
20240510;100800;1934;1;10319503203;B
20240510;100803;1934;50;10319503491;B
20240510;100807;1934;1;10319503805;B
20240510;100808;1933.8;8;10319503885;S
20240510;100809;1934;1;10319504023;B
20240510;100810;1933.8;1;10319504078;S
20240510;100811;1933.8;1;10319504160;S
20240510;100811;1934;10;10319504192;B
20240510;100811;1934;1;10319504205;B
20240510;100812;1933.8;11;10319504222;S
20240510;100813;1933.8;1;10319504300;S
20240510;100814;1933.8;18;10319504507;S
20240510;100814;1933.8;1;10319504508;S
20240510;100814;1933.8;6;10319504509;S
20240510;100814;1933.6;8;10319504510;S
20240510;100814;1933.6;16;10319504511;B
20240510;100816;1933.8;20;10319504730;B
20240510;100817;1933.8;130;10319504781;B
20240510;100817;1933.8;1;10319504822;B
20240510;100818;1933.6;1;10319504871;S
20240510;100818;1933.6;27;10319504874;B
20240510;100818;1933.6;60;10319504876;B
20240510;100818;1933.8;1;10319504960;S
20240510;100819;1934;1;10319504986;B
20240510;100820;1933.8;30;10319505117;S
20240510;100820;1933.8;2;10319505134;S
20240510;100824;1933.6;2;10319505613;S
20240510;100824;1933.6;139;10319505614;B
20240510;100824;1933.6;28;10319505615;B
20240510;100825;1933.6;1;10319505711;B
20240510;100830;1933;11;10319506044;S
20240510;100830;1933;7;10319506111;S
20240510;100830;1933;10;10319506112;S
20240510;100830;1933;17;10319506113;S
20240510;100830;1932.8;10;10319506114;S
20240510;100830;1932.8;5;10319506115;S
20240510;100830;1932.8;1;10319506116;S
20240510;100832;1933.4;1;10319506266;B
20240510;100836;1932.8;1;10319506761;S
20240510;100840;1932.8;4;10319507142;S
20240510;100840;1933.4;16;10319507169;B
20240510;100840;1933.4;1;10319507170;B
20240510;100840;1933.4;1;10319507171;B
20240510;100840;1933.6;10;10319507172;B
20240510;100840;1933.6;1;10319507173;B
20240510;100840;1933.6;1;10319507174;B
20240510;100840;1933.6;9;10319507175;B
20240510;100840;1933.8;40;10319507176;B
20240510;100840;1933.8;11;10319507177;B
20240510;100840;1933.8;40;10319507178;B
20240510;100841;1933.2;1;10319507188;S
20240510;100841;1933.2;13;10319507199;S
20240510;100841;1933.2;3;10319507225;S
20240510;100841;1933.2;1;10319507226;S
20240510;100841;1933.2;2;10319507265;S
20240510;100842;1933.8;1;10319507360;B
20240510;100843;1933.8;14;10319507520;B
20240510;100848;1933.8;1;10319508024;B
20240510;100859;1933.4;1;10319509155;B
20240510;100859;1933.6;9;10319509156;B
20240510;100905;1933.6;3;10319510048;B
20240510;100906;1933.6;3;10319510091;B
20240510;100906;1933.6;5;10319510161;B
20240510;100907;1933.6;1;10319510285;B
20240510;100912;1933.8;1;10319510811;B
20240510;100912;1933.8;50;10319510812;B
20240510;100912;1933.8;1;10319510813;B
20240510;100912;1933.8;10;10319510814;B
20240510;100912;1933.8;40;10319510815;B
20240510;100912;1933.8;18;10319510816;B
20240510;100922;1933.6;1;10319512342;S
20240510;100922;1934;80;10319512354;B
20240510;100922;1933.8;2;10319512381;S
20240510;100923;1934;52;10319512465;B
20240510;100923;1933.8;35;10319512502;S
20240510;100930;1934;1;10319513558;B
20240510;100930;1934;31;10319513665;B
20240510;100931;1934;1;10319513744;B
20240510;100943;1933.8;1;10319515205;S
20240510;100947;1933.8;6;10319515783;S
20240510;100953;1934;3;10319516687;B
20240510;100954;1934;50;10319516758;B
20240510;100955;1934;1;10319516894;B
20240510;101000;1934;1;10319517320;B
20240510;101000;1934;20;10319517336;B
20240510;101000;1934;2;10319517396;B
20240510;101001;1934;3;10319517398;B
20240510;101001;1934;2;10319517402;B
20240510;101001;1934;1;10319517423;B
20240510;101001;1934;1;10319517424;B
20240510;101001;1934;1;10319517425;B
20240510;101001;1934;2;10319517426;B
20240510;101001;1934;1;10319517427;B
20240510;101001;1934;1;10319517428;B
20240510;101001;1934;2;10319517506;B
20240510;101004;1934;1;10319517874;B
20240510;101008;1933.8;1;10319518523;S
20240510;101011;1933.8;14;10319518877;S
20240510;101014;1933.8;30;10319519178;S
20240510;101014;1933.8;52;10319519179;S
20240510;101014;1933.6;43;10319519180;S
20240510;101014;1933.6;77;10319519181;S
20240510;101019;1934;40;10319519888;B
20240510;101020;1933.8;1;10319519940;S
20240510;101020;1933.6;52;10319519941;S
20240510;101020;1934;1;10319520040;B
20240510;101023;1934;2;10319520361;B
20240510;101026;1934;1;10319520693;B
20240510;101030;1934;1;10319521134;B
20240510;101031;1933.8;5;10319521205;S
20240510;101031;1934;3;10319521256;B
20240510;101032;1933.8;1;10319521394;S
20240510;101032;1934;10;10319521398;B
20240510;101034;1934;1;10319521650;B
20240510;101036;1934;20;10319521969;B
20240510;101037;1933.6;5;10319522022;S
20240510;101038;1934;1;10319522128;B
20240510;101038;1934;5;10319522206;B
20240510;101039;1934;90;10319522300;B
20240510;101040;1934;5;10319522425;B
20240510;101043;1934;1;10319522629;B
20240510;101047;1934;2;10319523242;B
20240510;101057;1933.8;2;10319524562;S
20240510;101057;1933.8;26;10319524575;S
20240510;101057;1933.8;1;10319524588;S
20240510;101100;1934;709;10319524906;B
20240510;101100;1934;28;10319525190;B
20240510;101100;1933.8;37;10319525604;S
20240510;101100;1933.8;13;10319525605;S
20240510;101104;1933.8;2;10319526193;S
20240510;101105;1933.8;1;10319526336;S
20240510;101109;1934;1;10319526768;B
20240510;101109;1934;7;10319526837;B
20240510;101112;1933.8;35;10319527180;S
20240510;101112;1933.6;5;10319527181;S
20240510;101112;1933.6;93;10319527182;S
20240510;101112;1933.4;62;10319527183;S
20240510;101119;1933.4;3;10319528166;S
20240510;101123;1933.4;127;10319528494;S
20240510;101123;1933.4;3;10319528495;S
20240510;101126;1933.2;24;10319529022;S
20240510;101127;1933.8;1;10319529103;B
20240510;101127;1933.8;1;10319529104;B
20240510;101127;1934;19;10319529105;B
20240510;101131;1933.8;1;10319529605;S
20240510;101137;1934;1;10319530528;B
20240510;101144;1934;2;10319531739;B
20240510;101152;1934;50;10319532828;B
20240510;101156;1934;5;10319533241;B
20240510;101156;1933.8;30;10319533338;S
20240510;101159;1933.2;2;10319533723;S
20240510;101159;1933.6;12;10319533730;B
20240510;101159;1933.6;43;10319533752;B
20240510;101159;1933.6;1;10319533753;B
20240510;101159;1933.8;56;10319533754;B
20240510;101203;1933.6;2;10319534444;B
20240510;101203;1933;18;10319534501;S
20240510;101203;1933;1;10319534502;S
20240510;101203;1933;19;10319534503;S
20240510;101203;1933;36;10319534504;S
20240510;101203;1933;16;10319534505;S
20240510;101204;1932.8;50;10319534559;S
20240510;101205;1933.4;6;10319534800;B
20240510;101210;1932.6;2;10319535663;S
20240510;101212;1933;3;10319535952;B
20240510;101215;1932.6;1;10319536376;S
20240510;101219;1932.6;9;10319536784;S
20240510;101219;1932.6;139;10319536785;S
20240510;101219;1932.4;17;10319536786;S
20240510;101219;1932.4;36;10319536787;S
20240510;101219;1932.2;5;10319536788;S
20240510;101219;1932.2;4;10319536789;S
20240510;101219;1932;6;10319536790;S
20240510;101219;1932;24;10319536791;S
20240510;101219;1932;43;10319536792;S
20240510;101223;1931.8;57;10319537295;S
20240510;101225;1931.8;3;10319537558;S
20240510;101229;1931.8;5;10319538070;S
20240510;101230;1931.4;4;10319538121;S
20240510;101230;1931.2;7;10319538127;S
20240510;101230;1931.2;6;10319538128;S
20240510;101230;1931.6;3;10319538193;B
20240510;101231;1931;2;10319538238;S
20240510;101247;1931.6;3;10319540747;B
20240510;101248;1931.2;1;10319540960;S
20240510;101248;1931.6;1;10319541047;B
20240510;101250;1931.2;1;10319541242;S
20240510;101252;1931.2;2;10319541495;S
20240510;101252;1931.2;3;10319541496;S
20240510;101253;1931.2;7;10319541620;B
20240510;101256;1931.2;1;10319541999;B
20240510;101300;1931.2;1;10319542396;B
20240510;101301;1931;4;10319542528;S
20240510;101314;1931.2;1;10319544310;B
20240510;101317;1931.2;1;10319544641;B
20240510;101318;1931;5;10319544789;S
20240510;101318;1931;12;10319544790;S
20240510;101318;1930.8;36;10319544791;S
20240510;101318;1930.8;9;10319544864;S
20240510;101318;1930.4;1;10319544865;S
20240510;101319;1930.6;1;10319544893;S
20240510;101327;1931.2;1;10319545833;B
20240510;101327;1930.8;3;10319545903;S
20240510;101327;1930.6;7;10319545904;S
20240510;101334;1931.2;11;10319546956;B
20240510;101334;1931;7;10319546978;S
20240510;101342;1931;3;10319547846;S
20240510;101344;1931.2;15;10319548144;B
20240510;101345;1931;16;10319548235;S
20240510;101348;1931.2;2;10319548583;B
20240510;101349;1931;4;10319548600;S
20240510;101352;1931.2;2;10319549045;B
20240510;101352;1931.2;1;10319549090;B
20240510;101359;1931;1;10319550043;S
20240510;101359;1931;1;10319550044;S
20240510;101404;1931.2;1;10319550509;B
20240510;101405;1931.2;1;10319550551;B
20240510;101411;1931.2;1;10319551206;B
20240510;101420;1931.2;1;10319552190;B
20240510;101424;1931.2;1;10319552718;B
20240510;101428;1931;3;10319553695;S
20240510;101430;1931.2;3;10319553983;B
20240510;101434;1931.2;1;10319554310;B
20240510;101442;1931.2;5;10319555656;B
20240510;101444;1931;36;10319555903;S
20240510;101449;1931;1;10319556467;S
20240510;101455;1931;2;10319557065;S
20240510;101457;1931.2;1;10319557370;B
20240510;101501;1931.2;1;10319558067;B
20240510;101505;1931.2;1;10319559100;B
20240510;101510;1931.2;5;10319560485;B
20240510;101512;1931.2;1;10319560978;B
20240510;101514;1931.2;5;10319561561;B
20240510;101515;1931.2;1;10319561734;B
20240510;101516;1931;1;10319561961;S
20240510;101521;1931.2;1;10319563351;B
20240510;101521;1931.2;2;10319563395;B
20240510;101522;1931.2;1;10319563644;B
20240510;101524;1931;35;10319564279;S
20240510;101526;1931;1;10319564686;S
20240510;101526;1931.2;7;10319564708;B
20240510;101526;1931.2;10;10319564823;B
20240510;101529;1931;21;10319565877;S
20240510;101529;1931;1;10319565878;S
20240510;101529;1931;3;10319565879;S
20240510;101529;1931;38;10319565880;S
20240510;101529;1931;37;10319565881;S
20240510;101530;1931.2;1;10319566040;B
20240510;101530;1931.2;31;10319566124;B
20240510;101532;1931.2;2;10319566501;B
20240510;101532;1931.2;1;10319566521;B
20240510;101532;1931;1;10319566591;S
20240510;101537;1931.2;36;10319568012;B
20240510;101538;1931.2;1;10319568209;B
20240510;101539;1931;5;10319568425;S
20240510;101542;1931.2;1;10319569230;B
20240510;101544;1931.2;1;10319569627;B
20240510;101544;1931.2;14;10319569747;B
20240510;101545;1931.2;1;10319569850;B
20240510;101546;1931.2;3;10319570068;B
20240510;101549;1931;28;10319570897;S
20240510;101549;1931;38;10319570898;S
20240510;101549;1931;78;10319570899;S
20240510;101549;1931;20;10319570900;S
20240510;101549;1931;10;10319570901;S
20240510;101549;1931;63;10319570902;S
20240510;101549;1931;130;10319570903;S
20240510;101549;1931;3;10319570904;S
20240510;101549;1931;172;10319570905;B
20240510;101549;1931;21;10319570907;S
20240510;101549;1931.2;49;10319570908;B
20240510;101549;1931.2;3;10319570913;B
20240510;101549;1931;16;10319570990;S
20240510;101551;1931;1;10319571427;S
20240510;101552;1931;1;10319571688;S
20240510;101553;1931.2;1;10319571919;B
20240510;101553;1931.2;2;10319571929;B
20240510;101554;1931.2;43;10319572053;B
20240510;101556;1931.2;44;10319573236;B
20240510;101556;1931.2;9;10319573237;B
20240510;101557;1931;3;10319573305;S
20240510;101557;1931.2;2;10319573306;B
20240510;101558;1931.2;1;10319573586;B
20240510;101559;1931.2;1;10319573722;B
20240510;101559;1931.2;10;10319573894;B
20240510;101601;1931.2;100;10319574360;B
20240510;101602;1931.2;1;10319574488;B
20240510;101605;1931.2;2;10319575141;B
20240510;101605;1931.2;67;10319575142;B
20240510;101606;1931.2;1;10319575423;B
20240510;101607;1931;36;10319575496;S
20240510;101607;1931;63;10319575497;S
20240510;101607;1931;11;10319575498;S
20240510;101607;1931.2;11;10319575499;B
20240510;101611;1931.2;10;10319576356;B
20240510;101611;1931.2;39;10319576357;B
20240510;101611;1931;1;10319576363;S
20240510;101611;1931;6;10319576423;S
20240510;101612;1931;1;10319576575;S
20240510;101612;1931.2;7;10319576576;B
20240510;101612;1931.2;1;10319576626;B
20240510;101613;1931.2;31;10319576689;B
20240510;101613;1931.2;16;10319576701;B
20240510;101613;1931.2;8;10319576819;B
20240510;101613;1931.2;1;10319576820;B
20240510;101613;1931.2;15;10319576821;B
20240510;101613;1931.2;1;10319576822;B
20240510;101613;1931.2;17;10319576823;B
20240510;101613;1931.2;4;10319576824;B
20240510;101613;1931.2;5;10319576825;B
20240510;101613;1931.4;3;10319576851;B
20240510;101613;1931.2;1;10319576856;S
20240510;101613;1931.4;1;10319576874;B
20240510;101614;1931.4;1;10319577008;S
20240510;101616;1931.6;1;10319577303;B
20240510;101616;1931.6;1;10319577411;B
20240510;101620;1931.6;10;10319578330;B
20240510;101620;1931.6;10;10319578331;B
20240510;101620;1931.6;12;10319578332;B
20240510;101620;1932;689;10319578333;B
20240510;101620;1932;23;10319578334;B
20240510;101624;1932;2;10319579651;B
20240510;101625;1932;1;10319579761;B
20240510;101625;1932;2;10319579794;B
20240510;101625;1932;1;10319579893;B
20240510;101626;1931.6;1;10319580176;S
20240510;101627;1931.6;10;10319580351;S
20240510;101628;1932;1;10319580757;B
20240510;101628;1932;1;10319580758;B
20240510;101630;1932;1;10319581312;B
20240510;101630;1932;1;10319581313;B
20240510;101631;1932;1;10319581453;B
20240510;101631;1931.6;1;10319581552;S
20240510;101632;1932;4;10319581763;B
20240510;101633;1932;1;10319581932;B
20240510;101633;1932;1;10319581936;B
20240510;101634;1932;92;10319582352;B
20240510;101635;1932.2;10;10319582461;B
20240510;101636;1933;1;10319582685;B
20240510;101637;1933;1;10319583092;B
20240510;101638;1932.8;1;10319583233;S
20240510;101638;1932.8;3;10319583247;S
20240510;101639;1932.8;1;10319583502;S
20240510;101641;1932.8;1;10319584013;S
20240510;101642;1933;1;10319584109;B
20240510;101642;1933;1;10319584324;B
20240510;101643;1933;1;10319584418;B
20240510;101653;1933;1;10319586901;B
20240510;101654;1933;2;10319587353;B
20240510;101656;1933;1;10319587870;B
20240510;101657;1933;1;10319588225;B
20240510;101658;1933;1;10319588458;B
20240510;101659;1933;7;10319588753;B
20240510;101701;1933;1;10319589199;B
20240510;101701;1933;1;10319589265;B
20240510;101704;1933;1;10319589899;B
20240510;101704;1932.6;4;10319589943;S
20240510;101705;1933.2;1;10319590070;B
20240510;101713;1933;3;10319591654;S
20240510;101714;1933;4;10319591893;S
20240510;101717;1933.2;1;10319592385;B
20240510;101719;1933.2;1;10319592910;B
20240510;101720;1933.2;1;10319593056;B
20240510;101721;1933;1;10319593214;S
20240510;101724;1933.2;2;10319593684;B
20240510;101728;1933;17;10319594647;S
20240510;101728;1933;1;10319594648;S
20240510;101728;1932.6;17;10319594649;S
20240510;101728;1932.6;17;10319594650;S
20240510;101730;1933;10;10319594870;B
20240510;101730;1933;7;10319594910;B
20240510;101730;1933;24;10319594911;B
20240510;101730;1933.2;1;10319594931;B
20240510;101732;1933.2;1;10319595172;B
20240510;101738;1933.2;4;10319596116;B
20240510;101738;1933.2;1;10319596117;B
20240510;101740;1932.6;1;10319596440;S
20240510;101745;1932.6;16;10319597390;S
20240510;101745;1932.4;11;10319597391;S
20240510;101748;1932.4;2;10319597920;S
20240510;101756;1932.4;2;10319599043;S
20240510;101757;1933;1;10319599315;B
20240510;101757;1933;35;10319599316;B
20240510;101757;1933.2;1;10319599317;B
20240510;101757;1933.2;8;10319599318;B
20240510;101757;1933.2;1;10319599319;B
20240510;101757;1933.2;139;10319599320;B
20240510;101801;1933.4;4;10319600067;B
20240510;101804;1933.4;10;10319600783;B
20240510;101813;1933.4;1;10319602205;B
20240510;101813;1933.4;2;10319602214;B
20240510;101817;1933.4;10;10319603138;B
20240510;101822;1933.2;104;10319604029;S
20240510;101827;1933.4;1;10319604830;B
20240510;101831;1933.4;1;10319605562;B
20240510;101831;1933.2;11;10319605570;S
20240510;101831;1933.2;14;10319605571;S
20240510;101831;1933.2;365;10319605572;S
20240510;101833;1933.4;5;10319605766;B
20240510;101833;1933.4;11;10319605844;B
20240510;101840;1933.4;1;10319606751;B
20240510;101841;1933.4;1;10319606886;B
20240510;101843;1933.4;3;10319607213;B
20240510;101843;1933.4;35;10319607310;B
20240510;101843;1933.4;10;10319607311;B
20240510;101843;1933.4;1;10319607312;B
20240510;101843;1933.4;1;10319607313;B
20240510;101843;1933.4;34;10319607314;B
20240510;101843;1933.4;1;10319607315;B
20240510;101848;1933.6;1;10319608198;B
20240510;101849;1933.6;16;10319608344;B
20240510;101851;1933.6;5;10319608592;B
20240510;101851;1933.6;1;10319608753;B
20240510;101852;1933.6;3;10319608926;B
20240510;101853;1933.6;1;10319609005;B
20240510;101855;1933.6;1;10319609420;B
20240510;101856;1933.6;1;10319609488;B
20240510;101857;1933.6;3;10319609584;B
20240510;101901;1933.6;1;10319610263;B
20240510;101903;1933.6;3;10319610712;B
20240510;101909;1933.6;5;10319611639;B
20240510;101909;1933.6;1;10319611675;B
20240510;101911;1933.6;1;10319612047;B
20240510;101912;1933.6;1;10319612209;B
20240510;101914;1933.6;2;10319612493;B
20240510;101914;1933.6;10;10319612549;B
20240510;101915;1933.6;1;10319612710;B
20240510;101916;1933.6;2;10319612819;B
20240510;101916;1933.6;1;10319612986;B
20240510;101917;1933.6;1;10319613012;B
20240510;101919;1933.6;21;10319613452;B
20240510;101921;1933.6;1;10319613742;B
20240510;101924;1933.6;10;10319614266;B
20240510;101925;1933.6;2;10319614386;B
20240510;101926;1933.6;5;10319614542;B
20240510;101930;1933.6;10;10319615099;B
20240510;101931;1933.6;31;10319615315;B
20240510;101931;1933.6;1;10319615382;B
20240510;101932;1933.6;1;10319615586;B
20240510;101933;1933.6;1;10319615754;B
20240510;101935;1933.6;44;10319615992;B
20240510;101936;1933.6;1;10319616120;B
20240510;101937;1933.6;3;10319616263;B
20240510;101938;1933.6;1;10319616529;B
20240510;101939;1933.4;1;10319616536;S
20240510;101941;1933.6;2;10319616929;B
20240510;101941;1933.6;1;10319617007;B
20240510;101943;1933.6;3;10319617248;B
20240510;101943;1933.4;2;10319617386;S
20240510;101943;1933.4;5;10319617387;S
20240510;101946;1933.6;1;10319617844;B
20240510;101948;1933.6;1;10319618222;B
20240510;101948;1933.6;1;10319618224;B
20240510;101949;1933.6;3;10319618375;B
20240510;101951;1933.4;1;10319618605;S
20240510;101954;1933.6;1;10319619003;B
20240510;101954;1933.6;1;10319619049;B
20240510;101956;1933.6;1;10319619233;B
20240510;101956;1933.6;1;10319619393;B
20240510;101957;1933.6;1;10319619526;B
20240510;101958;1933.4;2;10319619583;S
20240510;101958;1933.6;1;10319619662;B
20240510;101958;1933.6;5;10319619665;B
20240510;101959;1933.6;1;10319619882;B
20240510;102001;1933.6;3;10319620155;B
20240510;102001;1933.6;100;10319620239;B
20240510;102002;1933.4;4;10319620351;S
20240510;102002;1933.4;1;10319620356;S
20240510;102004;1933.6;6;10319620692;B
20240510;102004;1933.6;1;10319620724;B
20240510;102005;1933.6;1;10319620783;B
20240510;102005;1933.6;1;10319620856;B
20240510;102007;1933.6;8;10319621189;B
20240510;102007;1933.6;6;10319621198;B
20240510;102007;1933.6;10;10319621201;B
20240510;102007;1933.6;1;10319621301;B
20240510;102008;1933.6;5;10319621349;B
20240510;102008;1933.6;6;10319621362;B
20240510;102008;1933.6;6;10319621383;B
20240510;102008;1933.6;1;10319621415;B
20240510;102008;1933.6;1;10319621427;B
20240510;102008;1933.6;1;10319621450;B
20240510;102008;1933.6;1;10319621484;B
20240510;102010;1933.4;2;10319621859;S
20240510;102010;1933.6;1;10319621866;B
20240510;102010;1933.6;2;10319621956;B
20240510;102011;1933.6;1;10319622107;B
20240510;102012;1933.6;2;10319622165;B
20240510;102013;1933.6;20;10319622384;B
20240510;102013;1933.6;3;10319622467;B
20240510;102013;1933.6;1;10319622469;B
20240510;102014;1933.6;1;10319622483;B
20240510;102014;1933.6;1;10319622507;B
20240510;102014;1933.6;8;10319622516;B
20240510;102014;1933.6;1;10319622592;B
20240510;102014;1933.6;4;10319622603;B
20240510;102014;1933.6;1;10319622609;B
20240510;102014;1933.6;2;10319622621;B
20240510;102015;1933.6;5;10319622627;B
20240510;102015;1933.4;10;10319622699;S
20240510;102015;1933.6;15;10319622755;B
20240510;102015;1933.6;1;10319622767;B
20240510;102017;1933.6;5;10319624794;B
20240510;102017;1933.6;12;10319625133;B
20240510;102017;1933.6;2;10319625903;B
20240510;102017;1933.6;7;10319625907;B
20240510;102018;1933.6;1;10319626016;B
20240510;102018;1933.6;1;10319626022;B
20240510;102018;1933.6;3;10319626058;B
20240510;102018;1933.6;1;10319626065;B
20240510;102018;1933.6;19;10319626075;B
20240510;102018;1933.6;1;10319626076;B
20240510;102018;1933.6;1;10319626077;B
20240510;102018;1933.6;1;10319626078;B
20240510;102018;1933.6;1;10319626079;B
20240510;102018;1933.6;9;10319626080;B
20240510;102018;1933.6;1;10319626081;B
20240510;102018;1933.6;1;10319626082;B
20240510;102018;1933.6;21;10319626083;B
20240510;102018;1933.6;1;10319626084;B
20240510;102018;1933.8;88;10319626085;B
20240510;102018;1933.6;1;10319626098;S
20240510;102018;1933.8;2;10319626102;B
20240510;102019;1933.6;1;10319626129;B
20240510;102019;1933.4;1;10319626158;S
20240510;102019;1933.6;1;10319626207;B
20240510;102020;1933.6;1;10319626290;B
20240510;102020;1933.6;1;10319626336;B
20240510;102020;1933.6;1;10319626337;B
20240510;102020;1933.8;8;10319626338;B
20240510;102020;1933.6;1;10319626347;B
20240510;102020;1933.8;2;10319626348;B
20240510;102020;1933.8;1;10319626379;B
20240510;102021;1933.8;1;10319626464;B
20240510;102021;1933.6;1;10319626597;B
20240510;102021;1933.8;4;10319626598;B
20240510;102022;1933.4;1;10319626691;S
20240510;102023;1933.8;1;10319626832;B
20240510;102023;1933.8;6;10319626838;B
20240510;102024;1933.8;83;10319626921;B
20240510;102024;1933.8;1;10319626938;B
20240510;102024;1933.8;1;10319626979;B
20240510;102025;1933.6;2;10319627040;B
20240510;102026;1933.8;4;10319627133;B
20240510;102026;1933.8;15;10319627168;B
20240510;102026;1933.8;13;10319627203;B
20240510;102026;1933.8;1;10319627234;B
20240510;102027;1933.8;1;10319627297;B
20240510;102028;1933.6;1;10319627408;B
20240510;102028;1933.6;1;10319627524;B
20240510;102029;1933.8;2;10319627541;B
20240510;102030;1933.6;1;10319627942;B
20240510;102031;1933.8;13;10319628839;B
20240510;102031;1933.4;1;10319628859;S
20240510;102031;1933.8;2;10319628867;B
20240510;102032;1933.8;1;10319629981;B
20240510;102032;1933.8;2;10319632125;B
20240510;102033;1933.8;24;10319633280;B
20240510;102034;1933.8;3;10319633408;B
20240510;102035;1933.6;1;10319634069;B
20240510;102035;1933.8;2;10319634080;B
20240510;102037;1933.6;1;10319634695;B
20240510;102037;1933.4;1;10319634731;S
20240510;102037;1933.6;1;10319634735;B
20240510;102037;1933.4;1;10319634805;S
20240510;102037;1933.6;1;10319634849;B
20240510;102038;1933.6;1;10319634887;B
20240510;102038;1933.8;4;10319634888;B
20240510;102038;1933.6;1;10319634908;B
20240510;102038;1933.8;49;10319634909;B
20240510;102038;1933.6;1;10319634918;B
20240510;102038;1933.8;19;10319634919;B
20240510;102038;1933.6;1;10319634935;B
20240510;102038;1933.6;1;10319634954;B
20240510;102038;1933.8;1;10319634955;B
20240510;102038;1933.8;10;10319634985;B
20240510;102039;1933.8;5;10319635001;B
20240510;102039;1933.8;7;10319635004;B
20240510;102039;1933.8;520;10319635076;B
20240510;102039;1933.8;1;10319635483;B
20240510;102039;1933.8;1;10319635520;B
20240510;102039;1933.8;3;10319635546;B
20240510;102039;1933.8;3;10319635557;B
20240510;102039;1933.8;1;10319635558;B
20240510;102039;1933.8;1;10319635569;B
20240510;102039;1933.8;2;10319635582;B
20240510;102040;1933.6;1;10319635603;S
20240510;102040;1933.8;1;10319635660;B
20240510;102040;1933.8;1;10319635663;B
20240510;102040;1933.8;4;10319635699;B
20240510;102040;1933.8;6;10319635700;B
20240510;102040;1933.8;1;10319635721;B
20240510;102041;1933.8;2;10319635759;B
20240510;102041;1933.8;15;10319635760;B
20240510;102041;1933.8;1;10319635813;B
20240510;102041;1934;10;10319635814;B
20240510;102041;1934;1;10319635821;B
20240510;102041;1933.6;1;10319635894;S
20240510;102042;1934;1;10319635918;B
20240510;102042;1934;1;10319635972;B
20240510;102042;1934;1;10319635977;B
20240510;102042;1933.6;1;10319635994;S
20240510;102043;1934;127;10319636108;B
20240510;102043;1934;5;10319636111;B
20240510;102044;1933.6;1;10319636147;S
20240510;102044;1933.6;1;10319636158;S
20240510;102044;1934;1;10319636170;B
20240510;102044;1933.8;6;10319636280;S
20240510;102044;1934;1;10319636393;B
20240510;102044;1934;100;10319636394;B
20240510;102044;1934;5;10319636395;B
20240510;102044;1934;40;10319636396;B
20240510;102044;1934;1;10319636397;B
20240510;102044;1934;271;10319636398;B
20240510;102045;1934;22;10319636907;B
20240510;102045;1933.8;4;10319636927;S
20240510;102045;1934;20;10319636932;B
20240510;102045;1934;3;10319637037;B
20240510;102046;1934;184;10319637090;B
20240510;102046;1934;1;10319637091;B
20240510;102046;1934;30;10319637092;B
20240510;102046;1934;1;10319637093;B
20240510;102046;1934;1;10319637094;B
20240510;102046;1934;200;10319637095;B
20240510;102046;1934;15;10319637096;B
20240510;102046;1934;100;10319637097;B
20240510;102046;1934;13;10319637098;B
20240510;102046;1934;18;10319637099;B
20240510;102046;1934;10;10319637100;B
20240510;102046;1934;36;10319637101;B
20240510;102046;1934.2;1;10319637170;B
20240510;102046;1934.4;9;10319637171;B
20240510;102046;1934.4;1;10319637226;B
20240510;102046;1934.4;1;10319637237;B
20240510;102046;1934.4;14;10319637456;B
20240510;102047;1934.4;5;10319638289;B
20240510;102047;1934.4;7;10319638290;B
20240510;102047;1934.6;1;10319638291;B
20240510;102047;1934.6;2;10319638292;B
20240510;102047;1934.6;1;10319638293;B
20240510;102047;1934.6;1;10319638294;B
20240510;102047;1934.8;40;10319638295;B
20240510;102047;1934.8;1;10319638296;B
20240510;102047;1934.8;1;10319638297;B
20240510;102047;1934.8;6;10319638298;B
20240510;102047;1935;40;10319638299;B
20240510;102047;1935;3;10319638300;B
20240510;102047;1935;7;10319638301;B
20240510;102047;1935;1;10319638302;B
20240510;102047;1935;2;10319638303;B
20240510;102047;1935;7;10319638304;B
20240510;102047;1935;11;10319638305;B
20240510;102047;1935;7;10319638306;B
20240510;102047;1935;1;10319638307;B
20240510;102047;1935;2;10319638308;B
20240510;102047;1935;4;10319638309;B
20240510;102047;1935;3;10319639130;B
20240510;102047;1934.6;2;10319639162;S
20240510;102047;1935;1;10319639166;B
20240510;102047;1935;1;10319639211;B
20240510;102047;1935;2;10319639213;B
20240510;102047;1935;25;10319639253;B
20240510;102047;1935;1;10319639257;B
20240510;102047;1935;1;10319639261;B
20240510;102048;1935;14;10319639271;B
20240510;102048;1935;1;10319639272;B
20240510;102048;1935;4;10319639273;B
20240510;102048;1935.2;2;10319639274;B
20240510;102048;1935.2;5;10319639275;B
20240510;102048;1935.4;1;10319639276;B
20240510;102048;1935.4;2;10319639277;B
20240510;102048;1935.6;3;10319639350;B
20240510;102048;1935.6;1;10319639358;B
20240510;102048;1935.6;9;10319639359;B
20240510;102049;1935.6;2;10319639533;B
20240510;102049;1935.6;1;10319639537;B
20240510;102049;1935.4;1;10319639539;S
20240510;102050;1935.6;2;10319639628;B
20240510;102050;1935.6;1;10319639689;B
20240510;102050;1935.6;2;10319639722;B
20240510;102051;1935.6;1;10319639762;B
20240510;102051;1935.6;5;10319639796;B
20240510;102052;1935.6;1;10319639869;B
20240510;102053;1935.6;1;10319640002;B
20240510;102053;1935.6;2;10319640035;B
20240510;102053;1935.4;1;10319640062;S
20240510;102053;1935.6;3;10319640096;B
20240510;102054;1935.6;2;10319640127;B
20240510;102054;1935.6;1;10319640151;B
20240510;102054;1935.6;10;10319640175;B
20240510;102054;1935.6;2;10319640181;B
20240510;102054;1935.6;1;10319640185;B
20240510;102054;1935.6;1;10319640190;B
20240510;102054;1935.4;3;10319640194;S
20240510;102055;1935.6;183;10319640225;B
20240510;102055;1935.6;35;10319640226;B
20240510;102055;1935.6;24;10319640227;B
20240510;102055;1935.6;48;10319640228;B
20240510;102055;1935.8;2;10319640229;B
20240510;102055;1935.8;9;10319640230;B
20240510;102055;1935.8;5;10319640231;B
20240510;102055;1935.8;2;10319640232;B
20240510;102055;1935.8;5;10319640233;B
20240510;102055;1936;74;10319640234;B
20240510;102055;1936;5;10319640235;B
20240510;102055;1936;5;10319640236;B
20240510;102055;1936;2;10319640237;B
20240510;102055;1936;103;10319640238;B
20240510;102055;1936;6;10319640239;B
20240510;102055;1936;5;10319640465;B
20240510;102055;1936;1;10319640636;B
20240510;102055;1936;1;10319640732;B
20240510;102055;1936;1;10319640968;B
20240510;102055;1936;1;10319640983;B
20240510;102055;1936;2;10319640988;B
20240510;102055;1936;1;10319640999;B
20240510;102055;1936;2;10319641001;B
20240510;102055;1935.8;10;10319641003;B
20240510;102055;1936;240;10319641004;B
20240510;102056;1936;1;10319641017;B
20240510;102056;1936;2;10319641971;B
20240510;102056;1936;1;10319642173;B
20240510;102057;1936;1;10319642400;B
20240510;102057;1935.4;2;10319642465;S
20240510;102058;1936;1;10319642651;B
20240510;102101;1936;1;10319643492;B
20240510;102102;1935.4;1;10319643545;S
20240510;102102;1935.4;1;10319643699;S
20240510;102103;1936;1;10319644514;B
20240510;102103;1936;1;10319644520;B
20240510;102104;1936;5;10319645605;B
20240510;102104;1936;1;10319645674;B
20240510;102104;1936;1;10319645705;B
20240510;102104;1936;1;10319645735;B
20240510;102104;1936;1;10319645763;B
20240510;102105;1936;11;10319645813;B
20240510;102105;1936;2;10319645851;B
20240510;102105;1936;1;10319645856;B
20240510;102105;1936;1;10319645862;B
20240510;102105;1936;3;10319645923;B
20240510;102105;1936;1;10319645948;B
20240510;102106;1936;5;10319645958;B
20240510;102106;1936;3;10319645980;B
20240510;102106;1936;1;10319646024;B
20240510;102106;1935.8;2;10319646025;B
20240510;102106;1936;3;10319646092;B
20240510;102107;1936;1;10319646124;B
20240510;102107;1936;1;10319646137;B
20240510;102107;1936;1;10319646140;B
20240510;102107;1936;1;10319646155;B
20240510;102107;1935.4;1;10319646177;S
20240510;102107;1936;5;10319646216;B
20240510;102107;1936;1;10319646477;B
20240510;102107;1936;3;10319646549;B
20240510;102107;1935.4;1;10319646555;S
20240510;102108;1936;2;10319646601;B
20240510;102108;1935.8;1;10319646628;B
20240510;102109;1935.4;1;10319647569;S
20240510;102109;1935.4;1;10319647597;S
20240510;102109;1935.4;1;10319647636;S
20240510;102109;1935.4;1;10319647641;S
20240510;102109;1935.4;1;10319647648;S
20240510;102109;1935.4;1;10319647653;S
20240510;102109;1935.4;1;10319647658;S
20240510;102110;1935.4;3;10319647755;S
20240510;102110;1935;7;10319647756;S
20240510;102110;1935;1;10319647767;S
20240510;102110;1935.6;1;10319647781;B
20240510;102110;1935.6;1;10319647817;B
20240510;102110;1935.6;4;10319647818;B
20240510;102111;1935.6;1;10319647953;B
20240510;102111;1935.8;3;10319647954;B
20240510;102111;1935.8;11;10319647955;B
20240510;102112;1935.6;1;10319647999;B
20240510;102112;1935.8;8;10319648013;B
20240510;102112;1935.8;31;10319648020;B
20240510;102112;1935.8;80;10319648021;B
20240510;102112;1936;73;10319648022;B
20240510;102112;1936;5;10319648023;B
20240510;102112;1936;10;10319648024;B
20240510;102112;1936;10;10319648025;B
20240510;102112;1936;9;10319648026;B
20240510;102112;1936;27;10319648027;B
20240510;102112;1936;2;10319648028;B
20240510;102112;1936;1;10319648029;B
20240510;102112;1936;10;10319648030;B
20240510;102112;1936;11;10319648031;B
20240510;102112;1936;231;10319648032;B
20240510;102113;1936;40;10319648400;B
20240510;102113;1935.8;2;10319648463;B
20240510;102113;1935.8;1;10319648469;B
20240510;102113;1935.8;1;10319648507;B
20240510;102113;1936;1;10319648508;B
20240510;102113;1935.8;4;10319648514;B
20240510;102113;1935.8;35;10319648515;B
20240510;102113;1936;228;10319648516;B
20240510;102113;1936;1;10319648517;B
20240510;102113;1936;8;10319648518;B
20240510;102113;1936;1;10319648519;B
20240510;102113;1936;23;10319648520;B
20240510;102113;1936;1;10319648521;B
20240510;102114;1936;5;10319648826;B
20240510;102114;1936;1;10319648903;B
20240510;102114;1936;1;10319649334;B
20240510;102115;1936;1;10319649950;B
20240510;102115;1935.8;4;10319650158;B
20240510;102115;1936;1;10319650159;B
20240510;102115;1936;7;10319650189;B
20240510;102115;1936;1;10319650190;B
20240510;102115;1936;5;10319650191;B
20240510;102115;1936;1;10319650248;B
20240510;102115;1936;1;10319650253;B
20240510;102115;1936;1;10319650255;B
20240510;102116;1935.4;3;10319650500;S
20240510;102117;1935.8;1;10319650574;B
20240510;102117;1935.8;1;10319650651;B
20240510;102118;1935.8;1;10319650724;B
20240510;102118;1936;1;10319650725;B
20240510;102118;1936;7;10319650747;B
20240510;102118;1936;1;10319650852;B
20240510;102119;1936;1;10319650946;B
20240510;102119;1936;1;10319651038;B
20240510;102119;1936;1;10319651058;B
20240510;102119;1936;1;10319651085;B
20240510;102120;1936;1;10319651152;B
20240510;102120;1936;46;10319651232;B
20240510;102120;1936;4;10319651233;B
20240510;102121;1936;1;10319651485;B
20240510;102121;1936.2;1;10319651590;B
20240510;102121;1936.2;3;10319651595;B
20240510;102122;1936.2;1;10319651679;B
20240510;102122;1936.2;4;10319651680;B
20240510;102122;1936.2;10;10319651683;B
20240510;102122;1936.2;4;10319651782;B
20240510;102123;1936.2;3;10319651957;B
20240510;102124;1935.6;17;10319652022;S
20240510;102124;1935.4;2;10319652023;S
20240510;102124;1935.4;9;10319652024;S
20240510;102124;1935.2;12;10319652025;S
20240510;102124;1935.2;19;10319652026;S
20240510;102124;1936.2;2;10319652062;B
20240510;102125;1935.6;1;10319652118;B
20240510;102125;1936;3;10319652119;B
20240510;102125;1936.4;52;10319653199;B
20240510;102125;1936.4;1;10319653209;B
20240510;102125;1936.4;1;10319653229;B
20240510;102125;1936.4;2;10319653247;B
20240510;102125;1936.4;5;10319653261;B
20240510;102126;1936.4;209;10319653313;B
20240510;102126;1936.4;3;10319653344;B
20240510;102127;1936.4;1;10319653558;B
20240510;102128;1936.4;1;10319653712;B
20240510;102128;1936.4;15;10319653725;B
20240510;102129;1936.4;2;10319654018;B
20240510;102130;1936.2;6;10319655700;S
20240510;102131;1936.4;31;10319655716;B
20240510;102131;1936.4;1;10319655895;B
20240510;102133;1936.4;2;10319656070;B
20240510;102133;1936.4;1;10319656105;B
20240510;102134;1936.4;19;10319656219;B
20240510;102134;1936.4;2;10319656381;B
20240510;102137;1936.4;1;10319657090;B
20240510;102138;1936.4;1;10319657230;B
20240510;102138;1936.4;1;10319657265;B
20240510;102139;1936.4;4;10319657276;B
20240510;102140;1936.4;2;10319658444;B
20240510;102140;1936.2;1;10319658495;S
20240510;102140;1936.4;23;10319658526;B
20240510;102140;1936.4;2;10319658530;B
20240510;102141;1936.4;1;10319658705;B
20240510;102141;1936.4;1;10319658721;B
20240510;102142;1936.4;10;10319658787;B
20240510;102144;1936.4;1;10319659196;B
20240510;102144;1936.4;1;10319659198;B
20240510;102144;1936.4;1;10319659214;B
20240510;102144;1936.2;28;10319659216;S
20240510;102144;1936.4;10;10319659317;B
20240510;102145;1936.4;1;10319659359;B
20240510;102145;1936.4;1;10319659369;B
20240510;102145;1936.4;2;10319659626;B
20240510;102145;1936.4;1;10319660597;B
20240510;102146;1936.2;1;10319661023;S
20240510;102146;1936.2;69;10319661024;S
20240510;102146;1936.4;2;10319661966;B
20240510;102146;1936.4;3;10319661987;B
20240510;102147;1936.4;1;10319662070;B
20240510;102147;1936.4;1;10319662075;B
20240510;102147;1936.4;1;10319662166;B
20240510;102147;1936.4;2;10319662183;B
20240510;102148;1936.4;1;10319662287;B
20240510;102149;1936.4;1;10319662670;B
20240510;102150;1936.4;8;10319662878;B
20240510;102150;1936.4;1;10319662879;B
20240510;102150;1936.4;1;10319662880;B
20240510;102150;1936.4;5;10319662881;B
20240510;102151;1936.2;1;10319663065;S
20240510;102152;1936.4;35;10319663269;B
20240510;102152;1936.4;5;10319663270;B
20240510;102155;1936.6;2;10319663914;B
20240510;102155;1936.6;3;10319663977;B
20240510;102156;1936.6;30;10319664985;B
20240510;102156;1936.4;1;10319665113;S
20240510;102158;1936.6;5;10319665285;B
20240510;102159;1936.6;1;10319665398;B
20240510;102200;1936.6;111;10319665434;B
20240510;102200;1936.6;1;10319665448;B
20240510;102200;1936.6;10;10319665473;B
20240510;102202;1936.6;1;10319665933;B
20240510;102202;1936.4;1;10319666261;S
20240510;102206;1936.4;1;10319668073;S
20240510;102208;1936.6;1;10319668209;B
20240510;102216;1936.6;35;10319671178;B
20240510;102221;1936.6;100;10319671729;B
20240510;102225;1936.4;1;10319673992;S
20240510;102231;1936.4;19;10319676529;S
20240510;102231;1936.6;205;10319677011;B
20240510;102231;1936.6;15;10319677012;B
20240510;102231;1936.6;1;10319677013;B
20240510;102231;1936.6;20;10319677014;B
20240510;102231;1936.6;10;10319677015;B
20240510;102231;1936.6;78;10319677016;B
20240510;102231;1936.8;1;10319677017;B
20240510;102231;1936.8;2;10319677018;B
20240510;102231;1936.8;60;10319677019;B
20240510;102231;1936.8;34;10319677020;B
20240510;102231;1936.8;20;10319677021;B
20240510;102231;1936.8;54;10319677022;B
20240510;102234;1936.8;1;10319677448;B
20240510;102235;1936.8;5;10319677601;B
20240510;102235;1936.8;3;10319677657;B
20240510;102236;1936.6;1;10319677750;S
20240510;102236;1936.8;8;10319677819;B
20240510;102236;1936.8;23;10319677943;B
20240510;102236;1936.8;5;10319677961;B
20240510;102237;1936.6;1;10319677968;S
20240510;102237;1936.8;1;10319677979;B
20240510;102237;1936.6;5;10319677980;S
20240510;102237;1936.8;1;10319678014;B
20240510;102237;1936.8;2;10319678077;B
20240510;102237;1937;10;10319678109;B
20240510;102237;1937;6;10319678114;B
20240510;102237;1937;1;10319678185;B
20240510;102237;1937;1;10319678392;B
20240510;102238;1936.6;1;10319678399;S
20240510;102238;1937;5;10319678400;B
20240510;102238;1937;2;10319678414;B
20240510;102238;1937;1;10319678919;B
20240510;102238;1937;64;10319679589;B
20240510;102238;1937;1;10319679590;B
20240510;102238;1937;20;10319679591;B
20240510;102238;1936.6;2;10319679684;S
20240510;102238;1936.6;19;10319679685;S
20240510;102238;1937;1;10319679692;B
20240510;102239;1937;6;10319679925;B
20240510;102239;1936.6;1;10319679989;S
20240510;102239;1937;1;10319680029;B
20240510;102239;1936.6;2;10319680071;S
20240510;102240;1937;1;10319680368;B
20240510;102240;1937;3;10319680396;B
20240510;102241;1937;1;10319680553;B
20240510;102241;1937;10;10319680728;B
20240510;102241;1937;9;10319680731;B
20240510;102241;1937;4;10319680732;B
20240510;102241;1937;1;10319680733;B
20240510;102242;1937;1;10319681140;B
20240510;102243;1937;1;10319681192;B
20240510;102243;1937;2;10319681256;B
20240510;102244;1937;7;10319681634;B
20240510;102244;1937;1;10319681635;B
20240510;102244;1937;11;10319681636;B
20240510;102244;1937;100;10319681637;B
20240510;102244;1937;70;10319681638;B
20240510;102244;1937;20;10319681639;B
20240510;102244;1937;4;10319681640;B
20240510;102244;1937;1;10319681641;B
20240510;102244;1937;34;10319681642;B
20240510;102245;1937;10;10319681682;S
20240510;102245;1937.2;1;10319681689;B
20240510;102245;1937.2;16;10319681690;B
20240510;102245;1937;18;10319681703;S
20240510;102245;1937.2;2;10319681774;B
20240510;102245;1937.2;4;10319681834;B
20240510;102246;1937;5;10319681977;S
20240510;102247;1937.2;4;10319682556;B
20240510;102248;1937.2;1;10319682735;B
20240510;102249;1937.2;1;10319682800;B
20240510;102250;1937.2;1;10319682945;B
20240510;102250;1937.2;28;10319682955;B
20240510;102252;1937;1;10319683418;S
20240510;102253;1937.2;4;10319683446;B
20240510;102254;1937.2;1;10319683801;B
20240510;102255;1937.2;50;10319684709;B
20240510;102257;1937.2;10;10319685993;B
20240510;102258;1937.2;1;10319686098;B
20240510;102259;1937.2;3;10319686258;B
20240510;102300;1937.2;2;10319686486;B
20240510;102301;1937.2;6;10319686627;B
20240510;102302;1937;3;10319686708;S
20240510;102303;1937.2;1;10319688665;B
20240510;102305;1937;47;10319688845;S
20240510;102305;1937.2;1;10319688968;B
20240510;102306;1937;4;10319689075;S
20240510;102307;1937;100;10319689110;S
20240510;102307;1937.2;1;10319689211;B
20240510;102307;1937;4;10319689245;S
20240510;102310;1937;14;10319689554;S
20240510;102310;1937.2;1;10319690079;B
20240510;102310;1937.2;3;10319690081;B
20240510;102311;1937.2;59;10319690287;B
20240510;102311;1937.2;30;10319690288;B
20240510;102311;1937.2;11;10319690289;B
20240510;102311;1937.2;7;10319690921;B
20240510;102312;1937;50;10319691259;S
20240510;102312;1937;3;10319691298;S
20240510;102314;1937;1;10319691521;S
20240510;102316;1937.2;2;10319691704;B
20240510;102316;1937.2;5;10319691705;B
20240510;102316;1937.2;168;10319691706;B
20240510;102316;1937.2;35;10319691707;B
20240510;102316;1937.2;60;10319691708;B
20240510;102316;1937.2;63;10319691709;B
20240510;102316;1937.2;78;10319691710;B
20240510;102316;1937.2;20;10319691711;B
20240510;102316;1937.4;2;10319691712;B
20240510;102316;1937.4;4;10319691713;B
20240510;102316;1937.4;38;10319691714;B
20240510;102316;1937.2;20;10319691729;B
20240510;102316;1937.2;7;10319691730;B
20240510;102316;1937.2;25;10319691734;B
20240510;102316;1937.2;1;10319691739;S
20240510;102316;1937.4;16;10319691756;B
20240510;102317;1937.2;40;10319691818;S
20240510;102318;1937.4;1;10319691903;B
20240510;102318;1937.4;1;10319693330;B
20240510;102318;1937.4;25;10319693623;B
20240510;102326;1937.2;3;10319695181;S
20240510;102326;1937.2;25;10319696037;S
20240510;102326;1937.2;5;10319696038;S
20240510;102326;1937.4;600;10319696073;B
20240510;102329;1937.4;50;10319696505;B
20240510;102330;1937.2;2;10319696549;S
20240510;102330;1937.4;31;10319696576;B
20240510;102333;1937.4;1;10319698455;B
20240510;102333;1937.2;1;10319698475;S
20240510;102334;1937.4;3;10319698599;B
20240510;102334;1937.4;1;10319698653;B
20240510;102334;1937.4;200;10319698763;B
20240510;102335;1937.4;33;10319698965;B
20240510;102335;1937.4;5;10319698966;B
20240510;102335;1937.4;1;10319698967;B
20240510;102335;1937.4;11;10319698968;B
20240510;102336;1937.6;4;10319699184;B
20240510;102336;1937.6;4;10319699185;B
20240510;102336;1937.6;3;10319699186;B
20240510;102336;1937.6;9;10319699187;B
20240510;102337;1937.4;1;10319699438;B
20240510;102337;1937.6;1;10319699439;B
20240510;102337;1937.6;498;10319699440;B
20240510;102337;1937.6;1;10319699461;B
20240510;102337;1937.2;1;10319699542;S
20240510;102337;1937.2;4;10319699559;S
20240510;102337;1937.6;3;10319699562;B
20240510;102338;1937.4;10;10319699620;B
20240510;102338;1937.4;2;10319700086;B
20240510;102341;1937.4;3;10319700840;B
20240510;102342;1937.4;5;10319701995;B
20240510;102343;1937.4;5;10319702276;B
20240510;102343;1937.6;1;10319702381;B
20240510;102345;1937.4;1;10319703724;B
20240510;102346;1937.4;4;10319703976;B
20240510;102346;1937.6;1;10319703977;B
20240510;102346;1937.6;2;10319704021;B
20240510;102348;1937.6;1;10319704490;B
20240510;102349;1937.6;1;10319704619;B
20240510;102349;1937.6;4;10319704773;B
20240510;102350;1937.2;22;10319704808;S
20240510;102350;1937.2;128;10319704809;S
20240510;102350;1937.4;56;10319704867;B
20240510;102350;1937.4;10;10319704868;B
20240510;102350;1937.4;36;10319704869;B
20240510;102350;1937.6;334;10319704870;B
20240510;102350;1937.6;2;10319704883;B
20240510;102351;1937.6;7;10319704982;B
20240510;102352;1937.6;1;10319706481;B
20240510;102352;1937.6;1;10319706750;B
20240510;102352;1937.2;1;10319706936;S
20240510;102353;1937.6;5;10319707582;B
20240510;102353;1937.6;1;10319707592;B
20240510;102354;1937.6;20;10319707777;B
20240510;102355;1937.6;4;10319707824;B
20240510;102355;1937.6;1;10319707861;B
20240510;102356;1937.6;1;10319708077;B
20240510;102356;1937.6;1;10319708078;B
20240510;102356;1937.6;10;10319708079;B
20240510;102356;1937.6;17;10319708080;B
20240510;102357;1937.8;1;10319708537;B
20240510;102357;1937.8;3;10319708538;B
20240510;102357;1937.8;6;10319708539;B
20240510;102358;1937.8;1;10319708552;B
20240510;102358;1937.8;1;10319709499;B
20240510;102402;1937.8;1;10319710345;B
20240510;102402;1937.4;1;10319710414;S
20240510;102403;1937.8;2;10319710492;B
20240510;102404;1937.4;10;10319710657;S
20240510;102404;1937.4;50;10319710681;S
20240510;102406;1937.6;2;10319711030;B
20240510;102407;1937.4;2;10319712149;S
20240510;102407;1937.6;53;10319712231;B
20240510;102407;1937.6;55;10319712243;B
20240510;102407;1937.6;36;10319712244;B
20240510;102407;1937.8;189;10319712245;B
20240510;102407;1937.8;10;10319712246;B
20240510;102407;1937.8;210;10319712247;B
20240510;102409;1937.6;1;10319712407;S
20240510;102409;1937.6;20;10319712419;S
20240510;102411;1937.8;10;10319712752;B
20240510;102415;1937.8;2;10319714446;B
20240510;102418;1937.8;1;10319714851;B
20240510;102418;1937.8;277;10319714892;B
20240510;102418;1937.8;10;10319714893;B
20240510;102418;1937.8;3;10319714894;B
20240510;102418;1937.8;2;10319714895;B
20240510;102418;1937.8;1;10319714896;B
20240510;102418;1937.8;20;10319714897;B
20240510;102418;1937.8;2;10319714898;B
20240510;102418;1937.8;36;10319714899;B
20240510;102418;1937.8;40;10319714900;B
20240510;102418;1938;1;10319714901;B
20240510;102418;1938;21;10319714902;B
20240510;102418;1938;150;10319714903;B
20240510;102418;1938;8;10319714904;B
20240510;102418;1938;11;10319714905;B
20240510;102418;1938;4;10319714906;B
20240510;102418;1938;1;10319714907;B
20240510;102418;1938;5;10319714908;B
20240510;102418;1938;32;10319714909;B
20240510;102418;1938;100;10319714910;B
20240510;102418;1938;19;10319714911;B
20240510;102418;1938;257;10319714912;B
20240510;102419;1937.8;4;10319714924;B
20240510;102419;1938;696;10319714925;B
20240510;102419;1937.8;94;10319714932;S
20240510;102419;1937.8;38;10319714933;S
20240510;102419;1937.6;1;10319714934;S
20240510;102419;1937.6;67;10319714935;S
20240510;102419;1938;652;10319715012;B
20240510;102419;1938;2;10319715013;B
20240510;102419;1938;175;10319715014;B
20240510;102419;1938;5;10319715015;B
20240510;102419;1938;10;10319715016;B
20240510;102419;1938;400;10319715017;B
20240510;102419;1938;7;10319715018;B
20240510;102419;1938;11;10319715019;B
20240510;102419;1938;600;10319715020;B
20240510;102419;1938;10;10319715021;B
20240510;102419;1938;1;10319715022;B
20240510;102419;1938;1;10319715023;B
20240510;102419;1938;126;10319715024;B
20240510;102420;1938;250;10319716615;B
20240510;102420;1938;100;10319716628;B
20240510;102422;1938;60;10319717205;B
20240510;102422;1938;2;10319717226;B
20240510;102423;1937.8;4;10319717332;S
20240510;102423;1938;6;10319717365;B
20240510;102424;1938;1460;10319717483;B
20240510;102424;1937.8;8;10319717484;S
20240510;102424;1937.8;2;10319717540;S
20240510;102425;1938;496;10319717611;B
20240510;102425;1938;5;10319717612;B
20240510;102425;1938;50;10319717613;B
20240510;102425;1938;3;10319717614;B
20240510;102425;1938;5;10319717615;B
20240510;102425;1938;1;10319717616;B
20240510;102425;1938;3;10319717617;B
20240510;102425;1938;1;10319717618;B
20240510;102425;1938;80;10319717619;B
20240510;102425;1938.2;2;10319717620;B
20240510;102425;1938.2;116;10319717621;B
20240510;102425;1938.4;6;10319717622;B
20240510;102425;1938.4;2;10319717623;B
20240510;102425;1938.4;3;10319717624;B
20240510;102425;1938.4;60;10319717625;B
20240510;102425;1938.6;100;10319717626;B
20240510;102425;1938.6;1;10319717627;B
20240510;102425;1938.6;41;10319717628;B
20240510;102425;1938.8;1;10319717629;B
20240510;102425;1938.8;24;10319717630;B
20240510;102425;1938.4;1;10319717637;B
20240510;102425;1938.6;56;10319717649;B
20240510;102425;1938.8;176;10319717650;B
20240510;102425;1938.8;1;10319717651;B
20240510;102425;1938.8;5;10319717652;B
20240510;102425;1938.8;2;10319717653;B
20240510;102426;1938.8;40;10319717707;S
20240510;102426;1938.8;500;10319717708;S
20240510;102426;1938.8;40;10319717709;S
20240510;102426;1938.6;2;10319718010;S
20240510;102428;1938.8;5;10319718385;B
20240510;102430;1938.8;3;10319718583;B
20240510;102431;1938.8;70;10319718756;B
20240510;102431;1938.8;82;10319718757;B
20240510;102432;1938.8;2;10319718897;B
20240510;102433;1938.6;1;10319719005;S
20240510;102433;1938.8;1;10319719852;B
20240510;102433;1938.6;1;10319720345;S
20240510;102433;1938.8;2;10319721443;B
20240510;102434;1938.8;1;10319721538;B
20240510;102447;1938.6;1;10319724755;S
20240510;102447;1938.6;1;10319724756;S
20240510;102448;1938.8;2;10319725643;B
20240510;102448;1938.8;5;10319725664;B
20240510;102450;1938.8;1;10319726542;B
20240510;102450;1938.8;2;10319726923;B
20240510;102450;1938.8;1;10319727202;B
20240510;102450;1938.8;2;10319727281;B
20240510;102450;1938.6;4;10319727287;S
20240510;102450;1938.4;1;10319727288;S
20240510;102450;1938.6;3;10319727311;B
20240510;102451;1938.8;1;10319727416;B
20240510;102451;1938.4;1;10319727420;S
20240510;102452;1938.6;14;10319727508;B
20240510;102452;1938.6;6;10319727550;B
20240510;102452;1938.8;1;10319727551;B
20240510;102452;1938.8;18;10319727555;B
20240510;102452;1938.8;1;10319727556;B
20240510;102452;1938.8;78;10319727557;B
20240510;102452;1938.8;100;10319727558;B
20240510;102452;1938.8;3;10319727559;B
20240510;102453;1938.6;1;10319727593;S
20240510;102457;1938.6;1;10319729521;B
20240510;102459;1938.4;5;10319730028;S
20240510;102459;1938.2;2;10319730068;S
20240510;102500;1938.6;5;10319730261;B
20240510;102501;1938.6;4;10319730366;B
20240510;102501;1938.6;43;10319730372;B
20240510;102501;1938.6;20;10319730373;B
20240510;102501;1938.6;1;10319730374;B
20240510;102501;1938.8;20;10319730375;B
20240510;102501;1938.8;69;10319730376;B
20240510;102501;1938.8;39;10319730377;B
20240510;102501;1939;5;10319730378;B
20240510;102501;1939;15;10319730379;B
20240510;102501;1939;1;10319730380;B
20240510;102501;1939;1;10319730381;B
20240510;102501;1939;1;10319730382;B
20240510;102501;1939;1;10319730383;B
20240510;102501;1939;1;10319730384;B
20240510;102501;1939;1;10319730385;B
20240510;102501;1939;10;10319730386;B
20240510;102501;1938.8;1;10319730402;B
20240510;102502;1938.4;1;10319730428;S
20240510;102502;1938.4;3;10319730430;S
20240510;102502;1938.8;1;10319730449;B
20240510;102502;1938.8;2;10319730452;B
20240510;102502;1938.8;2;10319730477;B
20240510;102506;1938.8;2;10319732277;B
20240510;102507;1938.8;3;10319732374;B
20240510;102509;1938.8;50;10319732745;B
20240510;102511;1938.4;3;10319732968;S
20240510;102517;1938.8;73;10319735003;B
20240510;102517;1938.8;100;10319735004;B
20240510;102517;1938.8;20;10319735005;B
20240510;102517;1938.8;6;10319735006;B
20240510;102517;1938.8;6;10319735007;B
20240510;102517;1938.8;25;10319735008;B
20240510;102518;1939;1;10319735123;B
20240510;102520;1939;1;10319736133;B
20240510;102520;1939;2;10319736215;B
20240510;102521;1939;1;10319737309;B
20240510;102522;1938.8;4;10319737403;S
20240510;102522;1939;5;10319737445;B
20240510;102522;1939;16;10319737446;B
20240510;102522;1939;5;10319737447;B
20240510;102522;1939;15;10319737448;B
20240510;102522;1939;11;10319737449;B
20240510;102522;1939;9;10319737450;B
20240510;102522;1939;1;10319737451;B
20240510;102522;1939;5;10319737452;B
20240510;102522;1939;5;10319737453;B
20240510;102522;1939;3;10319737454;B
20240510;102524;1939;3;10319737599;B
20240510;102524;1938.8;4;10319737670;S
20240510;102526;1939;2;10319738084;B
20240510;102527;1938.8;2;10319738248;S
20240510;102528;1939;1;10319739476;B
20240510;102529;1939;1;10319739534;B
20240510;102529;1939;10;10319739613;B
20240510;102529;1939;17;10319739614;B
20240510;102529;1939;17;10319739615;B
20240510;102531;1939;14;10319739794;B
20240510;102531;1939;17;10319739795;B
20240510;102532;1939;5;10319739886;B
20240510;102532;1939;2;10319739971;B
20240510;102535;1939;1;10319740977;B
20240510;102536;1939;4;10319740986;B
20240510;102537;1938.8;1;10319741166;S
20240510;102541;1938.8;1;10319743408;S
20240510;102542;1939;7;10319743486;B
20240510;102542;1939;1;10319743564;B
20240510;102543;1939;4;10319743624;B
20240510;102545;1939;4;10319744180;B
20240510;102547;1939;1;10319745430;B
20240510;102549;1938.8;3;10319745641;S
20240510;102549;1939;2;10319745646;B
20240510;102549;1939;1;10319745673;B
20240510;102553;1939;1;10319746430;B
20240510;102553;1939;6;10319746431;B
20240510;102553;1939;2;10319746432;B
20240510;102553;1939;1;10319746433;B
20240510;102553;1938.8;1;10319746443;S
20240510;102555;1938.8;7;10319748139;S
20240510;102556;1939;1;10319748289;B
20240510;102556;1939;1;10319748290;B
20240510;102556;1939;8;10319748291;B
20240510;102557;1939;2;10319748308;B
20240510;102558;1939;1;10319748400;B
20240510;102558;1939;1;10319748441;B
20240510;102558;1939;1;10319748464;B
20240510;102600;1938.8;10;10319748870;S
20240510;102603;1939;17;10319750131;B
20240510;102603;1939;4;10319750132;B
20240510;102603;1939;3;10319750149;B
20240510;102605;1938.8;12;10319750337;S
20240510;102607;1939;1;10319750551;B
20240510;102609;1938.8;30;10319751282;S
20240510;102610;1939;2;10319752376;B
20240510;102611;1939;5;10319752422;B
20240510;102614;1938.8;8;10319752801;S
20240510;102616;1939;1;10319754571;B
20240510;102617;1939;6;10319754632;B
20240510;102617;1939;17;10319754644;B
20240510;102617;1939;5;10319754652;B
20240510;102617;1939;6;10319754653;B
20240510;102618;1939;2;10319755102;B
20240510;102619;1938.8;3;10319755388;S
20240510;102620;1939;142;10319755760;B
20240510;102622;1939;2;10319755901;B
20240510;102622;1939;2;10319755902;B
20240510;102622;1939;2;10319755905;B
20240510;102622;1939;2;10319755906;B
20240510;102622;1939;2;10319755908;B
20240510;102622;1939;1;10319755909;B
20240510;102622;1939;1;10319755910;B
20240510;102622;1939;2;10319755913;B
20240510;102622;1939;2;10319755919;B
20240510;102622;1939;2;10319755924;B
20240510;102622;1939;2;10319755926;B
20240510;102622;1939;2;10319755927;B
20240510;102622;1939;9;10319755929;B
20240510;102622;1939;1;10319755930;B
20240510;102622;1939;2;10319755934;B
20240510;102622;1939;2;10319755935;B
20240510;102622;1939;2;10319755944;B
20240510;102622;1939;2;10319755945;B
20240510;102622;1939;1;10319755949;B
20240510;102622;1939;2;10319755952;B
20240510;102622;1939;2;10319755955;B
20240510;102623;1939;1;10319756247;B
20240510;102623;1939;1;10319756248;B
20240510;102623;1939;1;10319756249;B
20240510;102623;1939;1;10319756255;B
20240510;102623;1939;1;10319756258;B
20240510;102624;1939;1;10319756261;B
20240510;102624;1939;1;10319756262;B
20240510;102624;1939;2;10319756263;B
20240510;102624;1939;1;10319756276;B
20240510;102624;1939;2;10319756277;B
20240510;102624;1939;1;10319756286;B
20240510;102624;1939;2;10319756288;B
20240510;102624;1939;1;10319756293;B
20240510;102624;1939;2;10319756295;B
20240510;102624;1939;1;10319756299;B
20240510;102624;1939;2;10319756304;B
20240510;102624;1939;1;10319756306;B
20240510;102624;1939;2;10319756309;B
20240510;102624;1939;1;10319756312;B
20240510;102624;1939;2;10319756318;B
20240510;102624;1939;1;10319756319;B
20240510;102624;1939;2;10319756328;B
20240510;102624;1939;2;10319756334;B
20240510;102624;1939;2;10319756347;B
20240510;102624;1939;1;10319756349;B
20240510;102624;1939;2;10319756359;B
20240510;102624;1939;2;10319756362;B
20240510;102624;1939;1;10319756366;B
20240510;102625;1939;1;10319756374;B
20240510;102627;1938.8;15;10319756644;S
20240510;102628;1939;1;10319756780;B
20240510;102629;1939;4;10319756830;B
20240510;102629;1939;10;10319756831;B
20240510;102629;1939;5;10319756832;B
20240510;102631;1939.2;1;10319758746;B
20240510;102631;1939.4;1;10319758747;B
20240510;102631;1939.4;8;10319758748;B
20240510;102631;1939.4;2;10319758753;B
20240510;102631;1939.4;1;10319758754;B
20240510;102631;1939.4;3;10319758755;B
20240510;102633;1939.2;1;10319758851;B
20240510;102633;1939.2;1;10319758852;B
20240510;102634;1939.6;2;10319759018;B
20240510;102634;1939.6;2;10319759019;B
20240510;102635;1939.2;2;10319759133;S
20240510;102636;1939.2;6;10319759149;S
20240510;102637;1939.2;5;10319759230;S
20240510;102637;1939.6;2;10319759318;B
20240510;102638;1939.6;1;10319761068;B
20240510;102639;1939.6;1;10319761213;B
20240510;102639;1939.6;14;10319761246;B
20240510;102639;1939.6;1;10319761247;B
20240510;102639;1939.6;1;10319761248;B
20240510;102639;1939.6;30;10319761249;B
20240510;102639;1939.6;2;10319761250;B
20240510;102639;1939.6;375;10319761251;B
20240510;102639;1939.6;30;10319761252;B
20240510;102639;1939.6;147;10319761253;B
20240510;102640;1939.6;1;10319761267;B
20240510;102640;1939.4;1;10319761298;S
20240510;102640;1939.6;23;10319761310;B
20240510;102640;1939.6;15;10319761368;B
20240510;102640;1939.6;2;10319761375;B
20240510;102642;1939.4;1;10319761481;S
20240510;102642;1939.6;1;10319761500;B
20240510;102642;1939.4;1;10319761525;S
20240510;102643;1939.4;2;10319761657;S
20240510;102644;1939.4;1;10319761771;S
20240510;102644;1939.6;2;10319761779;B
20240510;102645;1939.6;1;10319761862;B
20240510;102648;1939.6;308;10319762253;B
20240510;102648;1939.6;300;10319762254;B
20240510;102648;1939.6;43;10319762255;B
20240510;102648;1939.6;139;10319762256;B
20240510;102648;1939.6;41;10319762257;B
20240510;102648;1939.6;20;10319762258;B
20240510;102648;1939.8;2;10319762259;B
20240510;102648;1939.8;10;10319762260;B
20240510;102648;1939.8;1;10319762261;B
20240510;102648;1939.8;2;10319762262;B
20240510;102648;1939.8;200;10319762263;B
20240510;102648;1939.8;1;10319762264;B
20240510;102648;1939.8;10;10319762265;B
20240510;102648;1939.8;100;10319762266;B
20240510;102648;1939.8;2;10319762267;B
20240510;102648;1939.8;3;10319762268;B
20240510;102648;1939.8;1;10319762269;B
20240510;102648;1939.8;10;10319762270;B
20240510;102648;1939.8;2;10319762271;B
20240510;102648;1939.8;20;10319762272;B
20240510;102648;1939.8;8;10319762273;B
20240510;102648;1939.8;50;10319762274;B
20240510;102648;1939.8;20;10319762275;B
20240510;102648;1940;1;10319762276;B
20240510;102648;1940;20;10319762277;B
20240510;102648;1940;3;10319762278;B
20240510;102648;1940;1;10319762279;B
20240510;102648;1940;1;10319762280;B
20240510;102648;1940;1;10319762281;B
20240510;102648;1940;15;10319762282;B
20240510;102648;1940;2;10319762283;B
20240510;102648;1940;10;10319762284;B
20240510;102648;1940;1;10319762285;B
20240510;102648;1940;542;10319762286;B
20240510;102648;1939.6;1;10319762537;S
20240510;102648;1939.6;23;10319762801;S
20240510;102648;1939.4;4;10319762802;S
20240510;102648;1939.4;17;10319762803;S
20240510;102648;1939.2;46;10319762804;S
20240510;102648;1939;81;10319762805;S
20240510;102648;1939;12;10319762806;S
20240510;102648;1939;45;10319762807;S
20240510;102648;1938.8;169;10319762808;S
20240510;102648;1938.8;10;10319762809;S
20240510;102648;1938.8;1;10319762810;S
20240510;102648;1938.8;10;10319762811;S
20240510;102648;1938.8;10;10319762812;S
20240510;102648;1938.6;406;10319762813;S
20240510;102648;1938.6;6;10319762814;S
20240510;102648;1938.6;50;10319762815;S
20240510;102648;1938.4;8;10319762816;S
20240510;102648;1938.4;15;10319762817;S
20240510;102648;1938.4;43;10319762818;S
20240510;102648;1938.2;139;10319762819;S
20240510;102648;1938.2;60;10319762820;S
20240510;102648;1938;300;10319762821;S
20240510;102648;1938;23;10319762822;S
20240510;102648;1938;3;10319762823;S
20240510;102648;1938;7;10319762824;S
20240510;102648;1938;10;10319762825;S
20240510;102648;1938;120;10319762826;S
20240510;102648;1937.8;63;10319762827;S
20240510;102648;1937.6;100;10319762828;S
20240510;102648;1937.6;219;10319762829;S
20240510;102649;1939;1;10319762833;B
20240510;102649;1939;16;10319762836;B
20240510;102649;1939;60;10319762837;B
20240510;102649;1939;43;10319762838;B
20240510;102649;1939.2;12;10319762839;B
20240510;102649;1939.2;139;10319762840;B
20240510;102649;1939.2;2;10319762841;B
20240510;102649;1939.2;45;10319762842;B
20240510;102649;1939.4;222;10319762843;B
20240510;102649;1939.8;80;10319762844;B
20240510;102649;1939.8;1;10319762845;B
20240510;102649;1939.8;130;10319762846;B
20240510;102649;1940;4458;10319762847;B
20240510;102649;1940;35;10319762848;B
20240510;102649;1940;1;10319762849;B
20240510;102649;1940;1;10319762850;B
20240510;102649;1940;1;10319762851;B
20240510;102649;1940;2;10319762852;B
20240510;102649;1940;20;10319762853;B
20240510;102649;1940;70;10319762854;B
20240510;102649;1940;60;10319762855;B
20240510;102649;1940;14;10319762856;B
20240510;102649;1940;50;10319762857;B
20240510;102649;1940;100;10319762858;B
20240510;102649;1940;4;10319762859;B
20240510;102649;1940;5;10319762860;B
20240510;102649;1940;84;10319762861;B
20240510;102649;1940;1;10319762862;B
20240510;102649;1940;2;10319762863;B
20240510;102649;1940;1;10319762864;B
20240510;102649;1940;1;10319762865;B
20240510;102649;1940;11;10319762866;B
