<DATE>;<TIME>;<LAST>;<VOL>;<ID>;<OPER>
20240527;095948;1990.8;1;10480829467;B
20240527;095948;1990.8;8;10480829468;B
20240527;095948;1990.8;50;10480829469;S
20240527;095948;1990.8;2;10480829470;S
20240527;095948;1990.8;1;10480829471;S
20240527;095948;1990.8;2;10480829472;S
20240527;095948;1990.8;20;10480829473;S
20240527;095948;1990.8;17;10480829474;B
20240527;095948;1990.8;5;10480829475;S
20240527;095948;1990.8;5;10480829476;B
20240527;095948;1990.8;20;10480829477;S
20240527;095948;1990.8;20;10480829478;S
20240527;095948;1990.8;300;10480829479;S
20240527;095948;1990.8;25;10480829480;S
20240527;095948;1990.8;1;10480829481;B
20240527;095948;1990.8;74;10480829482;S
20240527;095948;1990.8;2;10480829483;B
20240527;095948;1990.8;4;10480829484;B
20240527;095948;1990.8;1;10480829485;B
20240527;095948;1990.8;4;10480829486;B
20240527;095948;1990.8;5;10480829487;B
20240527;095948;1990.8;8;10480829488;S
20240527;095948;1990.8;1;10480829489;B
20240527;095948;1990.8;100;10480829490;B
20240527;095948;1990.8;4;10480829491;S
20240527;095948;1990.8;7;10480829492;S
20240527;095948;1990.8;1;10480829493;S
20240527;095948;1990.8;8;10480829494;S
20240527;095948;1990.8;6;10480829495;S
20240527;095948;1990.8;1;10480829496;S
20240527;095948;1990.8;1;10480829497;S
20240527;095948;1990.8;9;10480829498;S
20240527;095948;1990.8;4;10480829499;B
20240527;095948;1990.8;5;10480829500;B
20240527;095948;1990.8;100;10480829501;B
20240527;095948;1990.8;5;10480829502;S
20240527;095948;1990.8;20;10480829503;S
20240527;095948;1990.8;1;10480829504;S
20240527;095948;1990.8;1;10480829505;S
20240527;095948;1990.8;1;10480829506;S
20240527;095948;1990.8;1;10480829507;S
20240527;095948;1990.8;10;10480829508;S
20240527;095948;1990.8;1;10480829509;B
20240527;095948;1990.8;1;10480829510;B
20240527;095948;1990.8;2;10480829511;B
20240527;095948;1990.8;2;10480829512;B
20240527;095948;1990.8;17;10480829513;B
20240527;095948;1990.8;1;10480829514;S
20240527;095948;1990.8;6;10480829515;S
20240527;095948;1990.8;1;10480829516;S
20240527;095948;1990.8;30;10480829517;S
20240527;095948;1990.8;2;10480829518;B
20240527;095948;1990.8;5;10480829519;B
20240527;095948;1990.8;9;10480829520;B
20240527;095948;1990.8;5;10480829521;B
20240527;095948;1990.8;3;10480829522;S
20240527;095948;1990.8;5;10480829523;B
20240527;095948;1990.8;1;10480829524;B
20240527;095948;1990.8;400;10480829525;B
20240527;095948;1990.8;100;10480829526;B
20240527;095948;1990.8;5;10480829527;B
20240527;095948;1990.8;5;10480829528;S
20240527;095948;1990.8;1;10480829529;S
20240527;095948;1990.8;1;10480829530;S
20240527;095948;1990.8;4;10480829531;S
20240527;095948;1990.8;50;10480829532;S
20240527;095948;1990.8;1;10480829533;S
20240527;095948;1990.8;1;10480829534;S
20240527;095948;1990.8;1;10480829535;S
20240527;095948;1990.8;6;10480829536;S
20240527;095948;1990.8;1;10480829537;S
20240527;095948;1990.8;10;10480829538;S
20240527;095948;1990.8;2;10480829539;S
20240527;095948;1990.8;1;10480829540;S
20240527;095948;1990.8;3;10480829541;S
20240527;095948;1990.8;1;10480829542;S
20240527;095948;1990.8;1;10480829543;S
20240527;095948;1990.8;1;10480829544;S
20240527;095948;1990.8;5;10480829545;S
20240527;095948;1990.8;2;10480829546;S
20240527;095948;1990.8;2;10480829547;S
20240527;095948;1990.8;1;10480829548;S
20240527;095948;1990.8;1;10480829549;B
20240527;095948;1990.8;5;10480829550;B
20240527;095948;1990.8;50;10480829551;B
20240527;095948;1990.8;2;10480829552;B
20240527;095948;1990.8;2;10480829553;B
20240527;095948;1990.8;37;10480829554;B
20240527;095948;1990.8;5;10480829555;B
20240527;095948;1990.8;3;10480829556;B
20240527;095948;1990.8;3;10480829557;B
20240527;095948;1990.8;245;10480829558;B
20240527;095948;1990.8;1;10480829559;B
20240527;095948;1990.8;1;10480829560;B
20240527;095948;1990.8;5;10480829561;B
20240527;095948;1990.8;5;10480829562;B
20240527;095948;1990.8;7;10480829563;B
20240527;095948;1990.8;5;10480829564;B
20240527;095948;1990.8;1;10480829565;B
20240527;095948;1990.8;1;10480829566;B
20240527;095948;1990.8;1;10480829567;B
20240527;100001;1990.6;1;10480834907;S
20240527;100001;1990.6;13;10480834908;S
20240527;100001;1990.6;30;10480834909;S
20240527;100001;1990.6;127;10480835359;B
20240527;100001;1990.6;52;10480835360;B
20240527;100001;1990.6;21;10480835629;B
20240527;100002;1990.4;1;10480836384;S
20240527;100002;1990.4;5;10480836385;S
20240527;100002;1990.2;1;10480836386;S
20240527;100002;1990.2;1;10480836387;S
20240527;100002;1990.2;6;10480836388;S
20240527;100002;1990.6;1;10480836757;B
20240527;100003;1990.2;14;10480837867;S
20240527;100004;1990.4;6;10480838271;S
20240527;100004;1990.2;10;10480838537;S
20240527;100004;1990.2;8;10480838538;S
20240527;100004;1990.6;1;10480838874;B
20240527;100004;1990.6;1;10480838875;B
20240527;100004;1990.6;1;10480838876;B
20240527;100004;1990.6;7;10480838877;B
20240527;100005;1990.6;7;10480839593;B
20240527;100005;1990.6;1;10480839598;B
20240527;100005;1990.2;1;10480839606;S
20240527;100005;1990.2;3;10480839612;S
20240527;100005;1990.6;2;10480840244;B
20240527;100005;1990.6;1;10480840726;B
20240527;100005;1990.6;50;10480841173;B
20240527;100005;1990.8;1;10480841182;B
20240527;100005;1990.6;1;10480841656;B
20240527;100005;1990.6;1;10480841673;B
20240527;100005;1990.2;5;10480841694;S
20240527;100005;1990.6;1;10480841735;B
20240527;100005;1990.2;2;10480841745;S
20240527;100005;1990.6;1;10480841751;B
20240527;100006;1990.6;1;10480842729;B
20240527;100006;1990.2;5;10480843538;S
20240527;100006;1990.2;1;10480843539;S
20240527;100006;1990.2;5;10480843540;S
20240527;100006;1990.2;12;10480843541;S
20240527;100006;1990.2;1;10480843542;S
20240527;100006;1990.2;18;10480843543;S
20240527;100006;1990.2;7;10480843544;S
20240527;100006;1990.2;10;10480843545;S
20240527;100006;1990.2;3;10480843546;S
20240527;100006;1990.2;3;10480843547;S
20240527;100006;1990.2;50;10480843548;S
20240527;100006;1990.2;5;10480843549;S
20240527;100006;1990;9;10480843550;S
20240527;100006;1990;1;10480843551;S
20240527;100006;1990;1;10480843552;S
20240527;100006;1990;1;10480843553;S
20240527;100006;1990;1;10480843554;S
20240527;100006;1990;1;10480843555;S
20240527;100006;1990;1;10480843556;S
20240527;100006;1990;1;10480843557;S
20240527;100006;1990;5;10480843558;S
20240527;100006;1990;2;10480843559;S
20240527;100006;1990;3;10480843560;S
20240527;100006;1990;1;10480843561;S
20240527;100006;1990;12;10480843562;S
20240527;100006;1989.4;50;10480843563;S
20240527;100006;1989.4;75;10480843564;S
20240527;100006;1989.2;2;10480843565;S
20240527;100006;1989.2;7;10480843566;S
20240527;100006;1989.2;5;10480843567;S
20240527;100006;1989;1;10480843568;S
20240527;100006;1989;1;10480843569;S
20240527;100006;1988.2;6;10480843570;S
20240527;100006;1988.2;66;10480843571;S
20240527;100006;1988;2;10480843572;S
20240527;100006;1988;10;10480843573;S
20240527;100006;1988;2;10480843574;S
20240527;100006;1988;91;10480843575;S
20240527;100006;1987.8;100;10480843576;S
20240527;100006;1987.6;18;10480843577;S
20240527;100006;1989;1;10480843991;B
20240527;100006;1989;1;10480843993;B
20240527;100006;1989;1;10480844004;B
20240527;100007;1989;3;10480845290;B
20240527;100007;1987.8;3;10480845358;S
20240527;100007;1987.8;3;10480845361;S
20240527;100007;1987.8;1;10480845754;S
20240527;100007;1987.8;1;10480845764;S
20240527;100007;1987.8;1;10480845774;S
20240527;100007;1989;5;10480845806;B
20240527;100007;1989;5;10480845811;B
20240527;100007;1989;1;10480846124;B
20240527;100007;1989;2;10480846131;B
20240527;100007;1989;1;10480846133;B
20240527;100007;1987.8;3;10480846529;S
20240527;100007;1987.8;2;10480846530;S
20240527;100007;1987.6;82;10480846531;S
20240527;100007;1987.6;4;10480846532;S
20240527;100007;1987.6;75;10480846533;S
20240527;100007;1987.4;100;10480846534;S
20240527;100007;1987.4;129;10480846535;S
20240527;100007;1988.8;1;10480846862;B
20240527;100007;1987.6;1;10480846864;S
20240527;100007;1987.6;1;10480846870;S
20240527;100008;1989;10;10480847054;B
20240527;100008;1987.6;1;10480847056;S
20240527;100008;1987.6;9;10480847287;S
20240527;100008;1987.6;9;10480847288;S
20240527;100008;1987.6;75;10480847289;S
20240527;100008;1987.4;15;10480847290;S
20240527;100008;1987.6;12;10480848215;S
20240527;100008;1987.4;106;10480848216;S
20240527;100008;1987.4;10;10480848217;S
20240527;100008;1987.2;72;10480848218;S
20240527;100008;1988;1;10480848247;B
20240527;100008;1987.2;1;10480848256;S
20240527;100008;1987.2;27;10480848263;S
20240527;100008;1987;8;10480848264;S
20240527;100008;1988;5;10480848269;B
20240527;100008;1987.8;1;10480848674;B
20240527;100009;1987.8;1;10480849598;B
20240527;100009;1987.8;10;10480849781;B
20240527;100009;1988;1;10480849789;B
20240527;100009;1988;3;10480849806;B
20240527;100009;1988;3;10480849810;B
20240527;100009;1988;1;10480849821;B
20240527;100009;1987;1;10480849836;S
20240527;100009;1988;1;10480850008;B
20240527;100009;1987;1;10480850449;S
20240527;100009;1988;3;10480850453;B
20240527;100009;1988;31;10480850454;B
20240527;100009;1987;17;10480850459;S
20240527;100009;1987.8;1;10480850606;B
20240527;100009;1987;10;10480850804;S
20240527;100009;1987;1;10480850813;S
20240527;100009;1987.8;10;10480850818;B
20240527;100009;1988;25;10480850822;B
20240527;100009;1988;1;10480850876;B
20240527;100009;1987.2;11;10480850914;S
20240527;100009;1987;14;10480850915;S
20240527;100009;1987;1;10480850935;S
20240527;100010;1987;26;10480851507;S
20240527;100010;1987.4;1;10480851996;B
20240527;100010;1987;2;10480852295;S
20240527;100010;1987.6;4;10480852299;B
20240527;100010;1987;3;10480852363;S
20240527;100010;1987;3;10480852464;S
20240527;100010;1987;1;10480852667;S
20240527;100010;1987.6;6;10480852668;B
20240527;100010;1987.8;2;10480852669;B
20240527;100011;1987;8;10480852877;S
20240527;100011;1987;1;10480853001;S
20240527;100011;1987;3;10480853052;S
20240527;100011;1987;1;10480853053;S
20240527;100011;1987;3;10480853073;S
20240527;100011;1987.6;2;10480853382;S
20240527;100011;1987.8;75;10480853487;B
20240527;100011;1988;1;10480853488;B
20240527;100011;1988.2;10;10480853489;B
20240527;100011;1988.4;100;10480853490;B
20240527;100011;1988.6;1;10480853491;B
20240527;100011;1989.8;2;10480853492;B
20240527;100011;1990;182;10480853493;B
20240527;100011;1990;76;10480853494;B
20240527;100011;1990;61;10480853495;B
20240527;100011;1990;126;10480853496;B
20240527;100011;1990.2;6;10480853497;B
20240527;100011;1990.2;14;10480853498;B
20240527;100011;1989.4;9;10480853500;B
20240527;100011;1989.6;3;10480853501;B
20240527;100011;1987.6;1;10480853512;S
20240527;100011;1987.6;6;10480853513;S
20240527;100011;1988.4;4;10480853920;S
20240527;100011;1989.4;3;10480853970;B
20240527;100013;1989;6;10480854813;B
20240527;100013;1988.2;4;10480854817;S
20240527;100013;1989;3;10480854892;B
20240527;100015;1988.8;10;10480855952;S
20240527;100015;1988.8;29;10480856273;S
20240527;100015;1988.8;8;10480856274;S
20240527;100015;1988.4;11;10480856275;S
20240527;100015;1988.2;9;10480856276;S
20240527;100015;1987.2;14;10480856277;S
20240527;100015;1987.2;6;10480856278;S
20240527;100015;1987;23;10480856279;S
20240527;100017;1988.2;2;10480856979;B
20240527;100020;1987.2;3;10480858045;S
20240527;100020;1987;2;10480858046;S
20240527;100020;1987;10;10480858051;S
20240527;100021;1987.2;5;10480858476;S
20240527;100021;1987.4;2;10480858527;B
20240527;100021;1987;10;10480858605;S
20240527;100021;1987;10;10480858610;S
20240527;100021;1987.2;41;10480858761;S
20240527;100021;1987;45;10480858762;S
20240527;100021;1986.8;100;10480858763;S
20240527;100021;1986.6;100;10480858764;S
20240527;100021;1986.6;11;10480858765;S
20240527;100021;1986.6;1;10480858766;S
20240527;100021;1986.4;62;10480858767;S
20240527;100022;1986.4;5;10480858921;S
20240527;100022;1986.4;5;10480858938;S
20240527;100022;1986.4;10;10480859019;S
20240527;100022;1986.4;5;10480859104;S
20240527;100023;1986.4;13;10480859160;S
20240527;100023;1985.6;7;10480859161;S
20240527;100023;1985.4;10;10480859176;S
20240527;100023;1985.8;1;10480859213;S
20240527;100023;1985.8;11;10480859401;S
20240527;100023;1985.6;139;10480859402;S
20240527;100023;1985.4;15;10480859412;S
20240527;100024;1986.4;5;10480859497;B
20240527;100024;1985.4;2;10480859577;S
20240527;100024;1985.4;10;10480859638;S
20240527;100024;1985.4;5;10480859665;S
20240527;100024;1985.4;10;10480859670;S
20240527;100025;1985.4;5;10480859951;S
20240527;100025;1985.4;25;10480860010;S
20240527;100025;1985.4;5;10480860062;S
20240527;100025;1985.4;10;10480860172;S
20240527;100025;1985.4;3;10480860189;S
20240527;100025;1985.2;400;10480860190;S
20240527;100025;1985.2;1;10480860191;S
20240527;100025;1985.2;6;10480860192;S
20240527;100025;1985;1;10480860193;S
20240527;100025;1985;10;10480860194;S
20240527;100025;1985;6;10480860195;S
20240527;100025;1985;35;10480860196;S
20240527;100025;1985;187;10480860197;S
20240527;100025;1985;10;10480860201;S
20240527;100025;1985;3;10480860246;S
20240527;100025;1985;2;10480860247;S
20240527;100026;1985;3;10480860297;S
20240527;100026;1984.2;7;10480860298;S
20240527;100026;1984;5;10480860491;S
20240527;100026;1984.8;1;10480860560;B
20240527;100026;1984;5;10480860585;S
20240527;100027;1984;5;10480860640;S
20240527;100027;1984;10;10480860643;S
20240527;100027;1984;6;10480860665;S
20240527;100027;1984;4;10480860666;S
20240527;100027;1984;4;10480860686;S
20240527;100027;1984;6;10480860687;S
20240527;100027;1984;1;10480860739;S
20240527;100027;1984;100;10480860752;S
20240527;100028;1984.6;10;10480861220;S
20240527;100029;1984.6;5;10480861365;S
20240527;100029;1984.8;5;10480861549;S
20240527;100029;1984.8;5;10480861571;S
20240527;100029;1984.8;10;10480861682;S
20240527;100030;1985;10;10480861716;B
20240527;100030;1985;3;10480861717;B
20240527;100030;1985;75;10480861718;B
20240527;100030;1985.4;12;10480861719;B
20240527;100030;1984.8;5;10480861931;S
20240527;100030;1984.8;10;10480861971;S
20240527;100030;1984.8;7;10480862035;S
20240527;100030;1985.2;20;10480862047;B
20240527;100030;1985.2;30;10480862119;B
20240527;100030;1984.8;5;10480862141;S
20240527;100031;1984.4;1;10480862327;S
20240527;100031;1984.2;4;10480862328;S
20240527;100031;1984.8;10;10480862426;S
20240527;100031;1984.8;5;10480862492;S
20240527;100032;1985.2;1;10480862875;B
20240527;100033;1985;18;10480863166;S
20240527;100033;1985;5;10480863193;S
20240527;100033;1985.4;18;10480863291;S
20240527;100034;1985.4;5;10480863353;S
20240527;100035;1985.6;5;10480863706;B
20240527;100035;1985.4;37;10480864014;S
20240527;100036;1984.8;76;10480864046;B
20240527;100036;1985;124;10480864047;B
20240527;100038;1985.2;11;10480864783;B
20240527;100038;1985.4;8;10480864784;B
20240527;100038;1985.6;75;10480864785;B
20240527;100041;1986.2;2;10480865772;B
20240527;100042;1985.8;4;10480866003;S
20240527;100045;1985.8;26;10480867104;S
20240527;100046;1986;9;10480867350;B
20240527;100046;1986;10;10480867365;B
20240527;100046;1985.8;4;10480867537;S
20240527;100051;1986;2;10480868724;S
20240527;100052;1986.4;10;10480868821;B
20240527;100053;1986.6;10;10480869414;B
20240527;100053;1986.8;5;10480869415;B
20240527;100053;1986.8;73;10480869416;B
20240527;100054;1986.4;1;10480869611;S
20240527;100054;1987;6;10480869629;B
20240527;100054;1987.2;44;10480869687;S
20240527;100054;1987;6;10480869688;S
20240527;100055;1987.8;50;10480869759;B
20240527;100055;1987.2;9;10480869850;S
20240527;100055;1986.8;12;10480869851;S
20240527;100055;1986.6;8;10480869852;S
20240527;100055;1986.6;1;10480869853;S
20240527;100055;1987.8;10;10480869979;B
20240527;100057;1988;2;10480870344;B
20240527;100057;1988.2;2;10480870345;B
20240527;100058;1987.6;2;10480870463;S
20240527;100059;1987.6;1;10480870792;S
20240527;100100;1987.8;8;10480871215;B
20240527;100102;1987.8;1;10480871814;B
20240527;100102;1987.8;58;10480872021;B
20240527;100102;1987.8;1;10480872054;B
20240527;100104;1987.6;1;10480872446;S
20240527;100104;1987.6;1;10480872482;S
20240527;100104;1987.8;1;10480872516;B
20240527;100105;1987.8;74;10480872769;B
20240527;100105;1987.8;75;10480872770;B
20240527;100105;1988;39;10480872905;S
20240527;100105;1988.2;1;10480872927;B
20240527;100105;1988.2;9;10480872928;B
20240527;100106;1988.2;3;10480873366;B
20240527;100106;1988.2;2;10480873367;B
20240527;100107;1988.2;61;10480873507;B
20240527;100107;1988;9;10480873594;S
20240527;100108;1988.2;87;10480873951;B
20240527;100108;1988.2;13;10480873952;B
20240527;100110;1988.4;67;10480874574;B
20240527;100110;1988.6;7;10480874575;B
20240527;100110;1988.6;61;10480874576;B
20240527;100110;1988.8;2;10480874577;B
20240527;100111;1988.6;34;10480874921;B
20240527;100111;1989;61;10480874922;B
20240527;100111;1989;126;10480874923;B
20240527;100111;1989;75;10480874924;B
20240527;100111;1989.2;100;10480874925;B
20240527;100111;1989.4;9;10480874926;B
20240527;100111;1989.4;90;10480874927;B
20240527;100111;1989.6;500;10480874928;B
20240527;100111;1989.6;55;10480874929;B
20240527;100112;1989.6;1;10480875023;S
20240527;100115;1989.8;1;10480875915;B
20240527;100116;1989.6;1;10480876132;S
20240527;100116;1989.8;2;10480876152;B
20240527;100116;1989.8;1;10480876179;B
20240527;100117;1989.8;2;10480876381;B
20240527;100117;1990;8;10480876382;B
20240527;100117;1990;3;10480876383;B
20240527;100117;1990.2;1;10480876384;B
20240527;100117;1990.2;36;10480876385;B
20240527;100118;1989.6;4;10480876511;S
20240527;100124;1990.6;61;10480877965;B
20240527;100124;1990.8;19;10480877966;B
20240527;100129;1990.4;53;10480879425;S
20240527;100129;1990.2;12;10480879426;S
20240527;100129;1990;47;10480879427;S
20240527;100129;1989.8;40;10480879428;S
20240527;100129;1989.8;10;10480879429;S
20240527;100129;1989.6;238;10480879430;S
20240527;100132;1990.2;76;10480880219;B
20240527;100132;1990.2;24;10480880220;B
20240527;100133;1990.2;1;10480880564;B
20240527;100135;1990;5;10480881169;B
20240527;100135;1990.4;12;10480881170;B
20240527;100135;1990.6;61;10480881171;B
20240527;100135;1990.6;113;10480881172;B
20240527;100140;1990.2;12;10480882509;S
20240527;100141;1990;1;10480882633;B
20240527;100141;1990.2;1;10480882698;B
20240527;100141;1990.2;60;10480882709;B
20240527;100141;1990.4;18;10480882710;B
20240527;100142;1990.6;3;10480882982;B
20240527;100144;1990.4;25;10480883536;S
20240527;100144;1990;9;10480883537;S
20240527;100148;1990.6;2;10480884403;B
20240527;100148;1990.4;47;10480884443;B
20240527;100148;1990.4;6;10480884485;B
20240527;100149;1990.2;4;10480884688;S
20240527;100149;1989.8;6;10480884689;S
20240527;100149;1989.8;22;10480884690;S
20240527;100149;1989.8;34;10480884749;S
20240527;100151;1990;5;10480885337;B
20240527;100152;1990;1;10480885573;B
20240527;100152;1990.6;2;10480885574;B
20240527;100153;1990.6;5;10480885713;B
20240527;100153;1990.6;61;10480885714;B
20240527;100153;1990.6;11;10480885715;B
20240527;100153;1990.6;23;10480885716;B
20240527;100154;1990.6;1;10480886027;B
20240527;100156;1990.6;2;10480886375;B
20240527;100201;1990;1;10480887675;S
20240527;100201;1990;19;10480887676;S
20240527;100201;1990;16;10480887700;S
20240527;100202;1990.2;20;10480887760;B
20240527;100205;1990.2;1;10480888722;B
20240527;100207;1990.4;12;10480889461;B
20240527;100210;1990;9;10480889983;S
20240527;100210;1990;10;10480890244;S
20240527;100211;1990.4;4;10480890473;B
20240527;100211;1990;7;10480890554;S
20240527;100212;1990.4;60;10480890721;B
20240527;100212;1990.4;40;10480890722;B
20240527;100214;1990.6;1;10480891145;B
20240527;100214;1990.6;1;10480891146;B
20240527;100214;1990.6;2;10480891224;B
20240527;100217;1990.6;1;10480892110;B
20240527;100218;1990.6;10;10480892172;B
20240527;100219;1990.6;24;10480892536;B
20240527;100219;1990.4;22;10480892558;B
20240527;100220;1990.2;5;10480892826;S
20240527;100220;1990.4;24;10480892852;B
20240527;100220;1990.4;22;10480892868;B
20240527;100221;1990.2;3;10480892944;S
20240527;100225;1990.4;2;10480893791;B
20240527;100225;1990.4;18;10480893810;B
20240527;100226;1990.2;11;10480893988;S
20240527;100226;1990.4;1;10480893993;B
20240527;100226;1990.6;6;10480893994;B
20240527;100228;1990.6;10;10480894524;B
20240527;100228;1990.6;51;10480894573;B
20240527;100228;1990.6;24;10480894574;B
20240527;100229;1990.6;22;10480894761;B
20240527;100230;1990.8;23;10480895039;B
20240527;100235;1990.8;50;10480896109;B
20240527;100235;1990.8;28;10480896120;B
20240527;100235;1990.8;2;10480896139;B
20240527;100235;1990.8;25;10480896140;B
20240527;100235;1990.8;23;10480896168;B
20240527;100238;1990.6;5;10480896623;S
20240527;100238;1990.8;111;10480896804;B
20240527;100238;1990.8;38;10480896805;B
20240527;100238;1990.8;102;10480896806;B
20240527;100238;1990.8;10;10480896807;B
20240527;100238;1990.8;3;10480896808;B
20240527;100238;1990.8;1;10480896809;B
20240527;100238;1990.8;2;10480896810;B
20240527;100238;1991;3;10480896811;B
20240527;100238;1991;4;10480896812;B
20240527;100239;1991.4;1;10480896883;B
20240527;100239;1991.6;61;10480896884;B
20240527;100239;1991.8;1;10480896885;B
20240527;100239;1991.8;40;10480896886;B
20240527;100239;1991.8;59;10480896887;B
20240527;100239;1992;4;10480896888;B
20240527;100239;1992;1;10480896889;B
20240527;100239;1992;10;10480896890;B
20240527;100241;1992.2;2;10480897479;S
20240527;100244;1992.4;1;10480897928;B
20240527;100244;1992.8;1;10480898125;B
20240527;100244;1992.8;16;10480898126;B
20240527;100245;1992.2;10;10480898156;S
20240527;100245;1992.8;2;10480898227;B
20240527;100245;1992.8;26;10480898230;B
20240527;100245;1992.8;24;10480898261;B
20240527;100247;1992.8;24;10480898515;B
20240527;100248;1992.6;6;10480898743;S
20240527;100248;1992.6;1;10480898784;S
20240527;100250;1992.6;1;10480899495;S
20240527;100252;1992.6;4;10480899784;S
20240527;100252;1992.8;37;10480899859;B
20240527;100252;1992.8;55;10480899860;B
20240527;100254;1993;24;10480900560;B
20240527;100255;1992.8;2;10480900884;S
20240527;100256;1992.8;5;10480901226;S
20240527;100256;1992.8;12;10480901227;S
20240527;100257;1992.8;4;10480901422;S
20240527;100257;1993;26;10480901571;B
20240527;100300;1993;10;10480902196;B
20240527;100300;1992.8;1;10480902239;S
20240527;100301;1993;1;10480902338;B
20240527;100301;1993;10;10480902517;B
20240527;100305;1992.8;4;10480903382;S
20240527;100306;1992.8;100;10480903517;S
20240527;100308;1993;56;10480904122;B
20240527;100311;1993;10;10480904704;B
20240527;100312;1993;1;10480905029;B
20240527;100312;1992.8;9;10480905160;S
20240527;100312;1993;11;10480905229;B
20240527;100314;1992.8;2;10480905656;S
20240527;100315;1993;1;10480905672;B
20240527;100315;1993;100;10480905788;B
20240527;100315;1993;8;10480905789;B
20240527;100315;1993;1;10480905790;B
20240527;100315;1993;1;10480905791;B
20240527;100315;1993;10;10480905792;B
20240527;100315;1993.4;1;10480905793;B
20240527;100315;1993.6;1;10480905794;B
20240527;100315;1993.8;1;10480905795;B
20240527;100315;1993.8;76;10480905796;B
20240527;100315;1993.8;7;10480905797;B
20240527;100315;1993.8;126;10480905798;B
20240527;100315;1993.8;50;10480905799;B
20240527;100315;1994;20;10480905800;B
20240527;100315;1994;1;10480905801;B
20240527;100315;1994;15;10480905802;B
20240527;100315;1994;10;10480905803;B
20240527;100315;1994;75;10480905804;B
20240527;100315;1994.2;24;10480905805;B
20240527;100315;1994;20;10480905826;B
20240527;100315;1994;2;10480905840;B
20240527;100315;1993;12;10480905848;S
20240527;100315;1993;10;10480905849;S
20240527;100315;1993;24;10480905850;S
20240527;100315;1993.8;10;10480905858;B
20240527;100315;1993.2;1;10480905872;S
20240527;100315;1993;5;10480905873;S
20240527;100315;1993;1;10480905879;S
20240527;100315;1993;5;10480905882;S
20240527;100315;1993;5;10480905886;S
20240527;100315;1994;12;10480905891;B
20240527;100315;1994;4;10480905892;B
20240527;100319;1994.4;1;10480906680;B
20240527;100319;1994.6;1;10480906726;B
20240527;100322;1994.6;1;10480907209;B
20240527;100322;1994.8;1;10480907248;B
20240527;100328;1994.6;4;10480908591;S
20240527;100330;1994.6;1;10480909146;S
20240527;100332;1994.8;1;10480909570;B
20240527;100332;1994.8;5;10480909571;B
20240527;100332;1995;1;10480909572;B
20240527;100332;1995;1;10480909573;B
20240527;100332;1995;7;10480909574;B
20240527;100332;1994.6;10;10480909589;S
20240527;100333;1995;5;10480909763;B
20240527;100335;1995;1;10480910115;B
20240527;100338;1995;4;10480910655;B
20240527;100338;1995;15;10480910656;B
20240527;100338;1995.4;6;10480910657;B
20240527;100339;1995.6;1;10480910792;B
20240527;100339;1995.6;1;10480910793;B
20240527;100341;1995.4;1;10480911378;S
20240527;100342;1995.4;25;10480911425;S
20240527;100342;1995.8;1;10480911562;B
20240527;100342;1995.8;2;10480911563;B
20240527;100344;1995.8;3;10480911847;B
20240527;100344;1996;1;10480911848;B
20240527;100344;1996;1;10480911849;B
20240527;100344;1996;19;10480911896;B
20240527;100344;1996;7;10480911897;B
20240527;100344;1996;1;10480911898;B
20240527;100344;1996;5;10480911899;B
20240527;100344;1996.2;1;10480911900;B
20240527;100344;1996.2;126;10480911901;B
20240527;100344;1996.4;75;10480911902;B
20240527;100344;1996.4;81;10480911903;B
20240527;100344;1996.6;1;10480911904;B
20240527;100344;1996.8;1;10480911905;B
20240527;100344;1996.8;183;10480911906;B
20240527;100344;1995.8;4;10480911911;S
20240527;100344;1996.8;4;10480911965;B
20240527;100344;1997;1;10480911966;B
20240527;100344;1997;1;10480911967;B
20240527;100344;1997;45;10480911969;B
20240527;100345;1996;5;10480912096;S
20240527;100345;1996;5;10480912097;S
20240527;100346;1996.8;1;10480912212;B
20240527;100346;1996.6;5;10480912240;S
20240527;100346;1996.8;1;10480912274;B
20240527;100346;1997;2;10480912275;B
20240527;100346;1997;1;10480912276;B
20240527;100346;1997.2;6;10480912277;B
20240527;100346;1996.6;1;10480912346;S
20240527;100346;1996.6;5;10480912351;S
20240527;100349;1996.6;1;10480912896;S
20240527;100351;1996.8;26;10480913254;S
20240527;100351;1996.8;1;10480913265;S
20240527;100351;1997;5;10480913439;B
20240527;100351;1997;5;10480913440;B
20240527;100351;1997.2;8;10480913441;B
20240527;100353;1997.2;9;10480913726;B
20240527;100354;1997.2;1;10480913895;B
20240527;100354;1997.4;5;10480913896;B
20240527;100354;1997.4;1;10480913897;B
20240527;100354;1997.4;73;10480913898;B
20240527;100355;1997.6;1;10480914080;B
20240527;100355;1997.6;2;10480914081;B
20240527;100355;1997.6;1;10480914082;B
20240527;100355;1997.6;4;10480914083;B
20240527;100355;1997.6;6;10480914084;B
20240527;100355;1997.6;3;10480914085;B
20240527;100355;1997.6;40;10480914086;B
20240527;100355;1997.8;91;10480914087;B
20240527;100355;1997.8;1;10480914088;B
20240527;100355;1997.8;126;10480914089;B
20240527;100355;1998;1;10480914090;B
20240527;100355;1998;78;10480914091;B
20240527;100355;1997.8;126;10480914105;B
20240527;100355;1997.8;4;10480914106;B
20240527;100355;1997.8;56;10480914195;B
20240527;100355;1997.8;45;10480914196;B
20240527;100355;1997.8;5;10480914222;B
20240527;100355;1998;5;10480914258;B
20240527;100356;1997.6;1;10480914391;B
20240527;100356;1997.6;20;10480914455;B
20240527;100357;1997.8;126;10480914481;B
20240527;100357;1998;417;10480914482;B
20240527;100357;1998;50;10480914483;B
20240527;100357;1998;80;10480914484;B
20240527;100357;1998;2;10480914485;B
20240527;100357;1998;60;10480914486;B
20240527;100357;1998.2;265;10480914487;B
20240527;100357;1998.2;1;10480914505;B
20240527;100357;1998.2;126;10480914506;B
20240527;100357;1998.4;1;10480914507;B
20240527;100357;1998.4;10;10480914508;B
20240527;100357;1998.4;20;10480914509;B
20240527;100357;1998.4;564;10480914510;B
20240527;100357;1998.4;75;10480914511;B
20240527;100357;1998.6;5;10480914512;B
20240527;100357;1998.6;8;10480914513;B
20240527;100357;1998.8;50;10480914514;B
20240527;100357;1999;10;10480914515;B
20240527;100357;1999;100;10480914516;B
20240527;100357;1999;5;10480914517;B
20240527;100357;1999;1;10480914518;B
20240527;100357;1999;600;10480914519;B
20240527;100357;1999.2;317;10480914520;B
20240527;100357;1999.4;1;10480914521;B
20240527;100357;1999.4;55;10480914522;B
20240527;100357;1999.6;50;10480914523;B
20240527;100357;1999.8;1;10480914524;B
20240527;100357;1999.8;1;10480914525;B
20240527;100357;1999.8;1;10480914526;B
20240527;100357;1999.8;10;10480914527;B
20240527;100357;1999.8;3;10480914528;B
20240527;100357;1999.8;600;10480914529;B
20240527;100357;2000;1;10480914530;B
20240527;100357;2000;10;10480914531;B
20240527;100357;2000;1;10480914532;B
20240527;100357;2000;10;10480914533;B
20240527;100357;2000;12;10480914534;B
20240527;100357;2000;70;10480914535;B
20240527;100357;2000;30;10480914536;B
20240527;100357;2000;25;10480914537;B
20240527;100357;2000;50;10480914538;B
20240527;100357;2000;1;10480914539;B
20240527;100357;2000;1;10480914540;B
20240527;100357;2000;174;10480914541;B
20240527;100357;1998.8;4;10480914591;S
20240527;100357;1999.8;9;10480914597;B
20240527;100357;1998.8;5;10480914620;S
20240527;100357;1998.8;3;10480914621;S
20240527;100357;1998.6;2;10480914622;S
20240527;100357;1998.8;5;10480914628;S
20240527;100357;1998.6;4;10480914629;S
20240527;100357;1999.6;2;10480914636;B
20240527;100357;1999.6;23;10480914637;B
20240527;100357;1999.6;3;10480914643;B
20240527;100357;1998.6;4;10480914700;S
20240527;100358;1999;1;10480914708;B
20240527;100358;1999.6;14;10480914709;B
20240527;100358;1998.4;1;10480914711;S
20240527;100358;1998.4;1;10480914748;S
20240527;100358;1999;1;10480914768;B
20240527;100358;1999;8;10480914806;B
20240527;100358;1999;2;10480914807;B
20240527;100359;1999;2;10480914985;B
20240527;100359;1998;1;10480915157;S
20240527;100403;1998.8;10;10480915962;S
20240527;100403;1998.8;1;10480915996;S
20240527;100404;1998.8;24;10480916081;S
20240527;100405;1999;1;10480916369;B
20240527;100405;1999.2;8;10480916370;B
20240527;100407;1999.6;2;10480916585;S
20240527;100407;1999.8;12;10480916690;B
20240527;100407;1999.8;2;10480916691;B
20240527;100407;1999.6;8;10480916692;S
20240527;100407;1999.6;2;10480916693;S
20240527;100409;1999.6;1;10480917096;S
20240527;100409;1999.6;20;10480917256;S
20240527;100410;1999.8;3;10480917375;B
20240527;100410;1999.8;2;10480917376;B
20240527;100412;1999.8;1;10480917921;B
20240527;100414;1999.8;123;10480918265;B
20240527;100414;1999.8;60;10480918266;B
20240527;100414;1999.8;1;10480918267;B
20240527;100414;1999.8;55;10480918268;B
20240527;100414;2000;316;10480918269;B
20240527;100414;2000;20;10480918270;B
20240527;100414;2000;1;10480918271;B
20240527;100414;2000;20;10480918272;B
20240527;100414;2000;1;10480918273;B
20240527;100414;2000;403;10480918274;B
20240527;100414;1999.8;10;10480918351;B
20240527;100414;1999.8;4;10480918422;B
20240527;100414;1999.8;32;10480918424;B
20240527;100414;1999.8;60;10480918425;B
20240527;100414;2000;340;10480918426;B
20240527;100415;2000;15;10480918521;B
20240527;100415;2000;500;10480918528;B
20240527;100416;2000;150;10480918630;B
20240527;100416;2000;2;10480918767;B
20240527;100416;2000;150;10480918816;B
20240527;100416;2000;16;10480918829;B
20240527;100417;1999.8;2;10480918865;S
20240527;100417;2000;5;10480919007;B
20240527;100419;2000;60;10480919418;B
20240527;100419;1999.8;8;10480919476;S
20240527;100420;1999.8;1;10480919587;S
20240527;100420;2000;2;10480919593;B
20240527;100420;1999.8;3;10480919640;S
20240527;100420;2000;157;10480919732;B
20240527;100420;2000;10;10480919733;B
20240527;100420;2000;3;10480919734;B
20240527;100420;2000;4;10480919735;B
20240527;100420;2000;7;10480919736;B
20240527;100420;2000;5;10480919737;B
20240527;100420;2000;15;10480919738;B
20240527;100420;2000;4;10480919739;B
20240527;100420;2000;1;10480919740;B
20240527;100420;2000;30;10480919741;B
20240527;100420;2000;1;10480919742;B
20240527;100420;2000;1;10480919743;B
20240527;100420;2000;1;10480919744;B
20240527;100420;2000;10;10480919745;B
20240527;100420;2000;10;10480919746;B
20240527;100420;2000;1;10480919747;B
20240527;100420;2000;1;10480919748;B
20240527;100420;2000;1;10480919749;B
20240527;100420;2000;1;10480919750;B
20240527;100420;2000;448;10480919751;B
20240527;100422;1999.8;28;10480920061;S
20240527;100422;1999.8;1;10480920062;S
20240527;100422;1999.8;75;10480920063;S
20240527;100422;1999.6;37;10480920064;S
20240527;100422;1999.6;9;10480920065;S
20240527;100422;2000;6;10480920182;B
20240527;100423;1999.8;3;10480920292;S
20240527;100424;2000;15;10480920534;B
20240527;100425;2000;5;10480920697;B
20240527;100426;2000;5;10480920896;B
20240527;100427;2000;21;10480921091;B
20240527;100427;2000;5;10480921092;B
20240527;100428;2000;30;10480921138;B
20240527;100428;1999.8;3;10480921142;S
20240527;100428;1999.8;5;10480921200;S
20240527;100428;1999.8;64;10480921225;S
20240527;100428;1999.8;20;10480921226;S
20240527;100428;1999.8;109;10480921227;S
20240527;100429;1999.8;1;10480921330;S
20240527;100429;2000;1;10480921336;B
20240527;100429;2000;3;10480921388;B
20240527;100429;2000;21;10480921401;B
20240527;100430;2000;37;10480921565;B
20240527;100430;2000;3;10480921566;B
20240527;100430;2000;5;10480921567;B
20240527;100430;2000.6;3;10480921568;B
20240527;100430;2000.6;60;10480921569;B
20240527;100430;2001;12;10480921570;B
20240527;100430;2001.6;10;10480921571;B
20240527;100430;2001.8;169;10480921572;B
20240527;100430;2001.8;500;10480921573;B
20240527;100430;2001.8;75;10480921574;B
20240527;100430;2002;50;10480921575;B
20240527;100430;2002;1;10480921576;B
20240527;100430;2002;41;10480921577;B
20240527;100430;2002;10;10480921578;B
20240527;100430;2002;15;10480921579;B
20240527;100430;2002;5;10480921580;B
20240527;100430;2002.2;1;10480921581;B
20240527;100430;2002.2;600;10480921582;B
20240527;100430;2002.4;50;10480921583;B
20240527;100430;2002.4;600;10480921584;B
20240527;100430;2002.4;600;10480921585;B
20240527;100430;2002.6;50;10480921586;B
20240527;100430;2002.6;1;10480921587;B
20240527;100430;2002.6;55;10480921588;B
20240527;100430;2002.8;50;10480921589;B
20240527;100430;2002.8;1;10480921590;B
20240527;100430;2002.8;200;10480921591;B
20240527;100430;2003;50;10480921592;B
20240527;100430;2003;445;10480921593;B
20240527;100430;2003;45;10480921594;B
20240527;100430;2003;30;10480921595;B
20240527;100430;2003;1;10480921596;B
20240527;100430;2003.2;50;10480921597;B
20240527;100430;2003.4;50;10480921598;B
20240527;100430;2003.4;120;10480921599;B
20240527;100430;2003.6;100;10480921600;B
20240527;100430;2003.6;200;10480921601;B
20240527;100430;2003.8;600;10480921602;B
20240527;100430;2003.8;100;10480921603;B
20240527;100430;2004;4;10480921604;B
20240527;100430;2004;150;10480921605;B
20240527;100430;2004;20;10480921606;B
20240527;100430;2004;30;10480921607;B
20240527;100430;2004;165;10480921608;B
20240527;100430;2004.8;1;10480921609;B
20240527;100430;2004.8;1;10480921610;B
20240527;100430;2004.8;500;10480921611;B
20240527;100430;2004.8;15;10480921612;B
20240527;100430;2005;10;10480921613;B
20240527;100430;2005;1;10480921614;B
20240527;100430;2005;10;10480921615;B
20240527;100430;2005;4;10480921616;B
20240527;100430;2005;3;10480921617;B
20240527;100430;2005;5;10480921618;B
20240527;100430;2005;2;10480921619;B
20240527;100430;2005;2;10480921620;B
20240527;100430;2005;160;10480921621;B
20240527;100430;2005;1;10480921622;B
20240527;100430;2005;1;10480921623;B
20240527;100430;2005;20;10480921624;B
20240527;100430;2005;1;10480921625;B
20240527;100430;2005.2;1000;10480921626;B
20240527;100430;2005.2;8;10480921627;B
20240527;100430;2005.6;1;10480921628;B
20240527;100430;2006;4;10480921629;B
20240527;100430;2006;1;10480921630;B
20240527;100430;2006;35;10480921631;B
20240527;100430;2006;5;10480921643;B
20240527;100430;2006;15;10480921644;B
20240527;100430;2006;5;10480921645;B
20240527;100430;2006;1;10480921646;B
20240527;100430;2006;67;10480921647;B
20240527;100430;2006;1;10480921648;B
20240527;100430;2006;6;10480921649;B
20240527;100430;2006;10;10480921652;B
20240527;100430;2006.6;1;10480921653;B
20240527;100430;2006.8;75;10480921654;B
20240527;100430;2007;1;10480921655;B
20240527;100430;2007;1;10480921656;B
20240527;100430;2007;1;10480921657;B
20240527;100430;2007;10;10480921658;B
20240527;100430;2007;1;10480921659;B
20240527;100430;2007;7;10480921660;B
20240527;100430;2007;1;10480921661;B
20240527;100430;2007;2;10480921662;B
20240527;100430;2007;30;10480921663;B
20240527;100430;2007;25;10480921664;B
20240527;100430;2007;1;10480921665;B
20240527;100430;2007;4;10480921666;B
20240527;100430;2007.4;5;10480921667;B
20240527;100430;2007.4;10;10480921668;B
20240527;100430;2007.6;14;10480921669;B
20240527;100430;2007.6;1;10480921670;B
20240527;100430;2007.6;11;10480921671;B
20240527;100430;2007.6;81;10480921672;B
20240527;100430;2007.8;16;10480921673;B
20240527;100430;2007.8;1;10480921674;B
20240527;100430;2007.8;12;10480921675;B
20240527;100430;2008;200;10480921676;B
20240527;100430;2008;1;10480921677;B
20240527;100430;2008;2;10480921678;B
20240527;100430;2008;1;10480921679;B
20240527;100430;2008;1;10480921680;B
20240527;100430;2008;2;10480921681;B
20240527;100430;2008;3;10480921682;B
20240527;100430;2008;5;10480921683;B
20240527;100430;2008;1;10480921684;B
20240527;100430;2008;3;10480921685;B
20240527;100430;2008;400;10480921686;B
20240527;100430;2008;55;10480921687;B
20240527;100430;2008.2;5;10480921688;B
20240527;100430;2008.4;1;10480921689;B
20240527;100430;2008.4;1;10480921690;B
20240527;100430;2008.6;600;10480921691;B
20240527;100430;2008.8;10;10480921692;B
20240527;100430;2009;15;10480921693;B
20240527;100430;2009;1;10480921694;B
20240527;100430;2009;1;10480921695;B
20240527;100430;2009;1;10480921696;B
20240527;100430;2009;2;10480921697;B
20240527;100430;2009;150;10480921698;B
20240527;100430;2009;100;10480921699;B
20240527;100430;2009;50;10480921700;B
20240527;100430;2009;25;10480921701;B
20240527;100430;2009.2;3;10480921702;B
20240527;100430;2009.2;5;10480921703;B
20240527;100430;2009.4;1;10480921704;B
20240527;100430;2009.6;10;10480921705;B
20240527;100430;2009.6;10;10480921706;B
20240527;100430;2009.6;100;10480921707;B
20240527;100430;2009.6;2;10480921708;B
20240527;100430;2009.6;3;10480921709;B
20240527;100430;2009.8;1;10480921710;B
20240527;100430;2009.8;1;10480921711;B
20240527;100430;2009.8;11;10480921712;B
20240527;100430;2009.8;396;10480921713;B
20240527;100430;2009.6;20;10480921732;B
20240527;100430;2009.2;50;10480921736;B
20240527;100430;2007.8;75;10480921739;S
20240527;100430;2007.8;12;10480921740;S
20240527;100430;2007.6;10;10480921741;S
20240527;100430;2007.8;1;10480921745;S
20240527;100430;2009.4;20;10480921748;B
20240527;100430;2009.4;13;10480921749;B
20240527;100430;2007.8;5;10480921778;S
20240527;100430;2009.4;20;10480921779;B
20240527;100430;2009.4;2;10480921786;B
20240527;100430;2009.4;75;10480921787;B
20240527;100430;2009.4;60;10480921788;B
20240527;100430;2009.6;12;10480921789;B
20240527;100430;2009.8;94;10480921790;B
20240527;100430;2009.8;1;10480921791;B
20240527;100430;2009.8;12;10480921792;B
20240527;100430;2010;194;10480921793;B
20240527;100430;2009.6;3;10480921794;B
20240527;100430;2009.6;20;10480921800;B
20240527;100430;2008.8;5;10480921811;B
20240527;100430;2009;40;10480921812;B
20240527;100431;2009;5;10480921816;B
20240527;100431;2009;20;10480921818;B
20240527;100431;2007.8;4;10480921819;S
20240527;100431;2007.8;3;10480921820;S
20240527;100431;2007.8;2;10480921821;S
20240527;100431;2007.8;2;10480921822;S
20240527;100431;2008;2;10480921830;S
20240527;100431;2008.8;7;10480921848;B
20240527;100431;2008.8;2;10480921855;B
20240527;100431;2009;6;10480921856;B
20240527;100431;2008;4;10480921857;S
20240527;100431;2008.8;4;10480921872;B
20240527;100431;2008;6;10480921873;S
20240527;100431;2007.8;4;10480921874;S
20240527;100431;2008;12;10480921875;S
20240527;100431;2007.8;66;10480921876;S
20240527;100431;2007.6;2;10480921877;S
20240527;100431;2007.6;6;10480921878;S
20240527;100431;2007.4;14;10480921879;S
20240527;100431;2008.8;6;10480921884;B
20240527;100431;2008.8;14;10480921885;B
20240527;100431;2007.6;4;10480921886;S
20240527;100431;2008.8;10;10480921887;B
20240527;100431;2007.6;8;10480921895;S
20240527;100431;2007.6;8;10480921896;S
20240527;100431;2008.8;7;10480921898;B
20240527;100431;2008.8;12;10480921900;B
20240527;100431;2008;5;10480921901;S
20240527;100431;2008.8;17;10480921943;B
20240527;100431;2008.8;3;10480921944;B
20240527;100431;2008;2;10480921945;S
20240527;100431;2007.8;1;10480921946;S
20240527;100431;2008;15;10480921948;B
20240527;100431;2008.8;9;10480921949;B
20240527;100431;2009;3;10480921950;B
20240527;100431;2008.8;7;10480921951;B
20240527;100431;2008;1;10480921954;S
20240527;100431;2008;11;10480921956;S
20240527;100431;2007.8;73;10480921957;S
20240527;100431;2007.6;4;10480921958;S
20240527;100431;2007.4;12;10480921959;S
20240527;100431;2007.4;2;10480921960;S
20240527;100431;2007.6;2;10480921961;S
20240527;100431;2008;1;10480921964;B
20240527;100431;2008.8;1;10480921965;B
20240527;100431;2008.8;1;10480921967;B
20240527;100431;2007.6;4;10480921969;S
20240527;100431;2007.6;1;10480921971;S
20240527;100431;2008.8;2;10480921972;B
20240527;100431;2007.6;7;10480921973;S
20240527;100431;2007.6;12;10480921974;S
20240527;100431;2007.4;32;10480921975;S
20240527;100431;2007.4;3;10480921976;S
20240527;100431;2008.6;2;10480921978;B
20240527;100431;2008.8;1;10480921979;B
20240527;100431;2008.8;17;10480921980;B
20240527;100431;2007.4;9;10480921982;S
20240527;100431;2007.4;1;10480921983;S
20240527;100431;2007.4;11;10480921984;S
20240527;100431;2007.4;74;10480921985;S
20240527;100431;2007.2;182;10480921986;S
20240527;100431;2007;5;10480921987;S
20240527;100431;2007;40;10480921988;S
20240527;100431;2006.8;9;10480921989;S
20240527;100431;2006.8;9;10480921990;S
20240527;100431;2006.8;1;10480921991;S
20240527;100431;2006.8;10;10480922002;S
20240527;100431;2006.8;2;10480922003;S
20240527;100431;2006.8;14;10480922004;S
20240527;100431;2006.8;5;10480922005;S
20240527;100431;2006.2;74;10480922006;S
20240527;100431;2006;5;10480922007;S
20240527;100431;2005.4;90;10480922008;S
20240527;100431;2005.4;26;10480922009;S
20240527;100431;2005.2;4;10480922010;S
20240527;100431;2005.6;1;10480922011;S
20240527;100431;2005.6;5;10480922012;S
20240527;100431;2005.4;1;10480922013;S
20240527;100431;2005.4;5;10480922015;S
20240527;100431;2005.4;23;10480922016;S
20240527;100431;2005.4;6;10480922017;S
20240527;100431;2005.4;5;10480922018;S
20240527;100431;2006.8;2;10480922020;B
20240527;100431;2006;1;10480922021;B
20240527;100431;2006;1;10480922022;B
20240527;100431;2006;4;10480922025;B
20240527;100431;2006.2;2;10480922026;B
20240527;100431;2005.4;28;10480922031;S
20240527;100431;2005.4;6;10480922034;S
20240527;100431;2005.2;9;10480922035;S
20240527;100431;2005.2;1;10480922040;S
20240527;100431;2005.2;1;10480922042;S
20240527;100431;2005.2;2;10480922043;S
20240527;100431;2006;5;10480922049;B
20240527;100431;2005.2;26;10480922053;S
20240527;100431;2005.2;7;10480922055;S
20240527;100431;2006.2;4;10480922060;B
20240527;100431;2006.2;98;10480922061;B
20240527;100431;2006.2;60;10480922062;B
20240527;100431;2006.4;12;10480922063;B
20240527;100431;2006.8;55;10480922064;B
20240527;100431;2006.8;21;10480922065;B
20240527;100431;2006.8;1;10480922080;B
20240527;100431;2006.8;150;10480922081;B
20240527;100431;2006.8;10;10480922089;B
20240527;100431;2006.8;10;10480922090;B
20240527;100431;2005.4;1;10480922101;S
20240527;100431;2006.8;2;10480922103;B
20240527;100431;2006.8;12;10480922104;B
20240527;100432;2006.8;12;10480922116;B
20240527;100432;2006.8;1;10480922135;B
20240527;100432;2006.8;12;10480922136;B
20240527;100432;2007;7;10480922137;B
20240527;100432;2005.8;12;10480922146;S
20240527;100432;2005.6;12;10480922147;S
20240527;100432;2005.2;74;10480922148;S
20240527;100432;2005;3;10480922149;S
20240527;100432;2005;60;10480922150;S
20240527;100432;2004.8;48;10480922151;S
20240527;100432;2006.8;20;10480922172;B
20240527;100432;2005.6;5;10480922214;S
20240527;100432;2005.2;5;10480922227;S
20240527;100432;2006;1;10480922236;B
20240527;100432;2005.2;2;10480922237;S
20240527;100432;2005.2;4;10480922238;S
20240527;100432;2004.8;8;10480922271;S
20240527;100432;2004.6;1;10480922274;S
20240527;100432;2005;2;10480922275;B
20240527;100432;2004.6;20;10480922305;S
20240527;100434;2004.6;5;10480922494;S
20240527;100434;2004.6;1;10480922508;S
20240527;100434;2004.6;1;10480922517;S
20240527;100434;2005;4;10480922614;B
20240527;100434;2005.2;3;10480922615;B
20240527;100435;2005.2;1;10480922641;B
20240527;100436;2005.2;1;10480922814;B
20240527;100439;2005;5;10480923324;B
20240527;100439;2005;1;10480923335;S
20240527;100439;2005.2;1;10480923402;B
20240527;100439;2005;3;10480923409;S
20240527;100439;2005.2;54;10480923455;B
20240527;100439;2005.2;15;10480923456;B
20240527;100439;2005.6;12;10480923457;B
20240527;100439;2005.8;19;10480923458;B
20240527;100440;2005;5;10480923667;S
20240527;100441;2005.2;1;10480923740;B
20240527;100441;2005.8;41;10480923741;B
20240527;100441;2006;12;10480923742;B
20240527;100441;2006;8;10480923743;B
20240527;100441;2006.2;38;10480923744;B
20240527;100442;2006.2;1;10480923904;B
20240527;100442;2006.2;21;10480923946;B
20240527;100442;2006.2;74;10480923947;B
20240527;100442;2006.6;1;10480923948;B
20240527;100442;2006.6;12;10480923949;B
20240527;100442;2006.6;60;10480923950;B
20240527;100442;2006.8;90;10480923951;B
20240527;100443;2005.6;10;10480924205;S
20240527;100445;2006.8;1;10480924530;B
20240527;100445;2005.6;2;10480924548;S
20240527;100445;2005.4;2;10480924549;S
20240527;100445;2005.4;1;10480924550;S
20240527;100445;2006.8;1;10480924624;B
20240527;100445;2005.6;12;10480924644;S
20240527;100445;2005.4;8;10480924645;S
20240527;100446;2005.2;1;10480924765;S
20240527;100446;2005.2;11;10480924813;S
20240527;100446;2005.2;55;10480924814;S
20240527;100446;2005;26;10480924815;S
20240527;100446;2005;74;10480924816;S
20240527;100446;2004.8;60;10480924817;S
20240527;100446;2004.4;3;10480924818;S
20240527;100446;2004.4;3;10480924819;S
20240527;100446;2004.4;3;10480924820;S
20240527;100446;2004.4;3;10480924821;S
20240527;100446;2004.4;3;10480924822;S
20240527;100446;2004.4;142;10480924823;S
20240527;100446;2004.2;182;10480924824;S
20240527;100446;2004;4;10480924825;S
20240527;100446;2003.6;600;10480924826;S
20240527;100446;2003.2;126;10480924827;S
20240527;100446;2003.2;120;10480924828;S
20240527;100446;2003;5;10480924829;S
20240527;100446;2002.8;600;10480924830;S
20240527;100446;2002.8;600;10480924831;S
20240527;100446;2002.4;1;10480924832;S
20240527;100446;2001.4;379;10480924833;S
20240527;100446;2001.8;5;10480924837;S
20240527;100446;2002.8;1;10480924885;B
20240527;100448;2002.8;10;10480925548;B
20240527;100449;2002.6;1;10480925685;B
20240527;100449;2002.6;1;10480925745;B
20240527;100449;2002.6;17;10480925768;B
20240527;100449;2001.8;40;10480925780;S
20240527;100450;2002.8;1;10480925939;B
20240527;100450;2002.8;12;10480925940;B
20240527;100450;2002.8;1;10480925941;B
20240527;100451;2003;308;10480926097;B
20240527;100452;2002.4;1;10480926399;S
20240527;100453;2002.4;11;10480926457;S
20240527;100453;2002.2;9;10480926458;S
20240527;100453;2002.2;3;10480926483;S
20240527;100453;2002;71;10480926484;S
20240527;100453;2003.4;9;10480926490;B
20240527;100453;2003.4;11;10480926491;B
20240527;100454;2002;1;10480926573;S
20240527;100455;2002;14;10480926990;S
20240527;100457;2002;74;10480927308;S
20240527;100457;2001.8;12;10480927309;S
20240527;100457;2001.8;14;10480927317;B
20240527;100458;2002.4;10;10480927351;B
20240527;100459;2001.8;1;10480927571;S
20240527;100459;2001.8;3;10480927627;S
20240527;100500;2002;5;10480927885;B
20240527;100500;2002;5;10480927886;B
20240527;100500;2002.4;2;10480927887;B
20240527;100500;2002.6;1;10480927888;B
20240527;100500;2002.8;5;10480927889;B
20240527;100500;2002.8;60;10480927890;B
20240527;100500;2003;5;10480927891;B
20240527;100500;2003.4;7;10480927892;B
20240527;100500;2003.4;12;10480927893;B
20240527;100500;2003.4;74;10480927894;B
20240527;100500;2003.6;5;10480927895;B
20240527;100500;2003.8;90;10480927896;B
20240527;100500;2004;71;10480927897;B
20240527;100500;2004.2;85;10480927898;B
20240527;100500;2004;46;10480927904;B
20240527;100500;2004.6;1;10480927918;B
20240527;100500;2004.6;74;10480927919;B
20240527;100500;2004.8;6;10480927920;B
20240527;100500;2004.8;12;10480927921;B
20240527;100500;2004.8;12;10480927922;B
20240527;100500;2004.8;97;10480927923;B
20240527;100500;2005;1;10480927924;B
20240527;100500;2005;1;10480927925;B
20240527;100500;2005;218;10480927926;B
20240527;100500;2005;342;10480927929;B
20240527;100500;2005;4;10480927940;B
20240527;100501;2004.2;2;10480927943;S
20240527;100501;2004.2;1;10480927953;S
20240527;100501;2005;36;10480927962;B
20240527;100501;2005.2;1;10480927963;B
20240527;100501;2005.2;74;10480927964;B
20240527;100501;2005.4;7;10480927965;B
20240527;100501;2006;1;10480927968;B
20240527;100501;2006;74;10480927969;B
20240527;100501;2006.2;1;10480927970;B
20240527;100501;2006.4;10;10480927971;B
20240527;100501;2006.6;74;10480927976;B
20240527;100501;2006.8;26;10480927977;B
20240527;100501;2006.8;56;10480927991;B
20240527;100501;2006.8;26;10480928065;B
20240527;100501;2006.8;24;10480928066;B
20240527;100501;2006.8;3;10480928070;B
20240527;100501;2006.8;2;10480928077;B
20240527;100501;2006.8;9;10480928078;B
20240527;100501;2006.8;12;10480928082;B
20240527;100501;2006.8;11;10480928083;B
20240527;100501;2006.8;12;10480928084;B
20240527;100501;2006.8;8;10480928085;B
20240527;100501;2006.8;19;10480928086;B
20240527;100501;2006.8;12;10480928087;B
20240527;100501;2006.8;6;10480928088;B
20240527;100501;2006.8;52;10480928089;B
20240527;100501;2006.8;7;10480928090;B
20240527;100501;2006.8;20;10480928092;B
20240527;100501;2006.8;103;10480928209;B
20240527;100501;2006.8;28;10480928210;B
20240527;100501;2006.8;2;10480928216;B
20240527;100501;2006.8;60;10480928217;B
20240527;100501;2007;55;10480928218;B
20240527;100501;2007;19;10480928253;B
20240527;100501;2007;1;10480928254;B
20240527;100501;2007;1;10480928255;B
20240527;100502;2007;5;10480928441;B
20240527;100503;2006;1;10480928463;S
20240527;100503;2005.8;2;10480928522;S
20240527;100504;2006;1;10480928805;S
20240527;100505;2007;73;10480928925;B
20240527;100505;2006;10;10480928930;S
20240527;100505;2006.8;1;10480928931;B
20240527;100505;2007;377;10480928932;B
20240527;100505;2007;10;10480928933;B
20240527;100505;2007;120;10480928934;B
20240527;100505;2007;52;10480928935;B
20240527;100505;2007;2;10480928936;B
20240527;100505;2007;30;10480928937;B
20240527;100505;2007;1;10480928938;B
20240527;100505;2007;9;10480928939;B
20240527;100505;2007;98;10480928940;B
20240527;100506;2007;3;10480929210;B
20240527;100506;2007;8;10480929211;B
20240527;100508;2007;1;10480929679;B
20240527;100508;2006;1;10480929819;S
20240527;100509;2007;5;10480930004;B
20240527;100510;2006;2;10480930048;S
20240527;100510;2006;1;10480930221;S
20240527;100511;2007;24;10480930348;B
20240527;100511;2007;1;10480930349;B
20240527;100511;2007;6;10480930350;B
20240527;100511;2007;1;10480930351;B
20240527;100511;2007;1;10480930352;B
20240527;100511;2007;1;10480930353;B
20240527;100511;2007;57;10480930354;B
20240527;100511;2007;1;10480930355;B
20240527;100511;2007;72;10480930356;B
20240527;100511;2006.2;5;10480930444;S
20240527;100511;2006;2;10480930445;S
20240527;100512;2007;10;10480930467;B
20240527;100512;2007;93;10480930595;B
20240527;100512;2006;1;10480930603;S
20240527;100512;2007;280;10480930628;B
20240527;100513;2007;45;10480930776;B
20240527;100513;2007;4;10480930777;B
20240527;100513;2007;10;10480930778;B
20240527;100513;2007.2;1;10480930779;B
20240527;100513;2007.4;5;10480930780;B
20240527;100513;2007.4;5;10480930781;B
20240527;100513;2007.4;5;10480930782;B
20240527;100513;2007.4;4;10480930783;B
20240527;100513;2007.4;1;10480930788;B
20240527;100514;2007;5;10480930852;S
20240527;100514;2007.4;5;10480931083;B
20240527;100514;2007.4;5;10480931084;B
20240527;100514;2007.4;5;10480931085;B
20240527;100514;2007.4;5;10480931086;B
20240527;100514;2007.4;5;10480931087;B
20240527;100514;2007.4;5;10480931088;B
20240527;100514;2007.4;5;10480931089;B
20240527;100514;2007.4;5;10480931090;B
20240527;100514;2007.6;6;10480931091;B
20240527;100514;2007.8;1;10480931092;B
20240527;100514;2007.8;4;10480931093;B
20240527;100514;2008;60;10480931094;B
20240527;100514;2008;1;10480931095;B
20240527;100514;2008;15;10480931096;B
20240527;100514;2008;2;10480931097;B
20240527;100514;2008;1;10480931098;B
20240527;100515;2007;2;10480931125;S
20240527;100515;2008;1;10480931130;B
20240527;100515;2008;1;10480931131;B
20240527;100516;2008;1;10480931352;S
20240527;100516;2008;1;10480931378;S
20240527;100516;2008;1;10480931397;S
20240527;100516;2007.8;1;10480931398;S
20240527;100516;2007.2;12;10480931416;S
20240527;100516;2007;8;10480931417;S
20240527;100517;2008.2;2;10480931475;B
20240527;100517;2008.2;1;10480931476;B
20240527;100517;2008.2;2;10480931477;B
20240527;100517;2007.4;1;10480931500;S
20240527;100517;2008.2;10;10480931575;B
20240527;100517;2008.4;5;10480931576;B
20240527;100517;2008.4;500;10480931577;B
20240527;100517;2008.6;7;10480931578;B
20240527;100517;2008.6;1;10480931579;B
20240527;100517;2008.6;74;10480931580;B
20240527;100517;2008.6;14;10480931581;B
20240527;100517;2008.6;5;10480931602;S
20240527;100518;2008.8;3;10480931648;B
20240527;100518;2008.8;2;10480931649;B
20240527;100518;2008.6;1;10480931657;S
20240527;100518;2008.8;1;10480931728;B
20240527;100518;2008.8;17;10480931739;B
20240527;100518;2008.8;4;10480931740;B
20240527;100518;2009;23;10480931741;B
20240527;100518;2009;78;10480931762;B
20240527;100519;2008.8;21;10480931890;S
20240527;100520;2008.8;7;10480932137;S
20240527;100520;2008.6;193;10480932138;S
20240527;100521;2009;2;10480932352;B
20240527;100522;2009;10;10480932531;B
20240527;100522;2008.8;1;10480932597;S
20240527;100522;2009;4;10480932602;B
20240527;100523;2008.8;1;10480932739;S
20240527;100523;2008.8;12;10480932740;S
20240527;100523;2008.8;1;10480932786;S
20240527;100523;2008.6;49;10480932787;S
20240527;100523;2008.6;1;10480932859;S
20240527;100524;2008.6;10;10480932925;S
20240527;100524;2008.6;1;10480933015;S
20240527;100524;2008.6;20;10480933029;S
20240527;100524;2008.8;30;10480933047;B
20240527;100524;2009;32;10480933048;B
20240527;100525;2009;5;10480933107;B
20240527;100525;2008.8;45;10480933147;S
20240527;100525;2008.6;1109;10480933148;S
20240527;100525;2008.4;10;10480933149;S
20240527;100525;2008.4;74;10480933150;S
20240527;100525;2008;80;10480933151;S
20240527;100525;2008;60;10480933152;S
20240527;100525;2007.8;12;10480933153;S
20240527;100525;2007.8;12;10480933154;S
20240527;100525;2007.6;60;10480933155;S
20240527;100525;2007.4;55;10480933156;S
20240527;100525;2007.2;90;10480933157;S
20240527;100525;2007;11;10480933158;S
20240527;100525;2007;600;10480933159;S
20240527;100525;2007;11;10480933160;S
20240527;100525;2006.4;120;10480933161;S
20240527;100525;2005.8;182;10480933162;S
20240527;100525;2005.8;600;10480933163;S
20240527;100525;2005.4;2;10480933164;S
20240527;100525;2005.4;6;10480933165;S
20240527;100525;2005;137;10480933166;S
20240527;100525;2007.6;15;10480933296;B
20240527;100525;2006.6;5;10480933298;S
20240527;100526;2007;1;10480933482;B
20240527;100526;2007.8;12;10480933483;B
20240527;100526;2007.8;12;10480933484;B
20240527;100526;2007.8;182;10480933485;B
20240527;100526;2007.8;60;10480933486;B
20240527;100526;2008;60;10480933487;B
20240527;100526;2008;73;10480933488;B
20240527;100527;2006.8;1;10480933673;S
20240527;100527;2006.8;1;10480933699;S
20240527;100529;2006.8;1;10480933952;S
20240527;100531;2006.8;9;10480934517;S
20240527;100531;2006.8;7;10480934518;S
20240527;100531;2006.8;60;10480934519;S
20240527;100531;2006.6;12;10480934520;S
20240527;100531;2006.6;74;10480934521;S
20240527;100531;2006;182;10480934522;S
20240527;100531;2005.8;55;10480934523;S
20240527;100531;2005.8;62;10480934524;S
20240527;100531;2005.2;139;10480934525;S
20240527;100532;2005.4;1;10480934540;S
20240527;100532;2007;6;10480934582;B
20240527;100533;2005.8;6;10480934722;S
20240527;100533;2005.8;4;10480934723;S
20240527;100534;2005.8;4;10480935006;S
20240527;100534;2006.8;1;10480935155;B
20240527;100534;2006.8;1;10480935175;B
20240527;100535;2006.8;2;10480935298;B
20240527;100539;2006.8;2;10480935944;B
20240527;100539;2007;6;10480935945;B
20240527;100539;2007.2;60;10480935946;B
20240527;100539;2007.2;12;10480935947;B
20240527;100539;2007.4;109;10480935948;B
20240527;100539;2007.6;2;10480935949;B
20240527;100539;2007.8;29;10480935950;B
20240527;100540;2006.8;5;10480936251;B
20240527;100540;2007.4;60;10480936252;B
20240527;100540;2007.6;12;10480936253;B
20240527;100540;2007.8;12;10480936254;B
20240527;100542;2006.4;3;10480936577;S
20240527;100543;2006.8;26;10480936944;B
20240527;100543;2007.4;2;10480936945;B
20240527;100543;2006;1;10480936962;S
20240527;100545;2007;20;10480937219;S
20240527;100545;2007;3;10480937220;S
20240527;100545;2006.8;12;10480937221;S
20240527;100545;2006.8;60;10480937222;S
20240527;100545;2006.4;4;10480937223;S
20240527;100545;2006.4;12;10480937224;S
20240527;100545;2006;1;10480937225;S
20240527;100545;2006;74;10480937226;S
20240527;100545;2005.6;2;10480937227;S
20240527;100545;2005.4;55;10480937228;S
20240527;100545;2005.4;84;10480937229;S
20240527;100545;2005.2;88;10480937230;S
20240527;100545;2004.8;3;10480937231;S
20240527;100545;2006.6;12;10480937280;B
20240527;100545;2006.6;12;10480937281;B
20240527;100545;2006.6;60;10480937282;B
20240527;100545;2006.8;316;10480937283;B
20240527;100546;2005.6;1;10480937449;S
20240527;100546;2005.8;1;10480937548;S
20240527;100547;2006;7;10480937629;B
20240527;100547;2006;9;10480937640;B
20240527;100547;2005.8;5;10480937646;S
20240527;100547;2006;3;10480937647;B
20240527;100547;2006;64;10480937660;B
20240527;100547;2005.8;20;10480937767;S
20240527;100548;2005.8;200;10480937924;S
20240527;100548;2006;17;10480937933;B
20240527;100548;2007.2;1;10480937934;B
20240527;100548;2007.2;182;10480937935;B
20240527;100548;2007.4;12;10480937936;B
20240527;100548;2007.6;1;10480937937;B
20240527;100548;2007.6;87;10480937938;B
20240527;100548;2007.6;11;10480938071;B
20240527;100548;2007.6;60;10480938072;B
20240527;100548;2007.8;182;10480938073;B
20240527;100548;2007.8;2;10480938074;B
20240527;100548;2007.8;1;10480938075;B
20240527;100548;2008;1;10480938076;B
20240527;100548;2008;5;10480938077;B
20240527;100548;2008;10;10480938078;B
20240527;100548;2008;55;10480938079;B
20240527;100548;2008;6;10480938080;B
20240527;100548;2008.2;3;10480938081;B
20240527;100548;2008.2;74;10480938082;B
20240527;100548;2008.4;12;10480938083;B
20240527;100548;2008.6;10;10480938084;B
20240527;100548;2008.6;5;10480938085;B
20240527;100548;2008.6;60;10480938086;B
20240527;100548;2008.8;140;10480938087;B
20240527;100548;2008.8;15;10480938088;B
20240527;100548;2008.8;6;10480938089;B
20240527;100548;2008.8;5;10480938090;B
20240527;100548;2009;122;10480938091;B
20240527;100548;2009;1;10480938092;B
20240527;100548;2009;10;10480938093;B
20240527;100548;2009;2;10480938094;B
20240527;100548;2009;4;10480938095;B
20240527;100548;2009;2;10480938096;B
20240527;100548;2009;5;10480938097;B
20240527;100548;2009;443;10480938098;B
20240527;100549;2007.4;1;10480938201;S
20240527;100549;2007.6;1;10480938366;B
20240527;100549;2007.6;9;10480938378;B
20240527;100549;2007.8;1;10480938379;B
20240527;100549;2008.4;15;10480938380;B
20240527;100550;2007.4;1;10480938556;S
20240527;100550;2007.4;10;10480938654;S
20240527;100550;2007.4;12;10480938655;S
20240527;100550;2007.2;3;10480938656;S
20240527;100550;2007.2;25;10480938657;S
20240527;100552;2007.4;8;10480939015;S
20240527;100552;2007.4;4;10480939016;S
20240527;100552;2007.4;1;10480939017;S
20240527;100552;2008;1;10480939077;B
20240527;100552;2008.4;5;10480939078;B
20240527;100552;2008.6;12;10480939079;B
20240527;100552;2008.6;5;10480939080;B
20240527;100552;2007.6;1;10480939142;S
20240527;100554;2007.6;1;10480939461;S
20240527;100556;2008;2;10480940031;B
20240527;100557;2007.4;11;10480940242;S
20240527;100557;2007.2;3;10480940243;S
20240527;100557;2007.2;74;10480940244;S
20240527;100557;2007.2;60;10480940245;S
20240527;100557;2007;12;10480940246;S
20240527;100558;2006.6;1;10480940329;S
20240527;100558;2006.8;236;10480940365;B
20240527;100559;2006.8;5;10480940562;B
20240527;100559;2006.8;11;10480940625;B
20240527;100600;2006.8;11;10480940786;B
20240527;100600;2006.8;2;10480940807;B
20240527;100600;2006.8;6;10480940809;B
20240527;100601;2006.6;1;10480941038;S
20240527;100602;2006.8;69;10480941309;B
20240527;100602;2007.4;1;10480941310;B
20240527;100602;2007.4;10;10480941311;B
20240527;100602;2007.6;12;10480941312;B
20240527;100602;2008;3;10480941313;B
20240527;100602;2008;5;10480941314;B
20240527;100602;2007.8;2;10480941338;B
20240527;100603;2007.8;9;10480941632;B
20240527;100603;2008;6;10480941633;B
20240527;100604;2008;2;10480941708;B
20240527;100606;2008;5;10480942155;B
20240527;100606;2008;32;10480942165;B
20240527;100606;2008;68;10480942166;B
20240527;100608;2008;1000;10480942397;B
20240527;100608;2007.8;91;10480942581;S
20240527;100608;2007.8;27;10480942582;S
20240527;100609;2008;130;10480942601;B
20240527;100609;2008;2;10480942603;B
20240527;100609;2007.8;1;10480942617;S
20240527;100609;2008;4;10480942656;B
20240527;100610;2007.8;5;10480942878;S
20240527;100610;2008;1;10480942894;B
20240527;100610;2008;1;10480942895;B
20240527;100610;2008.2;3;10480942896;B
20240527;100610;2008;4;10480943045;S
20240527;100610;2007.8;11;10480943066;S
20240527;100611;2008;1;10480943174;S
20240527;100611;2007.8;30;10480943187;S
20240527;100611;2007.8;12;10480943188;S
20240527;100611;2007.6;8;10480943189;S
20240527;100612;2008.6;4;10480943604;B
20240527;100613;2008;11;10480943831;S
20240527;100613;2007.8;74;10480943832;S
20240527;100613;2007.6;43;10480943833;S
20240527;100613;2007.6;12;10480943834;S
20240527;100613;2007.6;12;10480943835;S
20240527;100613;2007.6;60;10480943836;S
20240527;100613;2007;4;10480943859;B
20240527;100613;2007;31;10480943886;B
20240527;100614;2007;5;10480944069;B
20240527;100615;2007;1;10480944206;B
20240527;100616;2007;35;10480944429;B
20240527;100617;2006.8;1;10480944623;S
20240527;100617;2006.8;20;10480944653;S
20240527;100617;2006.8;8;10480944654;S
20240527;100617;2006.8;9;10480944655;S
20240527;100617;2006.8;65;10480944731;S
20240527;100617;2006.6;35;10480944732;S
20240527;100618;2007;33;10480944910;B
20240527;100618;2007;1;10480944966;B
20240527;100619;2006.8;1;10480945054;S
20240527;100619;2007;3;10480945066;B
20240527;100619;2007;1;10480945157;B
20240527;100621;2007;350;10480945578;B
20240527;100622;2007;1;10480945665;B
20240527;100622;2007;20;10480945796;B
20240527;100622;2007;10;10480945799;B
20240527;100622;2006.8;73;10480945869;S
20240527;100622;2006.8;119;10480945870;S
20240527;100623;2007;20;10480945936;B
20240527;100623;2007;10;10480946097;B
20240527;100624;2007;10;10480946276;B
20240527;100625;2006.8;6;10480946419;S
20240527;100627;2007;1;10480946926;B
20240527;100627;2006.8;255;10480947002;S
20240527;100630;2006.8;10;10480947735;S
20240527;100630;2006.8;2;10480947746;S
20240527;100630;2007;20;10480947748;B
20240527;100630;2007;20;10480947885;B
20240527;100631;2007;41;10480948048;B
20240527;100632;2007;10;10480948375;B
20240527;100633;2006.8;6;10480948464;S
20240527;100633;2007;1;10480948540;B
20240527;100633;2006.8;1;10480948598;S
20240527;100635;2006.8;10;10480948806;S
20240527;100635;2007;1;10480948918;B
20240527;100635;2007;1;10480948940;B
20240527;100635;2006.8;5;10480948972;S
20240527;100636;2007;1;10480949141;B
20240527;100637;2006.8;83;10480949363;S
20240527;100637;2006.8;24;10480949364;S
20240527;100637;2006.6;15;10480949365;S
20240527;100637;2006.6;9;10480949366;S
20240527;100637;2006.6;59;10480949367;S
20240527;100637;2007;1;10480949377;B
20240527;100637;2006.4;4;10480949432;S
20240527;100637;2006.4;20;10480949433;S
20240527;100638;2007;2;10480949664;B
20240527;100638;2006.2;7;10480949769;S
20240527;100638;2006;25;10480949770;S
20240527;100639;2006.8;43;10480949867;B
20240527;100639;2006.8;1;10480949898;B
20240527;100639;2006.8;2;10480950019;B
20240527;100639;2006.8;5;10480950052;B
20240527;100639;2007;174;10480950053;B
20240527;100639;2007;70;10480950054;B
20240527;100639;2007;1;10480950055;B
20240527;100640;2007;19;10480950214;B
20240527;100640;2007;12;10480950215;B
20240527;100640;2007.8;12;10480950216;B
20240527;100640;2007.8;60;10480950217;B
20240527;100640;2008;17;10480950218;B
20240527;100640;2008.2;1;10480950274;B
20240527;100641;2007.2;1;10480950329;S
20240527;100642;2007.2;13;10480950636;S
20240527;100642;2008.2;11;10480950724;B
20240527;100642;2008.6;6;10480950725;B
20240527;100642;2008.6;1;10480950726;B
20240527;100642;2008.6;25;10480950727;B
20240527;100642;2008.8;5;10480950728;B
20240527;100642;2008.8;10;10480950729;B
20240527;100642;2008.8;6;10480950730;B
20240527;100642;2008.8;46;10480950731;B
20240527;100643;2007.6;10;10480950914;S
20240527;100643;2007.6;2;10480950925;S
20240527;100643;2007.4;12;10480950926;S
20240527;100643;2007.4;5;10480950927;S
20240527;100643;2007.2;58;10480950928;S
20240527;100643;2007.4;8;10480950957;S
20240527;100643;2007.4;4;10480950958;S
20240527;100643;2007.2;6;10480950959;S
20240527;100644;2007.4;1;10480951028;S
20240527;100645;2008.4;30;10480951168;B
20240527;100646;2007.2;1;10480951409;S
20240527;100646;2007.2;3;10480951410;S
20240527;100646;2007;1;10480951411;S
20240527;100646;2007;22;10480951412;S
20240527;100646;2008.4;25;10480951505;B
20240527;100646;2008.4;12;10480951506;B
20240527;100647;2008.6;2;10480951556;B
20240527;100648;2008.6;8;10480951856;B
20240527;100648;2008.6;60;10480951857;B
20240527;100648;2008.6;32;10480951858;B
20240527;100649;2008.6;12;10480952000;B
20240527;100649;2008.6;2;10480952001;B
20240527;100649;2008.6;10;10480952002;B
20240527;100651;2008.4;20;10480952603;B
20240527;100652;2007.4;12;10480952762;S
20240527;100652;2007.4;3;10480952763;S
20240527;100653;2007.8;12;10480953028;B
20240527;100653;2008;62;10480953029;B
20240527;100653;2007;1;10480953035;S
20240527;100653;2008;17;10480953036;B
20240527;100653;2008.4;74;10480953048;B
20240527;100653;2008.4;2;10480953049;B
20240527;100653;2008.4;60;10480953050;B
20240527;100653;2008.6;1;10480953051;B
20240527;100653;2008.6;1;10480953052;B
20240527;100653;2008.6;12;10480953053;B
20240527;100657;2008.2;10;10480953640;B
20240527;100657;2008.6;38;10480953641;B
20240527;100659;2008.4;10;10480953977;B
20240527;100659;2008.4;15;10480953978;B
20240527;100659;2008.4;3;10480953983;B
20240527;100701;2008.4;51;10480954290;B
20240527;100701;2008.4;1;10480954291;B
20240527;100701;2008.6;1;10480954292;B
20240527;100701;2008.6;11;10480954293;B
20240527;100701;2008.6;1;10480954340;B
20240527;100701;2008.6;2;10480954341;B
20240527;100701;2008.4;1;10480954468;B
20240527;100704;2007.4;4;10480955015;S
20240527;100705;2008;15;10480955118;B
20240527;100705;2008;20;10480955193;B
20240527;100705;2008.4;4;10480955194;B
20240527;100705;2008.4;32;10480955195;B
20240527;100705;2008.4;4;10480955196;B
20240527;100705;2008.4;1;10480955197;B
20240527;100705;2008.4;1;10480955198;B
20240527;100706;2008.6;1;10480955368;B
20240527;100706;2008.6;399;10480955369;B
20240527;100707;2008.6;101;10480955703;B
20240527;100707;2008.6;9;10480955704;B
20240527;100707;2008.6;2;10480955705;B
20240527;100707;2008.8;2;10480955706;B
20240527;100707;2008.8;1;10480955707;B
20240527;100707;2008.8;1;10480955708;B
20240527;100707;2009;535;10480955709;B
20240527;100707;2009;10;10480955710;B
20240527;100707;2009;2;10480955711;B
20240527;100707;2009;1;10480955712;B
20240527;100707;2009;1;10480955713;B
20240527;100707;2009;25;10480955714;B
20240527;100707;2009;262;10480955715;B
20240527;100707;2009;600;10480955716;B
20240527;100707;2009;5;10480955717;B
20240527;100707;2009;60;10480955718;B
20240527;100707;2009;74;10480955719;B
20240527;100708;2009.2;1;10480955902;B
20240527;100710;2009;1;10480956393;S
20240527;100711;2009;1;10480956668;S
20240527;100712;2009;5;10480956835;S
20240527;100714;2009;8;10480957315;S
20240527;100714;2009;1;10480957394;S
20240527;100715;2009;200;10480957526;S
20240527;100715;2009;2;10480957558;S
20240527;100716;2009.2;1;10480957656;B
20240527;100716;2009.2;1;10480957657;B
20240527;100716;2009.2;5;10480957658;B
20240527;100716;2009.4;1;10480957659;B
20240527;100716;2009.4;2;10480957660;B
20240527;100716;2009.4;1;10480957661;B
20240527;100716;2009.4;1;10480957662;B
20240527;100716;2009.4;10;10480957663;B
20240527;100716;2009.4;2;10480957664;B
20240527;100716;2009.4;1;10480957665;B
20240527;100716;2009.4;74;10480957666;B
20240527;100716;2009.6;1;10480957667;B
20240527;100716;2009.6;17;10480957668;B
20240527;100716;2009.6;1;10480957669;B
20240527;100716;2009.6;2;10480957670;B
20240527;100716;2009.6;4;10480957671;B
20240527;100716;2009.6;65;10480957672;B
20240527;100716;2009.6;2;10480957673;B
20240527;100716;2009.6;1;10480957674;B
20240527;100716;2009.6;1;10480957675;B
20240527;100716;2009.6;15;10480957676;B
20240527;100716;2009.6;5;10480957677;B
20240527;100716;2009.6;1;10480957678;B
20240527;100716;2009.6;50;10480957679;B
20240527;100716;2009.6;1;10480957680;B
20240527;100716;2009.6;1;10480957681;B
20240527;100716;2009.6;6;10480957682;B
20240527;100716;2009.6;2;10480957683;B
20240527;100716;2009;1;10480957695;S
20240527;100716;2009.6;2;10480957800;B
20240527;100716;2009.6;60;10480957801;B
20240527;100716;2009.8;3;10480957802;B
20240527;100716;2009.8;6;10480957803;B
20240527;100716;2009.8;11;10480957804;B
20240527;100716;2009.8;2;10480957805;B
20240527;100716;2009.8;200;10480957806;B
20240527;100716;2009.8;1;10480957807;B
20240527;100716;2009.8;1;10480957808;B
20240527;100716;2009.8;1;10480957809;B
20240527;100716;2009.8;1;10480957810;B
20240527;100716;2009.8;5;10480957811;B
20240527;100716;2009.8;5;10480957812;B
20240527;100716;2009.8;202;10480957813;B
20240527;100716;2009.2;1;10480957825;S
20240527;100717;2009.8;1;10480957832;B
20240527;100717;2009.8;108;10480957834;B
20240527;100717;2009.8;92;10480957835;B
20240527;100717;2009.2;99;10480957858;S
20240527;100717;2009;21;10480957859;S
20240527;100718;2009.8;5;10480958213;B
20240527;100719;2009.4;1;10480958420;B
20240527;100720;2009.4;4;10480958496;B
20240527;100720;2009.4;6;10480958497;B
20240527;100720;2009.2;2;10480958532;S
20240527;100720;2009.2;98;10480958534;S
20240527;100720;2009;22;10480958535;S
20240527;100720;2009.8;53;10480958580;B
20240527;100720;2009.8;50;10480958581;B
20240527;100720;2009.8;50;10480958582;B
20240527;100720;2009.8;7;10480958583;B
20240527;100720;2009.8;10;10480958584;B
20240527;100722;2009.8;5;10480958839;B
20240527;100722;2009.8;1;10480958840;B
20240527;100723;2009.8;5;10480959195;B
20240527;100724;2009;15;10480959342;S
20240527;100725;2009.8;49;10480959602;B
20240527;100725;2009.8;60;10480959603;B
20240527;100725;2010;11;10480959604;B
20240527;100726;2009.8;55;10480959741;B
20240527;100726;2009.8;35;10480959742;B
20240527;100726;2009;32;10480959802;S
20240527;100726;2009;12;10480959803;S
20240527;100726;2008.8;3;10480959804;S
20240527;100726;2008.6;12;10480959805;S
20240527;100726;2008.4;1;10480959810;S
20240527;100727;2008.6;2;10480959880;B
20240527;100727;2008.6;10;10480959951;B
20240527;100728;2008.6;23;10480960163;B
20240527;100728;2008.6;1;10480960203;B
20240527;100728;2008.6;70;10480960208;B
20240527;100728;2008.6;60;10480960209;B
20240527;100728;2009;450;10480960210;B
20240527;100728;2009.2;12;10480960211;B
20240527;100728;2009.4;55;10480960212;B
20240527;100728;2009.8;74;10480960213;B
20240527;100728;2010;29;10480960214;B
20240527;100730;2010;1;10480960481;B
20240527;100730;2010;265;10480960559;B
20240527;100730;2010;1;10480960560;B
20240527;100730;2010;110;10480960561;B
20240527;100730;2010;5;10480960562;B
20240527;100730;2010;1;10480960563;B
20240527;100730;2010;1;10480960564;B
20240527;100730;2010;1;10480960565;B
20240527;100730;2010;2;10480960566;B
20240527;100730;2010;9;10480960567;B
20240527;100730;2010;10;10480960568;B
20240527;100730;2010;1;10480960569;B
20240527;100730;2010;1;10480960570;B
20240527;100730;2010;9;10480960571;B
20240527;100730;2010;5;10480960572;B
20240527;100730;2010;1;10480960573;B
20240527;100730;2010;10;10480960574;B
20240527;100730;2010;2;10480960575;B
20240527;100730;2010;4;10480960576;B
20240527;100730;2010;1;10480960577;B
20240527;100730;2010;2;10480960578;B
20240527;100730;2010;10;10480960579;B
20240527;100730;2010;1;10480960580;B
20240527;100730;2010;1;10480960581;B
20240527;100730;2010;50;10480960582;B
20240527;100730;2010;9;10480960583;B
20240527;100730;2010;20;10480960584;B
20240527;100730;2010;2;10480960585;B
20240527;100730;2010;1;10480960586;B
20240527;100730;2010;3;10480960587;B
20240527;100730;2010;50;10480960588;B
20240527;100730;2010;20;10480960589;B
20240527;100730;2010;50;10480960590;B
20240527;100730;2010;80;10480960591;B
20240527;100730;2010;1;10480960592;B
20240527;100730;2010;105;10480960593;B
20240527;100730;2010;12;10480960594;B
20240527;100730;2010;1;10480960595;B
20240527;100730;2010;2;10480960596;B
20240527;100730;2010;1;10480960597;B
20240527;100730;2010;10;10480960598;B
20240527;100730;2010;5;10480960599;B
20240527;100730;2010;1;10480960600;B
20240527;100730;2010;2;10480960601;B
20240527;100730;2010;25;10480960602;B
20240527;100730;2010;1;10480960603;B
20240527;100730;2010;10;10480960604;B
20240527;100730;2010;20;10480960605;B
20240527;100730;2010;14;10480960606;B
20240527;100730;2010;5;10480960607;B
20240527;100730;2010;35;10480960608;B
20240527;100730;2010;12;10480960609;B
20240527;100730;2010;5;10480960610;B
20240527;100730;2010;1;10480960611;B
20240527;100730;2010;1;10480960612;B
20240527;100730;2010;5;10480960613;B
20240527;100730;2010;2;10480960614;B
20240527;100730;2010;13;10480960615;B
20240527;100730;2010;1;10480960616;B
20240527;100730;2010;1;10480960617;B
20240527;100730;2010;20;10480960618;B
20240527;100730;2010;2;10480960619;B
20240527;100730;2010;5;10480960620;B
20240527;100730;2010;1;10480960621;B
20240527;100730;2010;1;10480960622;B
20240527;100730;2010;1;10480960623;B
20240527;100730;2010;3;10480960624;B
20240527;100730;2010;1;10480960625;B
20240527;100730;2010;4;10480960626;B
20240527;100730;2010;1;10480960627;B
20240527;100730;2010;1;10480960628;B
20240527;100730;2010;1;10480960629;B
20240527;100730;2010;1;10480960630;B
20240527;100730;2010;1;10480960631;B
20240527;100730;2010;10;10480960632;B
20240527;100730;2010;2;10480960633;B
20240527;100730;2010;1;10480960634;B
20240527;100730;2010;50;10480960635;B
20240527;100730;2010;1;10480960636;B
20240527;100730;2010;300;10480960637;B
20240527;100730;2010;5;10480960638;B
20240527;100730;2010;1;10480960639;B
20240527;100730;2010;3;10480960640;B
20240527;100730;2010;1;10480960641;B
20240527;100730;2010;5;10480960642;B
20240527;100730;2010;1;10480960643;B
20240527;100730;2010;2;10480960644;B
20240527;100730;2010;100;10480960645;B
20240527;100730;2010;50;10480960646;B
20240527;100730;2010;396;10480960647;B
20240527;100731;2010;1;10480960763;B
20240527;100732;2010;42;10480960917;B
20240527;100732;2010;15;10480960918;B
20240527;100733;2009.2;1;10480961040;S
20240527;100733;2009.2;5;10480961126;S
20240527;100734;2009.8;1;10480961206;B
20240527;100734;2009.8;60;10480961207;B
20240527;100734;2009.8;10;10480961208;B
20240527;100734;2010;20;10480961209;B
20240527;100734;2010;15;10480961210;B
20240527;100734;2010;1;10480961211;B
20240527;100734;2010;5;10480961212;B
20240527;100734;2010;1;10480961213;B
20240527;100734;2010;569;10480961214;B
20240527;100734;2010;2;10480961215;B
20240527;100734;2010;5;10480961216;B
20240527;100734;2010;1;10480961240;B
20240527;100734;2010;41;10480961324;B
20240527;100734;2010;10;10480961325;B
20240527;100734;2010;1;10480961326;B
20240527;100734;2010;1;10480961327;B
20240527;100734;2010;5;10480961328;B
20240527;100734;2010;120;10480961329;B
20240527;100734;2010;10;10480961330;B
20240527;100734;2010;50;10480961331;B
20240527;100734;2010;7;10480961332;B
20240527;100734;2010;2;10480961333;B
20240527;100734;2010;52;10480961334;B
20240527;100734;2010;1;10480961335;B
20240527;100734;2010;1;10480961336;B
20240527;100734;2010;2;10480961339;S
20240527;100735;2010.4;1;10480961459;B
20240527;100735;2010.4;1;10480961480;B
20240527;100735;2010.4;5;10480961481;B
20240527;100735;2010.6;5;10480961482;B
20240527;100735;2010.6;4;10480961504;B
20240527;100735;2010.6;10;10480961505;B
20240527;100735;2010.6;1;10480961506;B
20240527;100735;2010.6;1;10480961507;B
20240527;100735;2010.6;1;10480961508;B
20240527;100735;2010.8;3;10480961509;B
20240527;100735;2010.8;3;10480961514;B
20240527;100735;2010.8;1;10480961515;B
20240527;100735;2010.8;1;10480961516;B
20240527;100735;2010.8;1;10480961517;B
20240527;100735;2010.8;1;10480961518;B
20240527;100735;2010.8;1;10480961519;B
20240527;100735;2010.8;5;10480961520;B
20240527;100735;2011;1;10480961521;B
20240527;100735;2011;2;10480961522;B
20240527;100735;2011;99;10480961523;B
20240527;100735;2010;12;10480961536;S
20240527;100735;2010;50;10480961584;S
20240527;100735;2010;18;10480961593;S
20240527;100735;2010;17;10480961594;S
20240527;100735;2010;9;10480961595;S
20240527;100735;2010;1;10480961597;S
20240527;100736;2010.4;1;10480961600;S
20240527;100736;2010;4;10480961601;S
20240527;100736;2010;1;10480961602;S
20240527;100736;2010;10;10480961612;S
20240527;100736;2010;8;10480961614;S
20240527;100736;2010.8;1;10480961706;B
20240527;100736;2010;1;10480961709;S
20240527;100736;2010.8;1;10480961717;B
20240527;100736;2011;25;10480961718;B
20240527;100736;2011;1;10480961739;B
20240527;100736;2011;1;10480961764;B
20240527;100737;2011;1;10480961842;B
20240527;100737;2011;35;10480961849;B
20240527;100737;2011;1;10480961850;B
20240527;100737;2011;1;10480961851;B
20240527;100737;2011;2;10480961852;B
20240527;100737;2011;1;10480961853;B
20240527;100737;2011;1;10480961854;B
20240527;100737;2011;1;10480961855;B
20240527;100737;2011;1;10480961856;B
20240527;100737;2011;5;10480961857;B
20240527;100737;2011.2;60;10480961858;B
20240527;100737;2011.6;1;10480961859;B
20240527;100737;2011.6;7;10480961860;B
20240527;100737;2011.8;1;10480961863;B
20240527;100737;2011.8;1;10480961893;B
20240527;100737;2010.4;12;10480961979;S
20240527;100737;2010.4;12;10480961980;S
20240527;100737;2010.2;1;10480961981;S
20240527;100737;2010.2;25;10480961982;S
20240527;100737;2010.4;5;10480961988;S
20240527;100737;2010.4;7;10480962116;S
20240527;100737;2010.4;12;10480962117;S
20240527;100737;2010.2;1;10480962118;S
20240527;100737;2010;98;10480962119;S
20240527;100737;2010;74;10480962120;S
20240527;100737;2009.6;60;10480962121;S
20240527;100737;2009.2;360;10480962122;S
20240527;100737;2009;2;10480962123;S
20240527;100737;2009;1;10480962124;S
20240527;100737;2008.8;55;10480962125;S
20240527;100737;2008.8;90;10480962126;S
20240527;100737;2008.6;60;10480962127;S
20240527;100737;2008.4;77;10480962128;S
20240527;100737;2008;600;10480962129;S
20240527;100737;2008;3;10480962130;B
20240527;100738;2008;20;10480962156;B
20240527;100738;2007.8;5;10480962176;S
20240527;100739;2007.2;6;10480962351;S
20240527;100739;2007;2;10480962352;S
20240527;100739;2007;3;10480962353;S
20240527;100739;2007.8;10;10480962374;B
20240527;100740;2007.8;2;10480962501;B
20240527;100740;2007.8;32;10480962502;B
20240527;100740;2007.8;13;10480962526;B
20240527;100743;2007;1;10480963400;S
20240527;100743;2007;8;10480963401;S
20240527;100743;2007;182;10480963402;S
20240527;100743;2007;5;10480963403;S
20240527;100743;2007;4;10480963404;S
20240527;100743;2007;74;10480963405;S
20240527;100743;2006.6;6;10480963406;S
20240527;100743;2007.2;12;10480963412;B
20240527;100743;2007.2;18;10480963413;B
20240527;100744;2007.4;3;10480963646;B
20240527;100744;2006.2;15;10480963651;S
20240527;100745;2007.4;9;10480963671;B
20240527;100745;2007.4;6;10480963672;B
20240527;100745;2007.4;60;10480963673;B
20240527;100745;2007.6;59;10480963674;B
20240527;100745;2007.6;52;10480963675;B
20240527;100745;2008;1140;10480963676;B
20240527;100745;2008;74;10480963677;B
20240527;100745;2008;1;10480963753;B
20240527;100746;2008;250;10480963880;B
20240527;100746;2007.8;3;10480964063;S
20240527;100747;2008;1;10480964159;B
20240527;100747;2008;1;10480964229;B
20240527;100747;2008;25;10480964236;B
20240527;100748;2008;10;10480964312;B
20240527;100749;2007.8;2;10480964419;S
20240527;100749;2007.8;11;10480964491;S
20240527;100749;2007.8;200;10480964502;S
20240527;100750;2007.8;99;10480964569;S
20240527;100751;2007.8;80;10480964670;S
20240527;100753;2007.8;2;10480965039;S
20240527;100754;2007.8;46;10480965201;S
20240527;100755;2008;1;10480965523;B
20240527;100756;2008;2;10480965588;B
20240527;100756;2008;5;10480965606;B
20240527;100756;2007.8;1;10480965607;S
20240527;100757;2008;19;10480965806;B
20240527;100757;2007.8;50;10480965939;S
20240527;100758;2007.8;1;10480966005;S
20240527;100758;2008;25;10480966037;B
20240527;100758;2008;25;10480966038;B
20240527;100759;2008;1;10480966105;B
20240527;100759;2007.8;9;10480966115;S
20240527;100759;2007.8;153;10480966176;S
20240527;100759;2007.8;47;10480966177;S
20240527;100800;2007.8;26;10480966241;S
20240527;100800;2007.8;5;10480966242;S
20240527;100800;2007.8;20;10480966243;S
20240527;100800;2007.8;2;10480966244;S
20240527;100800;2007.8;2;10480966245;S
20240527;100800;2007.8;5;10480966271;S
20240527;100800;2007.8;10;10480966272;S
20240527;100800;2007.8;1;10480966281;B
20240527;100801;2007.8;3;10480966518;B
20240527;100802;2007.2;2;10480966692;S
20240527;100804;2007.2;5;10480966964;S
20240527;100805;2007.6;1;10480967170;B
20240527;100806;2007.6;1;10480967233;B
20240527;100806;2007.6;1;10480967297;B
20240527;100807;2007.6;27;10480967518;B
20240527;100807;2007.6;13;10480967519;B
20240527;100807;2007.8;36;10480967520;B
20240527;100807;2007.8;51;10480967521;B
20240527;100807;2007.8;90;10480967522;B
20240527;100807;2008;29;10480967523;B
20240527;100807;2008;344;10480967524;B
20240527;100809;2007.2;12;10480967875;S
20240527;100809;2007.2;1;10480967881;S
20240527;100810;2007.2;1;10480967959;S
20240527;100811;2007.8;50;10480968170;B
20240527;100813;2007.6;1;10480968373;B
20240527;100813;2007.6;20;10480968451;B
20240527;100814;2007.6;1;10480968632;B
20240527;100815;2007.2;1;10480968695;S
20240527;100815;2007.6;8;10480968698;B
20240527;100815;2007.8;62;10480968699;B
20240527;100815;2007.8;88;10480968772;B
20240527;100815;2008;12;10480968773;B
20240527;100816;2007.6;1;10480969100;B
20240527;100816;2008;1;10480969101;B
20240527;100819;2007.2;12;10480969545;S
20240527;100819;2007;1;10480969546;S
20240527;100819;2007;6;10480969547;S
20240527;100819;2007;5;10480969548;S
20240527;100819;2006.8;12;10480969549;S
20240527;100819;2006.8;55;10480969550;S
20240527;100819;2006.6;1;10480969551;S
20240527;100819;2006.6;12;10480969552;S
20240527;100819;2006.6;74;10480969553;S
20240527;100819;2006.4;60;10480969554;S
20240527;100819;2006.2;66;10480969555;S
20240527;100820;2007.4;3;10480969769;B
20240527;100821;2007;2;10480970197;B
20240527;100822;2006.2;12;10480970256;S
20240527;100822;2006;8;10480970257;S
20240527;100823;2007;3;10480970479;B
20240527;100823;2007;4;10480970480;B
20240527;100823;2007.4;9;10480970481;B
20240527;100823;2007.4;60;10480970482;B
20240527;100823;2007.4;12;10480970483;B
20240527;100823;2007.6;25;10480970484;B
20240527;100823;2007.8;90;10480970485;B
20240527;100823;2007.8;74;10480970486;B
20240527;100823;2008;143;10480970487;B
20240527;100823;2008;253;10480970488;B
20240527;100824;2007.8;12;10480970762;B
20240527;100824;2007.8;12;10480970763;B
20240527;100824;2008;49;10480970764;B
20240527;100826;2006.8;12;10480971040;S
20240527;100826;2006.6;12;10480971041;S
20240527;100826;2006.4;74;10480971042;S
20240527;100826;2006.2;1;10480971043;S
20240527;100826;2006.2;1;10480971044;S
20240527;100827;2007.6;10;10480971289;B
20240527;100827;2007.6;4;10480971290;B
20240527;100827;2006.2;1;10480971371;S
20240527;100828;2007.6;27;10480971630;B
20240527;100831;2006.6;1;10480972244;B
20240527;100831;2006.8;11;10480972245;B
20240527;100831;2007;22;10480972246;B
20240527;100832;2006.8;11;10480972443;B
20240527;100832;2007;37;10480972444;B
20240527;100832;2007;11;10480972447;B
20240527;100832;2007;20;10480972522;B
20240527;100835;2006;11;10480973055;S
20240527;100835;2005.8;1;10480973056;S
20240527;100835;2005.6;132;10480973057;S
20240527;100835;2005.4;74;10480973058;S
20240527;100835;2005.4;1;10480973074;S
20240527;100838;2005.4;11;10480973466;S
20240527;100838;2005.2;1;10480973467;S
20240527;100838;2005;88;10480973468;S
20240527;100838;2005;12;10480973470;S
20240527;100838;2005;15;10480973471;S
20240527;100838;2005;6;10480973472;S
20240527;100838;2005;1;10480973473;S
20240527;100838;2005;33;10480973474;S
20240527;100838;2004.6;23;10480973489;S
20240527;100838;2004.6;26;10480973609;S
20240527;100839;2005;4;10480973798;B
20240527;100840;2004.2;1;10480973880;S
20240527;100841;2004.6;9;10480974147;B
20240527;100841;2004.6;4;10480974177;B
20240527;100841;2004.6;25;10480974215;B
20240527;100842;2004.8;33;10480974406;B
20240527;100842;2005;6;10480974407;B
20240527;100842;2005.4;12;10480974408;B
20240527;100842;2005.4;52;10480974409;B
20240527;100842;2006;12;10480974410;B
20240527;100844;2006.8;12;10480974680;B
20240527;100844;2007;3;10480974681;B
20240527;100845;2006.8;1;10480974795;B
20240527;100849;2006.8;6;10480975364;B
20240527;100849;2006.8;24;10480975365;B
20240527;100849;2006.8;15;10480975426;B
20240527;100849;2006.8;1;10480975446;B
20240527;100851;2006.8;160;10480975670;B
20240527;100851;2006.8;4;10480975671;B
20240527;100851;2007;61;10480975672;B
20240527;100852;2006.2;17;10480975839;S
20240527;100852;2006.2;3;10480975840;S
20240527;100852;2007;100;10480975865;B
20240527;100855;2006.8;3;10480976316;B
20240527;100856;2006.8;2;10480976569;B
20240527;100856;2006.8;1;10480976570;B
20240527;100856;2006.4;1;10480976613;S
20240527;100857;2006.2;1;10480976713;S
20240527;100857;2006.8;1;10480976817;B
20240527;100857;2006.8;1;10480976818;B
20240527;100857;2007;15;10480976819;B
20240527;100902;2006.2;1;10480977650;S
20240527;100903;2006.8;1;10480977750;B
20240527;100903;2007;12;10480977772;B
20240527;100904;2006.8;1;10480977858;S
20240527;100904;2006.2;4;10480977859;S
20240527;100904;2007;4;10480977864;B
20240527;100909;2006.4;3;10480978905;S
20240527;100910;2006.4;3;10480978984;S
20240527;100910;2007;61;10480979010;B
20240527;100910;2007;5;10480979090;B
20240527;100910;2006.4;3;10480979124;S
20240527;100911;2006.4;3;10480979232;S
20240527;100911;2007;72;10480979282;B
20240527;100911;2006.4;3;10480979315;S
20240527;100911;2006.8;3;10480979363;S
20240527;100912;2006.8;3;10480979404;S
20240527;100913;2006.8;60;10480979592;S
20240527;100913;2006.8;1;10480979626;S
20240527;100913;2006.8;5;10480979699;S
20240527;100915;2007;28;10480980157;B
20240527;100917;2007;10;10480980545;B
20240527;100918;2006.8;1;10480980615;S
20240527;100918;2007;1;10480980693;B
20240527;100920;2006.8;54;10480981101;S
20240527;100920;2006.8;1;10480981102;S
20240527;100920;2006.8;39;10480981103;S
20240527;100922;2007;2;10480981410;B
20240527;100922;2007;10;10480981434;B
20240527;100923;2006.8;4;10480981602;S
20240527;100924;2007;3;10480981883;B
20240527;100924;2007;11;10480981928;B
20240527;100925;2006.8;3;10480982003;S
20240527;100925;2006.8;7;10480982004;S
20240527;100926;2007;1;10480982105;B
20240527;100926;2006.8;1;10480982206;S
20240527;100926;2006.8;7;10480982216;B
20240527;100926;2006.4;1;10480982242;S
20240527;100927;2006.8;6;10480982341;B
20240527;100928;2006.8;4;10480982389;B
20240527;100930;2006.8;22;10480982876;B
20240527;100930;2006.8;8;10480982877;B
20240527;100931;2007;1;10480982938;B
20240527;100931;2006.8;50;10480982975;S
20240527;100934;2007;10;10480983353;B
20240527;100934;2007;1;10480983354;B
20240527;100934;2007;179;10480983355;B
20240527;100937;2007;15;10480983783;B
20240527;100937;2007;100;10480983863;B
20240527;100937;2006.8;300;10480983903;S
20240527;100939;2007;1;10480984129;B
20240527;100939;2007;3;10480984161;B
20240527;100941;2007;1;10480984434;B
20240527;100941;2007;1;10480984447;B
20240527;100942;2007;5;10480984500;B
20240527;100942;2006.8;1;10480984577;S
20240527;100943;2007;1;10480984637;B
20240527;100943;2007;8;10480984653;B
20240527;100943;2007;70;10480984666;B
20240527;100944;2007;1;10480984860;B
20240527;100945;2007;4;10480984956;B
20240527;100946;2006.8;119;10480985145;S
20240527;100946;2006.8;55;10480985146;S
20240527;100946;2006.8;5;10480985147;S
20240527;100946;2006.6;5;10480985148;S
20240527;100946;2006.6;10;10480985149;S
20240527;100946;2006.6;76;10480985150;S
20240527;100946;2006.4;730;10480985151;S
20240527;100950;2006.8;2;10480985803;B
20240527;100950;2006.6;1;10480985886;S
20240527;100952;2006.8;10;10480986234;B
20240527;100953;2006.8;2;10480986382;B
20240527;100953;2006.8;52;10480986476;B
20240527;100953;2006.8;1;10480986477;B
20240527;100953;2006.8;46;10480986478;B
20240527;100955;2006.6;4;10480986745;S
20240527;100955;2006.4;21;10480986746;S
20240527;100958;2006.8;33;10480987222;B
20240527;100958;2007;11;10480987223;B
20240527;100958;2007;12;10480987224;B
20240527;100958;2007;5;10480987225;B
20240527;100958;2007;11;10480987226;B
20240527;100958;2007;23;10480987227;B
20240527;100958;2007;100;10480987228;B
20240527;100958;2007;10;10480987229;B
20240527;100958;2007;100;10480987230;B
20240527;100958;2007;10;10480987231;B
20240527;100958;2007;5;10480987232;B
20240527;100958;2007;1;10480987233;B
20240527;100958;2007;2;10480987234;B
20240527;100958;2007;24;10480987235;B
20240527;100958;2007;5;10480987236;B
20240527;100958;2007.2;648;10480987237;B
20240527;100958;2007.2;352;10480987281;B
20240527;100958;2007.2;74;10480987282;B
20240527;100958;2007.6;1;10480987283;B
20240527;100958;2007.6;1;10480987284;B
20240527;100958;2007.6;30;10480987285;B
20240527;100958;2007.8;6;10480987286;B
20240527;100958;2007.8;200;10480987287;B
20240527;100958;2007.8;1;10480987288;B
20240527;100958;2007.8;12;10480987289;B
20240527;100958;2008;198;10480987290;B
20240527;100958;2008;5;10480987291;B
20240527;100958;2008;37;10480987292;B
20240527;101000;2007.2;126;10480987601;S
20240527;101000;2007.2;47;10480987602;S
20240527;101001;2008;215;10480987630;B
20240527;101001;2007;48;10480987655;S
20240527;101001;2008;30;10480987657;B
20240527;101001;2008;36;10480987662;B
20240527;101001;2008;182;10480987664;B
20240527;101001;2008;5;10480987665;B
20240527;101001;2008;20;10480987666;B
20240527;101001;2008;6;10480987667;B
20240527;101001;2008;44;10480987679;B
20240527;101001;2008;30;10480987680;B
20240527;101001;2008;20;10480987681;B
20240527;101001;2008;30;10480987682;B
20240527;101001;2008;1;10480987683;B
20240527;101001;2008;1;10480987684;B
20240527;101001;2008;1;10480987685;B
20240527;101001;2008;80;10480987686;B
20240527;101001;2008;6;10480987687;B
20240527;101001;2008;31;10480987714;B
20240527;101001;2008;2;10480987715;B
20240527;101001;2008;8;10480987716;B
20240527;101001;2008;5;10480987717;B
20240527;101001;2008;2;10480987718;B
20240527;101001;2008;6;10480987719;B
20240527;101001;2008;20;10480987720;B
20240527;101001;2008;6;10480987721;B
20240527;101001;2008;4;10480987722;B
20240527;101001;2008;7;10480987724;B
20240527;101001;2008;33;10480987727;B
20240527;101001;2008;4;10480987728;B
20240527;101001;2008;13;10480987729;B
20240527;101001;2008;7;10480987778;B
20240527;101002;2007.6;50;10480987948;S
20240527;101003;2008;232;10480987973;B
20240527;101003;2007.6;1;10480988060;S
20240527;101005;2007.8;38;10480988406;S
20240527;101006;2008;56;10480988614;B
20240527;101006;2007.8;3;10480988618;S
20240527;101007;2007.8;7;10480988736;S
20240527;101007;2007.8;2;10480988826;S
20240527;101009;2008;1;10480989303;B
20240527;101010;2007.8;5;10480989588;S
20240527;101010;2007.8;1;10480989589;S
20240527;101010;2007.4;2;10480989643;S
20240527;101011;2008;4;10480989717;B
20240527;101011;2007.4;53;10480989814;S
20240527;101011;2007.2;38;10480989815;S
20240527;101011;2006.8;12;10480989816;S
20240527;101011;2006.8;12;10480989817;S
20240527;101011;2006.8;2;10480989818;S
20240527;101011;2006.8;1;10480989819;S
20240527;101011;2006.8;3;10480989820;S
20240527;101012;2007;55;10480989988;S
20240527;101012;2006.8;3;10480989989;S
20240527;101012;2006.8;12;10480989990;S
20240527;101012;2006.8;12;10480989991;S
20240527;101012;2006.6;18;10480989992;S
20240527;101014;2007.8;51;10480990153;B
20240527;101014;2007.8;12;10480990154;B
20240527;101014;2008;37;10480990155;B
20240527;101020;2007.8;12;10480991412;B
20240527;101020;2007.8;4;10480991413;B
20240527;101021;2007.8;55;10480991474;B
20240527;101021;2008;748;10480991475;B
20240527;101021;2008;1;10480991476;B
20240527;101021;2008;2;10480991477;B
20240527;101021;2008;9;10480991478;B
20240527;101021;2008;70;10480991479;B
20240527;101021;2008;4;10480991480;B
20240527;101021;2008;70;10480991481;B
20240527;101021;2008;12;10480991482;B
20240527;101021;2008;29;10480991483;B
20240527;101022;2008;7;10480991725;B
20240527;101023;2008;4;10480991735;B
20240527;101024;2008;12;10480991905;B
20240527;101026;2007.4;19;10480992141;S
20240527;101026;2007.2;31;10480992142;S
20240527;101027;2007.2;24;10480992364;S
20240527;101027;2007;12;10480992365;S
20240527;101027;2007;12;10480992366;S
20240527;101027;2007;60;10480992367;S
20240527;101027;2006.6;164;10480992368;S
20240527;101027;2006.6;28;10480992369;S
20240527;101030;2007.2;3;10480992935;S
20240527;101032;2007.8;12;10480993167;B
20240527;101032;2007.8;92;10480993168;B
20240527;101032;2007.8;55;10480993169;B
20240527;101032;2008;7;10480993170;B
20240527;101033;2008;50;10480993416;B
20240527;101033;2007.2;3;10480993441;S
20240527;101033;2008;753;10480993451;B
20240527;101033;2008;43;10480993452;B
20240527;101033;2008;58;10480993453;B
20240527;101033;2008;12;10480993454;B
20240527;101033;2008;74;10480993455;B
20240527;101033;2008;25;10480993456;B
20240527;101033;2008;34;10480993457;B
20240527;101033;2008;1;10480993458;B
20240527;101036;2007.2;3;10480994017;S
20240527;101036;2007.2;47;10480994018;S
20240527;101038;2007.2;2;10480994334;S
20240527;101039;2008;10;10480994532;B
20240527;101041;2007.2;3;10480994705;S
20240527;101042;2007.8;5;10480994957;B
20240527;101043;2007.2;3;10480995113;S
20240527;101043;2007.2;8;10480995114;S
20240527;101045;2008;5;10480995369;B
20240527;101049;2007.8;1;10480995968;B
20240527;101049;2008;488;10480995969;B
20240527;101049;2008;58;10480995970;B
20240527;101049;2008;2;10480995971;B
20240527;101049;2008;1;10480995972;B
20240527;101049;2008;10;10480995973;B
20240527;101049;2008;2;10480996056;B
20240527;101050;2008;1;10480996212;B
20240527;101051;2008;40;10480996277;B
20240527;101052;2007.2;43;10480996481;S
20240527;101052;2007.2;55;10480996482;S
20240527;101052;2007.2;1;10480996485;B
20240527;101054;2007;50;10480996712;S
20240527;101054;2007.2;2;10480996784;B
20240527;101055;2007.2;1;10480996859;B
20240527;101055;2007.2;3;10480996879;B
20240527;101056;2007.2;1;10480996977;B
20240527;101056;2007.2;1;10480996987;B
20240527;101056;2007.2;1;10480997084;B
20240527;101056;2007.2;1;10480997103;B
20240527;101057;2007.2;108;10480997228;B
20240527;101057;2007.2;60;10480997229;B
20240527;101057;2007.4;58;10480997230;B
20240527;101100;2007;20;10480997588;S
20240527;101100;2007.4;42;10480997613;B
20240527;101100;2007.6;8;10480997614;B
20240527;101101;2007.2;17;10480997871;S
20240527;101101;2007;13;10480997872;S
20240527;101102;2007.6;1;10480998016;B
20240527;101104;2007;17;10480998356;S
20240527;101104;2007;12;10480998357;S
20240527;101104;2007;17;10480998358;S
20240527;101107;2007;1;10480998760;B
20240527;101108;2006.8;20;10480998937;S
20240527;101108;2007;17;10480998986;B
20240527;101110;2007;14;10480999215;B
20240527;101110;2007.4;11;10480999216;B
20240527;101112;2007;1;10480999563;S
20240527;101115;2007.6;2;10481000012;B
20240527;101117;2006.8;30;10481000151;S
20240527;101117;2006.8;1;10481000289;S
20240527;101118;2006.8;1;10481000377;S
20240527;101119;2007.6;8;10481000677;B
20240527;101119;2007.6;1;10481000684;B
20240527;101120;2007.6;55;10481000870;B
20240527;101120;2007.6;2;10481000871;B
20240527;101120;2007.6;2;10481000872;B
20240527;101120;2007.8;31;10481000873;B
20240527;101120;2007.8;66;10481000874;B
20240527;101120;2007.8;17;10481000875;B
20240527;101120;2008;455;10481000876;B
20240527;101120;2008;1;10481000877;B
20240527;101120;2008;4;10481000878;B
20240527;101120;2008;3;10481000879;B
20240527;101120;2008;50;10481000880;B
20240527;101120;2008;9;10481000881;B
20240527;101120;2008;5;10481000882;B
20240527;101122;2007;14;10481001205;S
20240527;101122;2007;5;10481001206;S
20240527;101122;2006.8;82;10481001207;S
20240527;101123;2006.8;20;10481001447;S
20240527;101126;2007.8;55;10481001908;B
20240527;101126;2007.8;182;10481001909;B
20240527;101126;2007.8;135;10481001910;B
20240527;101126;2007.8;74;10481001911;B
20240527;101126;2007.8;20;10481001912;B
20240527;101134;2007;182;10481003355;S
20240527;101134;2007;74;10481003356;S
20240527;101134;2007;2;10481003357;S
20240527;101134;2006.8;142;10481003358;S
20240527;101135;2007.6;1;10481003784;B
20240527;101135;2007.6;81;10481003785;B
20240527;101135;2007.8;18;10481003786;B
20240527;101136;2007.8;1;10481003853;B
20240527;101137;2007;15;10481004122;S
20240527;101137;2006.8;36;10481004123;S
20240527;101137;2007.8;3;10481004206;B
20240527;101137;2006.8;46;10481004217;S
20240527;101138;2007.8;32;10481004258;B
20240527;101138;2007.8;55;10481004259;B
20240527;101138;2007.8;12;10481004260;B
20240527;101138;2007.8;5;10481004292;B
20240527;101141;2007.6;29;10481004804;B
20240527;101141;2007.8;165;10481004805;B
20240527;101141;2007.8;55;10481004806;B
20240527;101141;2008;251;10481004807;B
20240527;101143;2007.2;20;10481005086;S
20240527;101143;2007.6;1;10481005222;B
20240527;101146;2007.6;1;10481005916;B
20240527;101146;2007.6;68;10481005917;B
20240527;101146;2007.8;18;10481005918;B
20240527;101146;2007.8;79;10481005919;B
20240527;101146;2007.2;3;10481006043;S
20240527;101147;2007.2;6;10481006338;S
20240527;101148;2007.8;6;10481006353;B
20240527;101149;2007.2;3;10481006572;S
20240527;101151;2007.4;1;10481006851;B
20240527;101151;2007.2;2;10481006929;B
20240527;101151;2007.4;4;10481006930;B
20240527;101151;2007.6;14;10481006931;B
20240527;101154;2007.2;1;10481007378;B
20240527;101154;2007.2;1;10481007390;B
20240527;101156;2007.6;26;10481007725;B
20240527;101156;2007.6;47;10481007726;B
20240527;101157;2007.6;3;10481007830;B
20240527;101157;2007.8;22;10481007831;B
20240527;101158;2007.8;1;10481007863;B
20240527;101159;2007;2;10481008000;S
20240527;101202;2007.6;25;10481008387;B
20240527;101202;2007.8;92;10481008388;B
20240527;101202;2007.8;1;10481008389;B
20240527;101202;2007.8;13;10481008390;B
20240527;101202;2008;174;10481008391;B
20240527;101202;2008;1;10481008440;B
20240527;101203;2007;3;10481008588;S
