<DATE>;<TIME>;<LAST>;<VOL>;<ID>;<OPER>
20240522;095936;1968.4;2;10427179195;S
20240522;095936;1968.4;3;10427179196;B
20240522;095936;1968.4;1;10427179197;B
20240522;095936;1968.4;1;10427179198;B
20240522;095936;1968.4;1;10427179199;S
20240522;095936;1968.4;1;10427179200;B
20240522;095936;1968.4;2;10427179201;S
20240522;095936;1968.4;1;10427179202;S
20240522;095936;1968.4;7;10427179203;S
20240522;095936;1968.4;3;10427179204;S
20240522;095936;1968.4;35;10427179205;B
20240522;095936;1968.4;3;10427179206;B
20240522;095936;1968.4;2;10427179207;S
20240522;095936;1968.4;10;10427179208;B
20240522;095936;1968.4;29;10427179209;B
20240522;095936;1968.4;5;10427179210;B
20240522;095936;1968.4;3;10427179211;S
20240522;095936;1968.4;1;10427179212;S
20240522;095936;1968.4;3;10427179213;S
20240522;095936;1968.4;959;10427179214;S
20240522;095936;1968.4;1;10427179215;S
20240522;095936;1968.4;1;10427179216;S
20240522;095936;1968.4;150;10427179217;S
20240522;095936;1968.4;1;10427179218;S
20240522;095936;1968.4;5;10427179219;S
20240522;095936;1968.4;93;10427179220;S
20240522;095936;1968.4;1;10427179221;S
20240522;095936;1968.4;1;10427179222;S
20240522;095936;1968.4;1;10427179223;S
20240522;095936;1968.4;3;10427179224;S
20240522;095936;1968.4;25;10427179225;S
20240522;095936;1968.4;3;10427179226;S
20240522;095936;1968.4;3;10427179227;S
20240522;095936;1968.4;1;10427179228;S
20240522;095936;1968.4;2;10427179229;S
20240522;095936;1968.4;2;10427179230;S
20240522;095936;1968.4;100;10427179231;S
20240522;095936;1968.4;9;10427179232;S
20240522;095936;1968.4;6;10427179233;S
20240522;095936;1968.4;1;10427179234;S
20240522;095936;1968.4;2;10427179235;S
20240522;095936;1968.4;5;10427179236;S
20240522;095936;1968.4;1;10427179237;S
20240522;095936;1968.4;5;10427179238;S
20240522;095936;1968.4;1;10427179239;S
20240522;095936;1968.4;1;10427179240;S
20240522;095936;1968.4;1;10427179241;S
20240522;095936;1968.4;1;10427179242;S
20240522;100000;1968.4;100;10427184453;B
20240522;100000;1968;5;10427184495;S
20240522;100000;1968.4;1;10427184550;B
20240522;100001;1968.4;10;10427184778;B
20240522;100001;1968;2;10427184847;S
20240522;100001;1968;1;10427184848;S
20240522;100001;1968;2;10427184849;S
20240522;100001;1968;2;10427184850;S
20240522;100001;1968;3;10427184851;S
20240522;100001;1968.4;4;10427184895;B
20240522;100002;1968.8;6;10427185400;B
20240522;100002;1968.8;4;10427185401;B
20240522;100002;1969;50;10427185402;B
20240522;100002;1969;40;10427185403;B
20240522;100002;1968.4;10;10427185404;S
20240522;100002;1968.2;4;10427185405;S
20240522;100002;1968.2;86;10427185407;B
20240522;100002;1968.4;4;10427185408;B
20240522;100002;1969;10;10427185409;B
20240522;100002;1968.4;8;10427185412;S
20240522;100002;1968.2;25;10427185528;B
20240522;100002;1968;22;10427185609;S
20240522;100002;1968.2;1;10427185640;B
20240522;100002;1968.2;66;10427185783;B
20240522;100002;1968.4;5;10427185784;B
20240522;100002;1968.6;8;10427185785;B
20240522;100002;1968.6;3;10427186044;S
20240522;100004;1969;94;10427186700;B
20240522;100004;1969;1;10427186701;B
20240522;100004;1969.2;5;10427186702;B
20240522;100004;1968.6;18;10427186703;S
20240522;100004;1968.4;5;10427186704;S
20240522;100004;1968.4;12;10427186705;S
20240522;100004;1968.4;6;10427186706;B
20240522;100004;1968.4;1;10427187139;B
20240522;100004;1968;6;10427187140;S
20240522;100004;1968.4;1;10427187345;B
20240522;100004;1968.4;1;10427187346;B
20240522;100004;1968.4;1;10427187354;B
20240522;100004;1968.4;1;10427187803;B
20240522;100004;1968.4;1;10427187805;B
20240522;100004;1968;6;10427187960;S
20240522;100004;1968.4;1;10427187967;B
20240522;100004;1968.4;1;10427187970;B
20240522;100004;1968;1;10427187976;S
20240522;100004;1968.4;1;10427188064;B
20240522;100005;1968.4;1;10427188425;B
20240522;100005;1968.4;49;10427188834;B
20240522;100005;1968.4;1;10427188835;B
20240522;100005;1968.4;1;10427188843;B
20240522;100005;1968;11;10427189035;S
20240522;100005;1968;1;10427189101;S
20240522;100005;1968.2;1;10427189104;B
20240522;100005;1968.2;1;10427189106;B
20240522;100005;1967;6;10427189114;S
20240522;100005;1968.2;1;10427189117;B
20240522;100005;1967;3;10427189121;S
20240522;100005;1967;1;10427189122;S
20240522;100005;1966.8;1;10427189123;S
20240522;100005;1968.2;1;10427189128;B
20240522;100006;1968.2;2;10427189730;B
20240522;100006;1968.2;8;10427189731;B
20240522;100006;1968.4;90;10427189732;B
20240522;100006;1967;2;10427189733;S
20240522;100006;1967;6;10427189734;S
20240522;100006;1966.8;1;10427189735;S
20240522;100006;1966.8;1;10427189736;S
20240522;100006;1966.8;1;10427189737;S
20240522;100006;1966.8;1;10427189738;S
20240522;100006;1966.8;14;10427189739;S
20240522;100006;1966.8;1;10427189740;S
20240522;100006;1966.8;1;10427189741;S
20240522;100006;1966.8;1;10427189742;S
20240522;100006;1966.8;1;10427189743;S
20240522;100006;1966.8;1;10427189744;S
20240522;100006;1966.8;1;10427189745;S
20240522;100006;1966.8;68;10427189748;B
20240522;100006;1967.8;6;10427189749;B
20240522;100006;1968.4;8;10427189750;B
20240522;100006;1968.8;86;10427189752;S
20240522;100006;1966.8;14;10427189753;B
20240522;100006;1967.2;100;10427189757;S
20240522;100006;1966.6;10;10427189760;S
20240522;100006;1966.6;1;10427189761;S
20240522;100006;1966.6;1;10427189762;S
20240522;100006;1966.6;5;10427189763;S
20240522;100006;1966.4;3;10427189766;B
20240522;100006;1966.4;80;10427189768;B
20240522;100006;1967.4;61;10427189769;S
20240522;100006;1967.2;7;10427189770;S
20240522;100006;1967.4;8;10427189771;B
20240522;100006;1966.8;9;10427189772;S
20240522;100006;1967;13;10427189778;B
20240522;100006;1969.4;18;10427189780;S
20240522;100006;1969.4;10;10427190201;S
20240522;100006;1969.4;6;10427190609;S
20240522;100006;1969.4;5;10427190718;S
20240522;100007;1969.6;9;10427191194;B
20240522;100007;1969.6;4;10427191223;S
20240522;100007;1969.8;4;10427191271;B
20240522;100007;1969.8;21;10427191671;B
20240522;100007;1970;5;10427191672;B
20240522;100007;1970;10;10427191673;B
20240522;100007;1970;7;10427191674;B
20240522;100007;1970;3;10427191675;B
20240522;100008;1970;14;10427192208;B
20240522;100008;1970;4;10427192227;S
20240522;100008;1970;21;10427192242;S
20240522;100008;1969.8;5;10427192360;B
20240522;100008;1969.8;6;10427192362;B
20240522;100008;1969.8;1;10427192363;B
20240522;100008;1970;104;10427192364;B
20240522;100010;1969.6;1;10427192827;B
20240522;100010;1969.2;6;10427192867;B
20240522;100010;1969.4;92;10427192868;B
20240522;100010;1969.4;2;10427192869;B
20240522;100010;1969.6;5;10427192893;B
20240522;100010;1969.6;2;10427192939;B
20240522;100010;1969.6;1;10427192940;B
20240522;100011;1969.6;1;10427193041;B
20240522;100011;1969.8;15;10427193042;B
20240522;100011;1969.8;1;10427193168;B
20240522;100011;1969.8;3;10427193235;B
20240522;100011;1967.8;6;10427193244;S
20240522;100011;1967.8;1;10427193245;S
20240522;100011;1969.6;2;10427193247;B
20240522;100011;1969.8;24;10427193254;B
20240522;100011;1969.8;35;10427193292;B
20240522;100011;1969.8;3;10427193357;B
20240522;100011;1969;10;10427193415;B
20240522;100011;1969.2;5;10427193416;B
20240522;100011;1969.8;9;10427193417;B
20240522;100011;1969.8;90;10427193418;B
20240522;100011;1970;86;10427193419;B
20240522;100012;1968;5;10427193518;S
20240522;100012;1970;1;10427193542;B
20240522;100013;1970;30;10427193797;B
20240522;100014;1970;3;10427193993;B
20240522;100014;1970;500;10427194029;B
20240522;100015;1969.6;3;10427194372;B
20240522;100016;1969.6;50;10427194436;B
20240522;100017;1969.6;1;10427194682;B
20240522;100017;1969.6;38;10427194802;B
20240522;100017;1969.6;11;10427194803;B
20240522;100017;1970;90;10427194804;B
20240522;100018;1970;1;10427194820;B
20240522;100018;1969.6;4;10427194971;S
20240522;100020;1970;1;10427195467;B
20240522;100020;1969.8;14;10427195714;B
20240522;100021;1969.8;5;10427195999;B
20240522;100024;1969.8;4;10427196662;B
20240522;100024;1969.8;1;10427196670;B
20240522;100025;1970;2;10427196865;B
20240522;100028;1970;1;10427197708;B
20240522;100033;1969.8;1;10427198710;S
20240522;100033;1969.8;1;10427198711;S
20240522;100033;1969.6;1;10427198712;S
20240522;100033;1969.6;1;10427198713;S
20240522;100033;1969.6;1;10427198714;S
20240522;100033;1969.6;5;10427198715;S
20240522;100033;1969.6;5;10427198716;S
20240522;100033;1969.6;3;10427198717;S
20240522;100033;1969.4;5;10427198718;S
20240522;100033;1969.4;5;10427198719;S
20240522;100033;1969.4;6;10427198799;S
20240522;100033;1969.4;1;10427198800;S
20240522;100033;1969.2;7;10427198801;S
20240522;100033;1969.2;1;10427198802;S
20240522;100033;1969.2;43;10427198803;S
20240522;100035;1969.8;7;10427199462;B
20240522;100037;1969.8;76;10427199927;B
20240522;100037;1970;160;10427199928;B
20240522;100037;1970;1;10427199929;B
20240522;100037;1970;5;10427199930;B
20240522;100037;1970.4;8;10427199931;B
20240522;100037;1970.8;8;10427199932;B
20240522;100037;1971;1;10427199933;B
20240522;100037;1971;1;10427199934;B
20240522;100037;1971.2;100;10427199935;B
20240522;100037;1971.2;2;10427199936;B
20240522;100037;1971.2;1;10427199937;B
20240522;100037;1971.4;55;10427199938;B
20240522;100037;1971.4;51;10427199939;B
20240522;100038;1970.8;76;10427199952;B
20240522;100038;1971;6;10427199953;B
20240522;100038;1971.2;9;10427199954;B
20240522;100038;1971.8;6;10427199955;B
20240522;100038;1971.8;32;10427199956;B
20240522;100038;1972;50;10427199957;B
20240522;100038;1972;50;10427199958;B
20240522;100038;1972;26;10427199959;B
20240522;100038;1972;100;10427199960;S
20240522;100038;1972;100;10427199963;S
20240522;100038;1972.2;1;10427199967;B
20240522;100038;1972.2;5;10427199968;B
20240522;100038;1972.2;8;10427199976;B
20240522;100038;1972;28;10427199981;S
20240522;100038;1972.2;12;10427199982;B
20240522;100038;1972.2;6;10427200048;B
20240522;100038;1972;6;10427200056;S
20240522;100038;1972.2;37;10427200065;B
20240522;100038;1972.4;3;10427200066;B
20240522;100038;1972.4;73;10427200067;B
20240522;100038;1972.6;1;10427200068;B
20240522;100038;1972.6;32;10427200069;B
20240522;100038;1972.8;10;10427200070;B
20240522;100038;1972.8;184;10427200071;B
20240522;100038;1972;1;10427200072;S
20240522;100038;1972.8;5;10427200073;B
20240522;100038;1972;1;10427200086;S
20240522;100038;1972;1;10427200099;S
20240522;100038;1972.8;2;10427200100;B
20240522;100038;1972.6;1;10427200112;S
20240522;100038;1972.6;2;10427200127;S
20240522;100038;1972.6;1;10427200128;S
20240522;100038;1972.6;4;10427200129;S
20240522;100038;1972.6;4;10427200130;S
20240522;100038;1972.2;1;10427200131;S
20240522;100038;1972.8;1;10427200138;B
20240522;100039;1972.4;3;10427200171;S
20240522;100039;1972.4;1;10427200172;S
20240522;100039;1972.4;1;10427200179;S
20240522;100039;1972.2;4;10427200180;S
20240522;100039;1972;5;10427200181;S
20240522;100039;1972;4;10427200213;S
20240522;100039;1972.4;26;10427200215;B
20240522;100039;1972.8;8;10427200216;B
20240522;100039;1972.8;16;10427200217;B
20240522;100039;1972;5;10427200222;S
20240522;100039;1972.2;13;10427200269;S
20240522;100039;1972;38;10427200270;S
20240522;100039;1972;10;10427200271;S
20240522;100039;1972;200;10427200272;B
20240522;100039;1971.2;10;10427200273;S
20240522;100039;1971.2;5;10427200285;B
20240522;100039;1971.2;3;10427200306;B
20240522;100039;1971.2;82;10427200353;B
20240522;100039;1971.6;76;10427200354;B
20240522;100039;1971.8;92;10427200355;B
20240522;100039;1972;35;10427200356;B
20240522;100040;1972;200;10427200525;B
20240522;100040;1971;7;10427200559;S
20240522;100040;1970.8;3;10427200560;S
20240522;100040;1970.8;9;10427200564;S
20240522;100040;1970.8;1;10427200565;S
20240522;100040;1970.8;4;10427200566;S
20240522;100042;1970.8;3;10427201006;B
20240522;100042;1970.8;3;10427201052;B
20240522;100042;1970.8;1;10427201053;B
20240522;100043;1970.8;9;10427201228;B
20240522;100043;1970.8;3;10427201229;B
20240522;100043;1970.8;7;10427201290;B
20240522;100043;1970.8;10;10427201291;B
20240522;100043;1970.8;10;10427201292;B
20240522;100043;1970.8;3;10427201293;B
20240522;100044;1970.8;4;10427201400;B
20240522;100044;1970.8;1;10427201418;B
20240522;100048;1970.8;2;10427202187;B
20240522;100048;1970.8;10;10427202188;B
20240522;100048;1970.8;1;10427202282;B
20240522;100050;1970.6;12;10427202605;S
20240522;100050;1970.8;9;10427202645;B
20240522;100050;1970.8;10;10427202646;B
20240522;100050;1970.8;10;10427202647;B
20240522;100050;1970.8;10;10427202648;B
20240522;100050;1970.8;10;10427202649;B
20240522;100050;1970.8;56;10427202650;B
20240522;100051;1970.8;10;10427202788;B
20240522;100053;1970.6;2;10427203160;S
20240522;100056;1970.8;40;10427203683;B
20240522;100100;1970.6;1;10427204817;S
20240522;100103;1970.8;4;10427205287;B
20240522;100103;1970.6;17;10427205294;S
20240522;100104;1970.8;10;10427205436;B
20240522;100104;1970.8;30;10427205523;B
20240522;100106;1971.2;10;10427205884;B
20240522;100106;1971.2;1;10427205885;B
20240522;100106;1971.2;14;10427205886;B
20240522;100109;1971.6;1;10427206671;B
20240522;100109;1971.6;3;10427206672;B
20240522;100118;1971.6;1;10427208088;B
20240522;100118;1971.6;1;10427208183;B
20240522;100122;1971.6;2;10427209049;B
20240522;100122;1971.6;1;10427209070;B
20240522;100124;1971.6;32;10427209314;B
20240522;100124;1971.6;63;10427209541;B
20240522;100126;1971.4;8;10427209881;S
20240522;100129;1971.6;15;10427210494;B
20240522;100130;1971.4;10;10427210889;S
20240522;100131;1971.6;13;10427210988;B
20240522;100133;1971.6;6;10427211287;B
20240522;100133;1971.4;1;10427211328;S
20240522;100134;1971.6;13;10427211349;B
20240522;100134;1971.8;1;10427211511;B
20240522;100135;1971.6;3;10427211625;S
20240522;100142;1971.6;52;10427212853;S
20240522;100142;1971.8;1;10427212859;B
20240522;100143;1971.8;10;10427212942;B
20240522;100144;1971.8;1;10427212983;B
20240522;100144;1972;1;10427212984;B
20240522;100144;1972;200;10427213079;B
20240522;100144;1972;1;10427213106;B
20240522;100146;1972;500;10427213529;B
20240522;100146;1972;120;10427213560;B
20240522;100147;1972;50;10427213689;B
20240522;100147;1972;300;10427213723;B
20240522;100147;1972;16;10427213724;B
20240522;100148;1971.8;2;10427213762;S
20240522;100148;1972;10;10427213789;B
20240522;100148;1972;1;10427213816;B
20240522;100150;1972;3;10427214216;B
20240522;100153;1972;1;10427214713;B
20240522;100154;1972;1;10427214909;B
20240522;100154;1971.8;5;10427214973;S
20240522;100155;1971.8;18;10427215172;S
20240522;100159;1972;300;10427215734;B
20240522;100159;1972;5;10427215735;B
20240522;100159;1972;1;10427215736;B
20240522;100159;1972.4;2;10427215737;B
20240522;100159;1972.4;150;10427215738;B
20240522;100159;1972.6;1;10427215739;B
20240522;100159;1972.6;1;10427215740;B
20240522;100159;1972.6;1;10427215741;B
20240522;100159;1972.6;1;10427215742;B
20240522;100159;1972.6;10;10427215743;B
20240522;100159;1972.8;528;10427215744;B
20240522;100200;1973;1;10427215941;B
20240522;100200;1973;4;10427215960;B
20240522;100200;1973;5;10427215961;B
20240522;100200;1973;1;10427215962;B
20240522;100200;1973;150;10427215963;B
20240522;100200;1973;1;10427215964;B
20240522;100200;1973.2;2;10427215965;B
20240522;100200;1973.4;2;10427215966;B
20240522;100200;1973.6;6;10427215967;B
20240522;100200;1973.6;5;10427215968;B
20240522;100200;1973.6;15;10427215969;B
20240522;100200;1973.6;15;10427215970;B
20240522;100200;1973.6;150;10427215971;B
20240522;100200;1973.8;500;10427215972;B
20240522;100200;1973.8;30;10427215973;B
20240522;100200;1973.8;200;10427215974;B
20240522;100200;1973.8;10;10427215975;B
20240522;100200;1973.8;12;10427215976;B
20240522;100200;1974;192;10427215977;B
20240522;100200;1973.4;1;10427215999;S
20240522;100200;1973.4;10;10427216000;S
20240522;100200;1973.8;1;10427216039;B
20240522;100200;1974;149;10427216040;B
20240522;100200;1974;16;10427216052;B
20240522;100200;1974;40;10427216081;B
20240522;100200;1973.6;1;10427216150;S
20240522;100200;1973.4;77;10427216151;S
20240522;100200;1973.4;75;10427216152;S
20240522;100200;1973.4;18;10427216153;S
20240522;100200;1973;12;10427216154;S
20240522;100200;1972.8;12;10427216155;S
20240522;100200;1972.8;15;10427216156;S
20240522;100200;1972.6;55;10427216157;S
20240522;100200;1972.2;22;10427216158;S
20240522;100200;1972;6;10427216159;S
20240522;100200;1972;200;10427216160;B
20240522;100201;1972;15;10427216214;B
20240522;100201;1972;100;10427216224;B
20240522;100201;1972;100;10427216228;B
20240522;100203;1972;154;10427216603;B
20240522;100205;1972;10;10427216977;B
20240522;100206;1972;5;10427217062;B
20240522;100207;1972;1;10427217154;B
20240522;100208;1972;3;10427217254;B
20240522;100208;1972;30;10427217280;B
20240522;100209;1971.8;31;10427217401;S
20240522;100209;1972;3;10427217441;B
20240522;100209;1972;20;10427217484;B
20240522;100210;1972;5;10427217688;B
20240522;100211;1972;335;10427217903;B
20240522;100212;1972;16;10427217973;B
20240522;100212;1972;1;10427218072;B
20240522;100220;1972;1;10427219297;B
20240522;100220;1972;1;10427219325;B
20240522;100220;1972;27;10427219326;B
20240522;100220;1972;100;10427219327;B
20240522;100220;1972;34;10427219328;B
20240522;100220;1972.4;10;10427219329;B
20240522;100220;1972.6;10;10427219330;B
20240522;100220;1972.6;10;10427219331;B
20240522;100220;1972.6;10;10427219332;B
20240522;100220;1972.6;10;10427219333;B
20240522;100220;1972.6;10;10427219334;B
20240522;100220;1972.6;10;10427219335;B
20240522;100220;1972.6;10;10427219336;B
20240522;100220;1972.6;10;10427219337;B
20240522;100220;1972.6;10;10427219338;B
20240522;100220;1972.6;10;10427219339;B
20240522;100220;1972.6;10;10427219340;B
20240522;100220;1972.6;10;10427219341;B
20240522;100220;1973;10;10427219342;B
20240522;100220;1973;10;10427219343;B
20240522;100220;1973.4;12;10427219344;B
20240522;100220;1973.6;55;10427219345;B
20240522;100220;1973.8;1;10427219346;B
20240522;100220;1973.8;20;10427219347;B
20240522;100220;1973.6;1;10427219352;B
20240522;100220;1973.6;6;10427219393;B
20240522;100221;1973.6;2;10427219501;B
20240522;100223;1973.6;1;10427219990;B
20240522;100225;1973.4;2;10427220255;S
20240522;100225;1972.8;12;10427220256;S
20240522;100225;1972.8;12;10427220257;S
20240522;100225;1972.8;33;10427220258;S
20240522;100225;1972.6;76;10427220259;S
20240522;100229;1972;5;10427220854;S
20240522;100231;1972.2;1;10427221351;B
20240522;100234;1972.2;35;10427221934;B
20240522;100235;1972;35;10427222183;S
20240522;100235;1972;1;10427222184;S
20240522;100235;1972;2;10427222185;S
20240522;100235;1971.8;1;10427222186;S
20240522;100235;1971.8;7;10427222187;S
20240522;100236;1971.6;9;10427222517;S
20240522;100239;1971.6;23;10427223036;S
20240522;100239;1971.6;3;10427223037;S
20240522;100239;1971.6;6;10427223038;S
20240522;100239;1971.6;12;10427223039;S
20240522;100239;1971.4;9;10427223040;S
20240522;100239;1971.2;40;10427223041;S
20240522;100239;1971;11;10427223042;S
20240522;100239;1971;12;10427223043;S
20240522;100239;1970.8;2;10427223044;S
20240522;100239;1970.8;61;10427223045;S
20240522;100239;1970.6;68;10427223046;S
20240522;100239;1970.6;76;10427223047;S
20240522;100239;1970.6;55;10427223048;S
20240522;100239;1970.4;3;10427223049;S
20240522;100239;1970.4;1;10427223050;S
20240522;100239;1970;10;10427223051;S
20240522;100239;1970;3;10427223052;S
20240522;100239;1970;1;10427223053;S
20240522;100239;1969.8;184;10427223054;S
20240522;100239;1969.8;90;10427223055;S
20240522;100239;1969.6;270;10427223056;S
20240522;100239;1969.6;48;10427223057;S
20240522;100239;1969.2;512;10427223058;S
20240522;100239;1969.6;8;10427223059;B
20240522;100239;1969.6;5;10427223077;B
20240522;100239;1969.6;2;10427223107;B
20240522;100239;1969.4;11;10427223109;S
20240522;100239;1969.4;5;10427223110;S
20240522;100239;1969.2;1;10427223111;S
20240522;100240;1969.4;1;10427223149;B
20240522;100240;1969.4;20;10427223154;B
20240522;100240;1969.4;64;10427223161;B
20240522;100240;1969.4;36;10427223162;B
20240522;100240;1969.4;24;10427223190;B
20240522;100240;1969.6;27;10427223191;B
20240522;100242;1969.2;49;10427223471;S
20240522;100242;1969.2;1;10427223472;S
20240522;100242;1969.4;1;10427223473;B
20240522;100242;1969.4;1;10427223522;B
20240522;100242;1969.4;2;10427223523;B
20240522;100244;1969.6;1;10427223792;B
20240522;100244;1969.4;31;10427223917;B
20240522;100245;1969.6;1;10427224140;B
20240522;100245;1969.6;1;10427224141;B
20240522;100246;1969.6;1;10427224205;B
20240522;100248;1969.8;50;10427224621;B
20240522;100249;1969.8;1;10427224769;B
20240522;100250;1969.2;1;10427225025;S
20240522;100250;1969;1;10427225026;S
20240522;100252;1969.8;15;10427225269;B
20240522;100253;1969.6;1;10427225395;B
20240522;100254;1969;3;10427225548;S
20240522;100255;1969.2;77;10427225716;B
20240522;100255;1969.4;36;10427225717;B
20240522;100255;1969.4;60;10427225718;B
20240522;100255;1969.4;15;10427225719;B
20240522;100255;1969.6;12;10427225720;B
20240522;100258;1969;15;10427226105;S
20240522;100258;1967.6;61;10427226161;S
20240522;100258;1967.6;39;10427226162;S
20240522;100258;1967;64;10427226168;B
20240522;100258;1967;36;10427226169;B
20240522;100258;1967;20;10427226170;B
20240522;100259;1967;5;10427226313;B
20240522;100301;1967;2;10427226720;B
20240522;100301;1966.8;3;10427226740;S
20240522;100302;1967;3;10427226896;B
20240522;100302;1967;16;10427226913;B
20240522;100304;1967;2;10427227140;B
20240522;100304;1967;1;10427227190;B
20240522;100305;1967;16;10427227255;B
20240522;100307;1967;5;10427227854;B
20240522;100308;1967;1;10427227967;B
20240522;100310;1966.8;4;10427228530;S
20240522;100311;1967;3;10427228629;B
20240522;100311;1966.8;1;10427228742;S
20240522;100311;1966.8;1;10427228743;S
20240522;100311;1966.8;1;10427228744;S
20240522;100311;1966.8;1;10427228793;B
20240522;100312;1966.8;1;10427228833;B
20240522;100314;1966.8;3;10427229340;B
20240522;100314;1966.8;15;10427229341;B
20240522;100314;1967;2;10427229342;B
20240522;100316;1967;6;10427229961;B
20240522;100316;1967;2;10427230010;B
20240522;100317;1966.6;6;10427230061;S
20240522;100320;1966.8;2;10427230570;B
20240522;100321;1966.6;71;10427230753;S
20240522;100321;1966.6;1;10427230754;S
20240522;100321;1966.6;1;10427230755;S
20240522;100321;1966.6;27;10427230756;S
20240522;100324;1966.8;3;10427231340;B
20240522;100325;1966.8;1;10427231406;B
20240522;100327;1966.8;3;10427231885;B
20240522;100333;1966.8;1;10427232646;B
20240522;100333;1966.6;3;10427232722;S
20240522;100338;1966.8;6;10427233403;B
20240522;100338;1966.8;2;10427233404;B
20240522;100338;1966.8;31;10427233405;B
20240522;100338;1966.8;6;10427233406;B
20240522;100339;1966.6;2;10427233496;S
20240522;100341;1966.6;2;10427234042;B
20240522;100344;1966.4;4;10427234630;S
20240522;100345;1966.6;27;10427234932;B
20240522;100345;1966.6;11;10427234933;B
20240522;100346;1966.8;53;10427235034;B
20240522;100348;1966.8;3;10427235493;B
20240522;100349;1966.6;20;10427235815;S
20240522;100351;1966.6;57;10427236310;S
20240522;100351;1966.6;50;10427236311;S
20240522;100351;1966.6;23;10427236312;S
20240522;100353;1966.8;23;10427236637;B
20240522;100359;1966.8;15;10427237596;B
20240522;100359;1966.8;60;10427237597;B
20240522;100359;1966.8;30;10427237598;B
20240522;100359;1967;20;10427237599;B
20240522;100359;1967;12;10427237600;B
20240522;100359;1967;100;10427237601;B
20240522;100359;1967.2;12;10427237602;B
20240522;100359;1967.4;1;10427237603;B
20240522;100359;1967.4;3;10427237604;B
20240522;100359;1967.8;2;10427237722;B
20240522;100403;1967.8;74;10427238227;B
20240522;100403;1967.8;60;10427238228;B
20240522;100403;1968;12;10427238229;B
20240522;100403;1968;12;10427238230;B
20240522;100403;1968;30;10427238231;B
20240522;100403;1968.6;6;10427238232;B
20240522;100403;1968.8;184;10427238233;B
20240522;100403;1969;55;10427238234;B
20240522;100403;1969.2;90;10427238235;B
20240522;100403;1969.4;600;10427238236;B
20240522;100403;1970;462;10427238237;B
20240522;100403;1970.2;77;10427238238;B
20240522;100403;1970.4;600;10427238239;B
20240522;100403;1970.4;120;10427238240;B
20240522;100403;1970.6;418;10427238241;B
20240522;100403;1969.2;50;10427238242;B
20240522;100403;1969.8;30;10427238243;B
20240522;100403;1970.4;77;10427238244;B
20240522;100403;1970.4;12;10427238245;B
20240522;100403;1970.4;2;10427238246;B
20240522;100403;1970.8;100;10427238247;S
20240522;100403;1970.8;76;10427238248;S
20240522;100403;1970.8;42;10427238249;S
20240522;100403;1970.8;209;10427238250;S
20240522;100409;1970.8;1;10427239157;B
20240522;100410;1970.2;1;10427239349;S
20240522;100410;1970;1;10427239350;S
20240522;100410;1970;12;10427239351;S
20240522;100410;1970;61;10427239352;S
20240522;100410;1970;2;10427239357;B
20240522;100411;1970;20;10427239630;B
20240522;100414;1970;15;10427240123;B
20240522;100414;1970;11;10427240165;B
20240522;100416;1970;7;10427240361;B
20240522;100420;1969.8;4;10427240959;S
20240522;100422;1970;2;10427241540;B
20240522;100423;1970;5;10427241602;B
20240522;100424;1970;4;10427241792;B
20240522;100426;1970;1;10427242096;B
20240522;100426;1970;2;10427242124;B
20240522;100427;1970;20;10427242219;B
20240522;100428;1969.8;8;10427242380;S
20240522;100428;1969.8;1;10427242381;S
20240522;100428;1970;58;10427242382;B
20240522;100428;1970;100;10427242383;B
20240522;100429;1970.8;3;10427242646;B
20240522;100431;1970.6;2;10427242825;S
20240522;100431;1970.4;2;10427242826;S
20240522;100431;1970.4;26;10427242827;S
20240522;100431;1970.2;31;10427242828;S
20240522;100434;1970.4;2;10427243300;S
20240522;100434;1970.2;12;10427243301;S
20240522;100434;1970.2;26;10427243302;S
20240522;100434;1970;61;10427243303;S
20240522;100434;1969.8;259;10427243304;S
20240522;100434;1969.6;40;10427243305;S
20240522;100435;1969.6;5;10427243616;S
20240522;100435;1969.6;12;10427243617;S
20240522;100435;1969;2;10427243736;S
20240522;100438;1969.8;2;10427244242;B
20240522;100439;1969.8;1;10427244319;B
20240522;100448;1969.8;4;10427245850;B
20240522;100451;1969.8;1;10427246380;B
20240522;100454;1969.4;16;10427246757;S
20240522;100454;1969.4;24;10427246758;S
20240522;100454;1969.4;10;10427246759;B
20240522;100455;1969.2;1;10427247143;S
20240522;100503;1969.8;4;10427248311;B
20240522;100503;1969.8;19;10427248312;B
20240522;100504;1969.8;2;10427248529;B
20240522;100505;1969.8;2;10427248685;B
20240522;100506;1969.4;8;10427248854;S
20240522;100509;1969.4;10;10427249457;S
20240522;100509;1969.4;21;10427249458;S
20240522;100509;1969.2;5;10427249495;S
20240522;100510;1969.8;1;10427249756;B
20240522;100510;1969.8;14;10427249757;B
20240522;100510;1969.8;35;10427249758;B
20240522;100511;1969.4;1;10427249855;S
20240522;100515;1969.8;1;10427250294;B
20240522;100517;1969.8;1;10427250608;B
20240522;100518;1969.8;1;10427250675;B
20240522;100519;1969.4;24;10427250794;S
20240522;100519;1969.2;28;10427250795;S
20240522;100519;1969.2;52;10427250911;S
20240522;100519;1969;3;10427251028;S
20240522;100519;1968.8;12;10427251029;S
20240522;100519;1968.8;12;10427251030;S
20240522;100519;1968.8;25;10427251031;S
20240522;100520;1968.8;35;10427251144;S
20240522;100520;1968.6;17;10427251145;S
20240522;100520;1968.6;52;10427251246;B
20240522;100520;1969;12;10427251247;B
20240522;100520;1969;24;10427251248;B
20240522;100521;1969.2;1;10427251523;B
20240522;100521;1969.2;5;10427251614;B
20240522;100522;1969.2;71;10427251742;B
20240522;100522;1969.2;24;10427251743;B
20240522;100522;1969.4;12;10427251744;B
20240522;100522;1969.4;52;10427251745;B
20240522;100522;1969.6;12;10427251746;B
20240522;100522;1969.6;60;10427251747;B
20240522;100522;1969.8;24;10427251748;B
20240522;100527;1969.8;13;10427252506;B
20240522;100528;1969.8;1;10427252562;B
20240522;100529;1969.8;3;10427252705;B
20240522;100532;1969.6;2;10427253116;B
20240522;100532;1969.6;75;10427253128;B
20240522;100532;1969.6;23;10427253129;B
20240522;100532;1969.6;60;10427253130;B
20240522;100532;1969.6;15;10427253131;B
20240522;100532;1969.8;6;10427253132;B
20240522;100532;1970;76;10427253133;B
20240522;100532;1970.2;100;10427253134;B
20240522;100532;1970.2;52;10427253135;B
20240522;100532;1970.4;12;10427253136;B
20240522;100532;1971;44;10427253137;B
20240522;100532;1970.8;12;10427253138;B
20240522;100532;1970.8;64;10427253140;B
20240522;100532;1971;77;10427253141;B
20240522;100532;1971;9;10427253142;B
20240522;100532;1971;119;10427253206;B
20240522;100532;1971;77;10427253207;B
20240522;100532;1971;54;10427253208;B
20240522;100538;1971;6;10427254026;B
20240522;100539;1970.4;12;10427254197;S
20240522;100539;1970.2;23;10427254198;S
20240522;100539;1970;15;10427254199;S
20240522;100540;1970.8;2;10427254259;B
20240522;100540;1970.8;10;10427254330;B
20240522;100540;1970.8;5;10427254331;B
20240522;100543;1970.8;7;10427254781;B
20240522;100544;1970.6;3;10427254931;B
20240522;100548;1970.8;1;10427255558;B
20240522;100549;1970.8;5;10427255689;B
20240522;100551;1970.8;2;10427256250;B
20240522;100553;1970;1;10427256409;S
20240522;100600;1970.2;21;10427257939;S
20240522;100604;1970.8;60;10427258497;B
20240522;100604;1970.8;22;10427258498;B
20240522;100604;1970.8;12;10427258499;B
20240522;100604;1970.8;3;10427258500;B
20240522;100604;1970.8;3;10427258501;B
20240522;100604;1971;100;10427258502;B
20240522;100604;1971;295;10427258503;B
20240522;100604;1971;1;10427258504;B
20240522;100604;1971;1;10427258505;B
20240522;100604;1971;1;10427258506;B
20240522;100604;1971.2;76;10427258507;B
20240522;100604;1971.6;61;10427258508;B
20240522;100604;1971.8;1;10427258509;B
20240522;100604;1971.8;1;10427258510;B
20240522;100604;1971.8;562;10427258511;B
20240522;100610;1971.2;1;10427259634;B
20240522;100610;1971.6;22;10427259635;B
20240522;100610;1971.8;7;10427259636;B
20240522;100615;1971.6;4;10427260456;B
20240522;100617;1971.2;1;10427260744;S
20240522;100617;1971.2;11;10427260833;S
20240522;100617;1971;12;10427260834;S
20240522;100617;1971;41;10427260835;S
20240522;100618;1971.4;1;10427260915;B
20240522;100620;1971.4;3;10427261265;B
20240522;100620;1971.4;1;10427261288;B
20240522;100622;1971.4;3;10427261778;B
20240522;100623;1971.4;56;10427261949;B
20240522;100623;1971.4;12;10427261950;B
20240522;100623;1971.4;11;10427261951;B
20240522;100624;1971.6;6;10427262125;B
20240522;100626;1971.2;3;10427262365;S
20240522;100632;1971.6;90;10427263293;B
20240522;100632;1971.6;1;10427263294;B
20240522;100632;1971.8;1;10427263295;B
20240522;100632;1971.8;22;10427263296;B
20240522;100632;1972;3;10427263297;B
20240522;100632;1972;30;10427263298;B
20240522;100632;1972;8;10427263299;B
20240522;100632;1972;60;10427263300;B
20240522;100632;1972.2;85;10427263301;B
20240522;100633;1971.8;3;10427263485;B
20240522;100635;1971.4;40;10427263698;S
20240522;100640;1971.4;4;10427264541;B
20240522;100640;1971.4;2;10427264553;B
20240522;100641;1971.2;1;10427264640;S
20240522;100641;1971.4;20;10427264694;B
20240522;100646;1971.2;5;10427265501;S
20240522;100649;1971.2;15;10427266112;S
20240522;100649;1971.2;1;10427266113;S
20240522;100649;1971;2;10427266114;S
20240522;100655;1971.2;12;10427267039;B
20240522;100655;1971;4;10427267117;S
20240522;100656;1971.2;2;10427267217;B
20240522;100657;1971;35;10427267570;S
20240522;100701;1971.2;1;10427268257;B
20240522;100701;1971;1;10427268345;S
20240522;100702;1971;30;10427268560;S
20240522;100702;1971;144;10427268652;S
20240522;100703;1971.2;1;10427268809;B
20240522;100704;1971.2;18;10427268952;B
20240522;100704;1971.2;3;10427268953;B
20240522;100704;1971.2;3;10427268954;B
20240522;100704;1971.2;77;10427268955;B
20240522;100704;1971.2;22;10427268956;B
20240522;100704;1971.2;61;10427268957;B
20240522;100704;1971.2;92;10427268958;B
20240522;100704;1971.2;24;10427268959;B
20240522;100706;1971.2;26;10427269361;B
20240522;100706;1971.2;29;10427269362;B
20240522;100709;1971.2;1;10427269865;B
20240522;100710;1971.2;1;10427270000;B
20240522;100711;1971.2;50;10427270187;B
20240522;100712;1971;3;10427270267;S
20240522;100712;1971;12;10427270268;S
20240522;100712;1971;1;10427270269;S
20240522;100712;1971;22;10427270270;S
20240522;100712;1970.8;104;10427270271;S
20240522;100714;1971;2;10427270667;B
20240522;100714;1971;75;10427270750;B
20240522;100714;1971;22;10427270751;B
20240522;100714;1971;2;10427270752;B
20240522;100714;1971.2;21;10427270753;B
20240522;100716;1970.8;1;10427271040;S
20240522;100717;1970.8;39;10427271143;S
20240522;100720;1971.2;30;10427271580;B
20240522;100732;1971.2;4;10427273264;B
20240522;100735;1971.2;3;10427273756;B
20240522;100738;1971;20;10427274153;S
20240522;100739;1971.2;3;10427274283;B
20240522;100739;1971.2;6;10427274335;B
20240522;100739;1971.2;3;10427274336;B
20240522;100739;1971.2;3;10427274337;B
20240522;100743;1971;7;10427274844;S
20240522;100748;1971.4;5;10427275525;B
20240522;100748;1971.4;87;10427275526;B
20240522;100748;1971.4;1;10427275543;B
20240522;100750;1971.4;1;10427275684;B
20240522;100751;1971.4;10;10427275882;B
20240522;100754;1971.4;1;10427276433;B
20240522;100755;1971.2;22;10427276662;S
20240522;100755;1971.2;22;10427276663;S
20240522;100755;1971.2;77;10427276664;S
20240522;100755;1971;63;10427276665;S
20240522;100755;1971;1;10427276666;S
20240522;100755;1971;15;10427276667;S
20240522;100756;1971.4;1;10427276698;B
20240522;100757;1971.2;61;10427276908;B
20240522;100757;1971.2;77;10427276909;B
20240522;100757;1971.4;9;10427276910;B
20240522;100757;1971.4;12;10427276911;B
20240522;100757;1971.4;3;10427276912;B
20240522;100757;1971.4;22;10427276913;B
20240522;100757;1971.4;16;10427276914;B
20240522;100758;1971;1;10427276959;S
20240522;100758;1971;15;10427276987;S
20240522;100800;1971.2;1;10427277306;B
20240522;100802;1971.2;1;10427277494;B
20240522;100803;1971.2;1;10427277767;B
20240522;100804;1971.2;58;10427277815;B
20240522;100804;1971.4;81;10427277922;B
20240522;100809;1971.2;7;10427278567;S
20240522;100809;1971.2;22;10427278568;S
20240522;100809;1971.2;2;10427278569;S
20240522;100810;1971.4;3;10427278762;B
20240522;100810;1971.6;7;10427278763;B
20240522;100812;1971.6;4;10427278979;B
20240522;100816;1971.6;1;10427279580;B
20240522;100817;1971.6;1;10427279946;B
20240522;100821;1971.6;2;10427280530;B
20240522;100822;1971.6;60;10427280596;B
20240522;100824;1971.4;1;10427280881;S
20240522;100824;1971.4;14;10427280882;S
20240522;100831;1971.6;1;10427281881;B
20240522;100831;1971.4;8;10427281884;S
20240522;100831;1971.4;6;10427281885;S
20240522;100832;1971.6;6;10427282031;B
20240522;100832;1971.8;1;10427282032;B
20240522;100832;1971.8;200;10427282033;B
20240522;100832;1971.8;193;10427282034;B
20240522;100832;1971.8;1;10427282066;B
20240522;100832;1971.8;1;10427282069;B
20240522;100834;1971.8;100;10427282335;B
20240522;100835;1971.8;16;10427282374;B
20240522;100836;1971.8;1;10427282588;B
20240522;100837;1971.8;2;10427282704;B
20240522;100840;1971.8;1;10427283531;B
20240522;100840;1971.6;18;10427283676;S
20240522;100842;1971.8;1;10427283933;B
20240522;100844;1971.6;5;10427284196;S
20240522;100844;1971.8;80;10427284322;B
20240522;100846;1971.8;8;10427284531;B
20240522;100851;1971.6;5;10427285236;S
20240522;100856;1971.8;2;10427286213;B
20240522;100858;1971.8;1;10427286471;B
20240522;100858;1971.8;1;10427286507;B
20240522;100858;1971.8;3;10427286540;B
20240522;100859;1971.6;67;10427286792;S
20240522;100859;1971.6;26;10427286793;S
20240522;100859;1971.6;22;10427286794;S
20240522;100859;1971.6;2;10427286795;S
20240522;100859;1971.6;2;10427286796;S
20240522;100859;1971.6;2;10427286805;B
20240522;100900;1971.6;1;10427286883;B
20240522;100904;1971.6;5;10427287402;B
20240522;100904;1971.6;1;10427287462;B
20240522;100905;1971.6;3;10427287578;B
20240522;100905;1971.4;5;10427287642;S
20240522;100906;1971.6;1;10427287667;B
20240522;100906;1971.6;4;10427287761;B
20240522;100907;1971.6;13;10427287801;B
20240522;100907;1971.6;8;10427287909;B
20240522;100909;1971.6;18;10427288266;B
20240522;100909;1971.6;3;10427288267;B
20240522;100912;1971.8;4;10427289037;B
20240522;100913;1971.8;1;10427289121;B
20240522;100914;1971.6;1;10427289368;S
20240522;100915;1971.8;50;10427289476;B
20240522;100915;1971.8;1;10427289506;B
20240522;100915;1971.8;55;10427289510;B
20240522;100915;1971.8;1;10427289518;B
20240522;100917;1971.8;1;10427289750;B
20240522;100923;1971.6;1;10427290813;S
20240522;100926;1971.8;51;10427291258;B
20240522;100928;1971.8;10;10427291462;B
20240522;100930;1971.8;2;10427292263;B
20240522;100931;1971.8;1;10427292672;B
20240522;100932;1971.8;1;10427292956;B
20240522;100935;1971.8;10;10427293467;B
20240522;100936;1971.8;3;10427293520;B
20240522;100937;1971.8;49;10427293796;B
20240522;100938;1971.6;31;10427293994;S
20240522;100943;1971.6;1;10427294599;S
20240522;100944;1971.8;8;10427294774;B
20240522;100944;1971.6;3;10427294828;S
20240522;100951;1971.8;2;10427295814;B
20240522;100951;1971.8;1;10427295991;B
20240522;100953;1971.6;1;10427296382;S
20240522;100954;1971.8;19;10427296512;B
20240522;100955;1971.8;1;10427296576;B
20240522;100958;1971.8;20;10427297204;B
20240522;100958;1971.6;1;10427297225;S
20240522;100958;1971.8;1;10427297227;B
20240522;100958;1971.6;1;10427297228;S
20240522;100958;1971.8;1;10427297229;B
20240522;100958;1971.8;1;10427297231;B
20240522;100958;1971.6;2;10427297232;S
20240522;100958;1971.6;1;10427297233;S
20240522;101000;1971.8;1;10427297405;B
20240522;101003;1971.6;2;10427298021;S
20240522;101006;1971.8;18;10427298376;B
20240522;101006;1971.8;16;10427298382;B
20240522;101006;1971.8;15;10427298394;B
20240522;101008;1971.6;7;10427298847;S
20240522;101008;1971.8;245;10427298848;B
20240522;101008;1971.8;50;10427298849;B
20240522;101008;1971.8;12;10427298850;B
20240522;101008;1971.8;3;10427298851;B
20240522;101008;1971.8;3;10427298852;B
20240522;101008;1971.8;3;10427298853;B
20240522;101008;1971.8;3;10427298854;B
20240522;101008;1971.8;3;10427298855;B
20240522;101008;1971.8;100;10427298856;B
20240522;101008;1971.8;3;10427298857;B
20240522;101008;1971.8;4;10427298858;B
20240522;101008;1971.8;3;10427298859;B
20240522;101008;1971.8;3;10427298860;B
20240522;101009;1972;4;10427298949;B
20240522;101010;1972;2;10427299167;B
20240522;101010;1972;3;10427299171;B
20240522;101011;1972;1;10427299381;B
20240522;101013;1972;3;10427299730;B
20240522;101013;1972;3;10427299731;B
20240522;101013;1972;129;10427299732;B
20240522;101014;1971.8;4;10427299755;S
20240522;101014;1972;2;10427299834;B
20240522;101016;1972;1;10427300485;B
20240522;101016;1972;4;10427300689;B
20240522;101019;1972;5;10427301234;B
20240522;101021;1972;1;10427301487;B
20240522;101021;1972;3;10427301489;B
20240522;101021;1972;3;10427301516;B
20240522;101021;1972;1;10427301545;B
20240522;101022;1972;8;10427301629;B
20240522;101025;1972;1;10427302254;B
20240522;101025;1972;15;10427302319;B
20240522;101026;1972;3;10427302388;B
20240522;101026;1971.8;30;10427302397;S
20240522;101026;1971.8;3;10427302414;S
20240522;101028;1972;1;10427302735;B
20240522;101028;1972;1;10427302740;B
20240522;101034;1972;3000;10427303590;B
20240522;101034;1972;2;10427303591;B
20240522;101037;1971.8;44;10427304022;S
20240522;101037;1971.8;76;10427304023;S
20240522;101037;1971.8;132;10427304024;S
20240522;101037;1971.8;1;10427304025;S
20240522;101037;1971.8;20;10427304026;S
20240522;101038;1972;4;10427304080;B
20240522;101040;1972;1;10427304640;B
20240522;101041;1972;3;10427304786;B
20240522;101044;1972;30;10427305348;B
20240522;101044;1971.8;9;10427305349;S
20240522;101044;1971.8;1;10427305350;S
20240522;101044;1971.8;76;10427305351;S
20240522;101044;1971.8;14;10427305352;S
20240522;101045;1972;3;10427305408;B
20240522;101045;1972;3;10427305440;B
20240522;101046;1972;2;10427305655;B
20240522;101046;1972;5;10427305668;B
20240522;101049;1972;1;10427306083;B
20240522;101050;1972;1;10427306214;B
20240522;101053;1972;1;10427306664;B
20240522;101054;1972;3;10427306791;B
20240522;101056;1972;68;10427307217;B
20240522;101056;1972;1;10427307230;B
20240522;101056;1972;1;10427307287;B
20240522;101056;1972;216;10427307357;B
20240522;101057;1972;25;10427307471;B
20240522;101057;1971.8;2;10427307473;S
20240522;101059;1972;3;10427307721;B
20240522;101059;1972;1;10427307784;B
20240522;101059;1972;1;10427307908;B
20240522;101100;1972;15;10427307944;B
20240522;101100;1972;3;10427308028;B
20240522;101100;1972;1;10427308029;B
20240522;101100;1972;1;10427308030;B
20240522;101100;1972;1;10427308031;B
20240522;101100;1972;1;10427308035;B
20240522;101101;1972;10;10427308187;B
20240522;101102;1972;2;10427308325;B
20240522;101102;1972;2;10427308330;B
20240522;101104;1972;6;10427308700;B
20240522;101104;1972;3;10427308769;B
20240522;101104;1972;1;10427308770;B
20240522;101108;1971.8;15;10427309369;S
20240522;101109;1971.8;31;10427309470;S
20240522;101109;1972;1;10427309502;B
20240522;101110;1972;2;10427309630;B
20240522;101110;1972;10;10427309648;B
20240522;101114;1971.8;3;10427310482;S
20240522;101115;1972;2793;10427310551;B
20240522;101115;1972;1;10427310552;B
20240522;101115;1972;20;10427310553;B
20240522;101115;1972;1;10427310554;B
20240522;101115;1972;1;10427310555;B
20240522;101115;1972;10;10427310556;B
20240522;101115;1972;9;10427310557;B
20240522;101115;1972;55;10427310558;B
20240522;101115;1972;3;10427310559;B
20240522;101115;1972;29;10427310560;B
20240522;101115;1972.2;65;10427310561;B
20240522;101115;1972.2;135;10427310562;B
20240522;101115;1972.2;37;10427310563;B
20240522;101115;1972.4;6;10427310564;B
20240522;101115;1972.4;1;10427310565;B
20240522;101115;1972.6;2;10427310566;B
20240522;101115;1972.6;1;10427310567;B
20240522;101115;1972.8;1;10427310568;B
20240522;101115;1972.8;1;10427310569;B
20240522;101115;1972.8;15;10427310570;B
20240522;101115;1972.8;15;10427310571;B
20240522;101115;1973;22;10427310590;B
20240522;101115;1973;143;10427310591;B
20240522;101115;1972.8;1;10427310607;S
20240522;101116;1973;2;10427310663;B
20240522;101124;1973;1;10427312002;B
20240522;101129;1972.8;8;10427312958;S
20240522;101131;1973;24;10427313355;B
20240522;101131;1973;1;10427313360;B
20240522;101132;1972.8;61;10427313550;S
20240522;101132;1972.8;2;10427313551;S
20240522;101132;1972.6;14;10427313552;S
20240522;101132;1972.4;12;10427313553;S
20240522;101132;1972.4;11;10427313554;S
20240522;101135;1972.6;1;10427314077;B
20240522;101148;1972.8;4;10427315782;B
20240522;101149;1972.2;1;10427315930;S
20240522;101155;1972.2;6;10427317324;S
20240522;101155;1972.2;77;10427317325;S
20240522;101159;1972.2;30;10427317820;B
20240522;101200;1972.2;9;10427318124;B
20240522;101206;1972;1;10427318894;S
20240522;101206;1971.8;7;10427318895;S
20240522;101206;1971.8;1;10427318896;S
20240522;101206;1971.8;7;10427318897;S
20240522;101206;1971.8;128;10427318898;S
20240522;101206;1971.8;6;10427318899;S
20240522;101206;1972;2;10427318974;B
20240522;101207;1971.6;15;10427319012;S
20240522;101208;1971.8;3;10427319284;B
20240522;101208;1972;2;10427319285;B
20240522;101208;1972;2;10427319286;B
20240522;101213;1972.2;1;10427320001;B
20240522;101213;1972.2;49;10427320144;B
20240522;101220;1971.6;7;10427321106;S
20240522;101220;1972.2;33;10427321203;B
20240522;101220;1972.2;303;10427321205;B
20240522;101220;1972.2;8;10427321206;B
20240522;101220;1972.2;39;10427321207;B
20240522;101220;1972.6;12;10427321208;B
20240522;101220;1972.6;73;10427321209;B
20240522;101220;1972.6;55;10427321210;B
20240522;101220;1972.8;10;10427321211;B
20240522;101225;1972.8;1;10427321884;B
20240522;101227;1972.6;1;10427322138;B
20240522;101228;1972.4;6;10427322281;B
20240522;101229;1972.2;3;10427322362;S
20240522;101229;1972;7;10427322363;S
20240522;101229;1972;4;10427322364;S
20240522;101229;1971.8;11;10427322365;S
20240522;101229;1971.8;1;10427322404;B
20240522;101230;1971.8;1;10427322573;B
20240522;101231;1971.8;4;10427322726;B
20240522;101231;1971.6;8;10427322738;S
20240522;101234;1971.8;55;10427323131;B
20240522;101234;1971.8;39;10427323132;B
20240522;101234;1972;94;10427323133;B
20240522;101234;1972;100;10427323134;B
20240522;101234;1972;100;10427323135;B
20240522;101234;1972.4;11;10427323136;B
20240522;101235;1972.6;1;10427323296;B
20240522;101237;1972.4;1;10427323478;S
20240522;101238;1972;31;10427323665;S
20240522;101300;1971.8;12;10427326328;S
20240522;101300;1971.8;12;10427326329;S
20240522;101300;1971.6;6;10427326330;S
20240522;101303;1971.8;1;10427326774;B
20240522;101304;1971.6;1;10427326874;S
20240522;101307;1972;2;10427327221;B
20240522;101311;1972;1;10427327731;B
20240522;101312;1972;1;10427327816;B
20240522;101313;1972;35;10427328026;B
20240522;101313;1972;3;10427328027;B
20240522;101314;1972.4;1;10427328064;B
20240522;101315;1972.4;1;10427328274;B
20240522;101327;1972.4;1;10427329769;B
20240522;101328;1972.4;1;10427329921;B
20240522;101335;1972.4;1;10427330990;B
20240522;101340;1972.4;1;10427331698;B
20240522;101341;1972.4;5;10427331853;B
20240522;101347;1972.4;1;10427332863;B
20240522;101347;1972.4;1;10427332871;B
20240522;101349;1972.4;1;10427333276;B
20240522;101357;1972.4;41;10427334301;B
20240522;101357;1972.4;12;10427334302;B
20240522;101357;1972.4;36;10427334303;B
20240522;101357;1972.4;2;10427334304;B
20240522;101357;1972.4;2;10427334305;B
20240522;101357;1972.6;12;10427334306;B
20240522;101357;1972.8;12;10427334307;B
20240522;101357;1972.8;14;10427334308;B
20240522;101400;1972.4;33;10427334731;S
20240522;101400;1972.4;10;10427334732;S
20240522;101401;1972.2;68;10427334914;S
20240522;101402;1972.4;2;10427334960;B
20240522;101408;1972.2;31;10427335537;S
20240522;101412;1972.4;2;10427336017;B
20240522;101416;1972.4;10;10427336710;B
20240522;101420;1972.4;4;10427337205;B
20240522;101420;1972.6;34;10427337206;B
20240522;101422;1972.6;61;10427337475;B
20240522;101422;1972.6;35;10427337476;B
20240522;101422;1972.8;86;10427337477;B
20240522;101422;1972.8;5;10427337478;B
20240522;101422;1972.8;100;10427337479;B
20240522;101422;1973;129;10427337480;B
20240522;101422;1973;1;10427337481;B
20240522;101422;1973;7;10427337482;B
20240522;101422;1973;1000;10427337483;B
20240522;101422;1973;1;10427337484;B
20240522;101422;1973;1;10427337485;B
20240522;101422;1973.2;100;10427337486;B
20240522;101422;1973.2;55;10427337487;B
20240522;101422;1973.4;1000;10427337488;B
20240522;101422;1973.4;76;10427337489;B
20240522;101422;1973.6;1;10427337495;B
20240522;101422;1973.6;1;10427337496;B
20240522;101422;1973.6;61;10427337497;B
20240522;101422;1973.8;38;10427337498;B
20240522;101423;1973.8;45;10427337611;B
20240522;101424;1973.8;1;10427337749;B
20240522;101424;1973.8;8;10427337782;B
20240522;101426;1973.8;10;10427337952;B
20240522;101427;1973.8;378;10427337999;B
20240522;101427;1973.8;1;10427338000;B
20240522;101427;1973.8;61;10427338001;B
20240522;101427;1973.8;35;10427338002;B
20240522;101427;1974;603;10427338003;B
20240522;101427;1974;20;10427338004;B
20240522;101427;1974;3;10427338005;B
20240522;101427;1974;1;10427338006;B
20240522;101427;1974;8;10427338007;B
20240522;101427;1974;2;10427338008;B
20240522;101427;1974;1;10427338009;B
20240522;101427;1974;1;10427338010;B
20240522;101427;1974.2;22;10427338011;B
20240522;101427;1974.2;1;10427338012;B
20240522;101427;1974.2;4;10427338014;S
20240522;101427;1974.2;40;10427338015;S
20240522;101427;1974.4;1;10427338021;B
20240522;101427;1974.4;6;10427338022;B
20240522;101427;1974.4;23;10427338023;B
20240522;101427;1974.4;11;10427338057;B
20240522;101427;1974.4;5;10427338058;B
20240522;101427;1974.4;50;10427338059;B
20240522;101427;1974.4;34;10427338060;B
20240522;101427;1974.2;6;10427338068;S
20240522;101427;1974.4;61;10427338072;B
20240522;101427;1974.6;5;10427338073;B
20240522;101427;1974.6;234;10427338074;B
20240522;101427;1974.4;61;10427338076;B
20240522;101427;1974.6;63;10427338077;B
20240522;101428;1974.4;4;10427338091;B
20240522;101428;1974.4;6;10427338093;B
20240522;101428;1974.4;8;10427338100;B
20240522;101428;1974.4;4;10427338123;B
20240522;101428;1974.4;4;10427338128;B
20240522;101429;1974.6;50;10427338246;B
20240522;101429;1974.6;62;10427338248;B
20240522;101429;1974.6;10;10427338336;B
20240522;101429;1974.6;50;10427338356;B
20240522;101430;1974.6;10;10427338357;B
20240522;101431;1974.6;10;10427338466;B
20240522;101431;1974.6;10;10427338510;B
20240522;101431;1974.6;80;10427338515;B
20240522;101432;1974.4;3;10427338594;S
20240522;101432;1974.6;2;10427338659;B
20240522;101433;1974.6;43;10427338689;B
20240522;101436;1974.6;1;10427338976;B
20240522;101437;1974.6;1;10427339058;B
20240522;101439;1974.6;1;10427339409;B
20240522;101442;1974.6;5;10427339749;B
20240522;101442;1974.4;8;10427339768;S
20240522;101442;1974.4;1;10427339769;S
20240522;101443;1974.6;16;10427339969;B
20240522;101444;1974.4;1;10427340005;S
20240522;101444;1974.6;1;10427340023;B
20240522;101444;1974.6;351;10427340042;B
20240522;101444;1974.6;122;10427340043;B
20240522;101444;1974.6;27;10427340044;B
20240522;101444;1974.4;1;10427340048;S
20240522;101446;1974.4;2;10427340217;B
20240522;101450;1974.2;1;10427340572;B
20240522;101450;1974.2;1;10427340573;B
20240522;101450;1974.2;17;10427340614;B
20240522;101450;1974.2;23;10427340615;B
20240522;101450;1974.2;1;10427340641;S
20240522;101451;1974.4;1;10427340703;B
20240522;101453;1974.4;17;10427340876;B
20240522;101453;1974.4;38;10427340877;B
20240522;101453;1974.4;1;10427340878;B
20240522;101455;1974.4;6;10427341144;B
20240522;101455;1974.4;1;10427341145;B
20240522;101455;1974.4;40;10427341146;B
20240522;101455;1974.6;1;10427341151;B
20240522;101456;1974.6;1;10427341419;B
20240522;101457;1974.6;30;10427341526;B
20240522;101458;1974.4;1;10427341758;S
20240522;101459;1974.6;100;10427341776;B
20240522;101459;1974.6;10;10427341805;B
20240522;101500;1974.6;100;10427342048;B
20240522;101501;1974.6;1;10427342053;B
20240522;101501;1974.4;10;10427342054;S
20240522;101501;1974.6;150;10427342147;B
20240522;101501;1974.6;26;10427342169;B
20240522;101501;1974.6;199;10427342170;B
20240522;101501;1974.6;1;10427342179;B
20240522;101501;1974.6;2;10427342200;B
20240522;101502;1974.6;20;10427342256;B
20240522;101503;1974.6;2;10427342406;B
20240522;101503;1974.6;40;10427342424;B
20240522;101503;1974.6;20;10427342490;B
20240522;101503;1974.6;6;10427342513;B
20240522;101504;1974.6;1;10427342570;B
20240522;101504;1974.6;7;10427342578;B
20240522;101505;1974.6;20;10427342663;B
20240522;101505;1974.6;5;10427342667;B
20240522;101505;1974.6;40;10427342674;B
20240522;101505;1974.6;1;10427342717;B
20240522;101505;1974.6;40;10427342760;B
20240522;101506;1974.6;1;10427342958;B
20240522;101506;1974.6;40;10427342967;B
20240522;101506;1974.6;15;10427342980;B
20240522;101507;1974.6;1;10427343248;B
20240522;101508;1974.6;1;10427343325;B
20240522;101508;1974.6;20;10427343349;B
20240522;101509;1974.6;5;10427343494;B
20240522;101511;1974.6;3;10427343826;B
20240522;101512;1974.4;1;10427344189;S
20240522;101513;1974.4;1;10427344379;S
20240522;101513;1974.6;100;10427344392;B
20240522;101514;1974.6;30;10427344533;B
20240522;101515;1974.6;1;10427344718;B
20240522;101516;1974.4;1;10427344856;S
20240522;101517;1974.6;20;10427345059;B
20240522;101517;1974.4;39;10427345150;S
20240522;101517;1974.4;7;10427345151;S
20240522;101517;1974.4;10;10427345152;S
20240522;101517;1974.4;19;10427345153;S
20240522;101517;1974.4;1;10427345154;S
20240522;101517;1974.4;72;10427345155;S
20240522;101518;1974.6;2;10427345380;B
20240522;101520;1974.6;1;10427345892;B
20240522;101521;1974.6;10;10427345926;B
20240522;101521;1974.4;1;10427345966;S
20240522;101522;1974.4;16;10427346233;S
20240522;101523;1974.6;2;10427346352;B
20240522;101523;1974.4;1;10427346465;S
20240522;101525;1974.4;1;10427346823;S
20240522;101525;1974.6;50;10427346928;B
20240522;101526;1974.4;1;10427347103;S
20240522;101526;1974.4;83;10427347145;S
20240522;101526;1974.4;1;10427347146;S
20240522;101526;1974.4;31;10427347147;S
20240522;101527;1974.4;1;10427347515;S
20240522;101527;1974.6;4;10427347542;B
20240522;101527;1974.4;1;10427347544;S
20240522;101527;1974.6;1;10427347567;B
20240522;101529;1974.6;107;10427347878;B
20240522;101530;1974.6;1;10427347921;B
20240522;101532;1974.4;1;10427348412;S
20240522;101534;1974.6;1;10427348613;B
20240522;101536;1974.6;500;10427349147;B
20240522;101536;1974.6;1;10427349178;B
20240522;101536;1974.6;500;10427349277;B
20240522;101538;1974.6;798;10427349580;B
20240522;101538;1974.6;65;10427349581;B
20240522;101538;1974.8;6;10427349582;B
20240522;101538;1974.8;500;10427349583;B
20240522;101538;1974.8;1;10427349584;B
20240522;101538;1974.8;200;10427349585;B
20240522;101538;1974.8;45;10427349586;B
20240522;101538;1975;591;10427349587;B
20240522;101538;1975;176;10427349588;B
20240522;101538;1975;1;10427349589;B
20240522;101538;1975;1;10427349590;B
20240522;101538;1975;1;10427349591;B
20240522;101538;1975;20;10427349592;B
20240522;101538;1975;15;10427349593;B
20240522;101538;1975;6;10427349594;B
20240522;101538;1975;5;10427349595;B
20240522;101538;1975;32;10427349596;B
20240522;101538;1975;24;10427349597;B
20240522;101538;1975;50;10427349598;B
20240522;101538;1975;5;10427349599;B
20240522;101538;1975;1;10427349600;B
20240522;101538;1975;100;10427349601;B
20240522;101538;1975;50;10427349602;B
20240522;101538;1975;27;10427349603;B
20240522;101538;1975;1;10427349604;B
20240522;101538;1975;100;10427349605;B
20240522;101538;1975;1;10427349606;B
20240522;101538;1975;2;10427349607;B
20240522;101538;1975;14;10427349608;B
20240522;101538;1975;5;10427349609;B
20240522;101538;1975;10;10427349610;B
20240522;101538;1975;1;10427349611;B
20240522;101538;1975;55;10427349612;B
20240522;101538;1975.2;12;10427349613;B
20240522;101538;1975.4;30;10427349615;B
20240522;101538;1975.6;12;10427349626;B
20240522;101538;1975.6;1;10427349645;B
20240522;101538;1975.6;2;10427349664;B
20240522;101538;1975.6;185;10427349715;B
20240522;101538;1975.6;2;10427349716;B
20240522;101538;1975.6;33;10427349717;B
20240522;101538;1975.8;1;10427349718;B
20240522;101538;1975.8;1;10427349719;B
20240522;101538;1975.8;18;10427349720;B
20240522;101538;1975.8;20;10427349721;B
20240522;101538;1975.8;20;10427349722;B
20240522;101538;1975.6;20;10427349723;S
20240522;101538;1975.6;4;10427349724;S
20240522;101538;1975.4;4;10427349726;S
20240522;101538;1975.6;15;10427349742;B
20240522;101538;1975.6;2;10427349757;B
20240522;101538;1975.6;44;10427349762;B
20240522;101538;1975.6;16;10427349766;S
20240522;101538;1975.4;15;10427349767;S
20240522;101538;1975.4;1;10427349769;S
20240522;101538;1975.4;4;10427349770;S
20240522;101538;1975.4;15;10427349771;S
20240522;101538;1975.4;5;10427349772;S
20240522;101539;1975.6;1;10427349789;B
20240522;101539;1975.4;10;10427349793;S
20240522;101539;1975.4;34;10427349825;S
20240522;101539;1975.2;11;10427349826;S
20240522;101539;1975.2;5;10427349827;S
20240522;101539;1975.2;7;10427349859;S
20240522;101539;1975;43;10427349860;S
20240522;101540;1975.4;5;10427350035;B
20240522;101541;1975.2;2;10427350212;S
20240522;101541;1975.4;2;10427350267;B
20240522;101541;1975.4;46;10427350268;B
20240522;101541;1975.6;52;10427350269;B
20240522;101542;1975.6;5;10427350557;B
20240522;101542;1975.6;61;10427350558;B
20240522;101542;1975.8;442;10427350559;B
20240522;101542;1975.8;5;10427350560;B
20240522;101542;1975.8;1;10427350561;B
20240522;101542;1975.8;55;10427350562;B
20240522;101542;1975.8;1;10427350563;B
20240522;101542;1975.8;46;10427350564;B
20240522;101543;1976;1;10427350619;B
20240522;101543;1976;2;10427350661;B
20240522;101543;1976;8;10427350662;B
20240522;101543;1975.8;41;10427350665;S
20240522;101543;1976;12;10427350732;B
20240522;101543;1976;8;10427350733;B
20240522;101543;1976;3;10427350737;B
20240522;101543;1975.8;250;10427350749;S
20240522;101543;1975.8;52;10427350750;S
20240522;101543;1976;2;10427350797;B
20240522;101544;1976;30;10427350838;B
20240522;101544;1976;250;10427350881;B
20240522;101545;1976;5;10427351036;B
20240522;101546;1976;3;10427351340;B
20240522;101547;1976;3;10427351581;B
20240522;101548;1975.8;1;10427351660;S
20240522;101548;1976;5;10427351747;B
20240522;101550;1975.8;7;10427352085;S
20240522;101550;1976;4;10427352142;B
20240522;101551;1976;1;10427352279;B
20240522;101551;1976;1;10427352287;B
20240522;101551;1976;35;10427352289;B
20240522;101551;1976;65;10427352290;B
20240522;101552;1976;886;10427352323;B
20240522;101552;1976;300;10427352324;B
20240522;101552;1976;35;10427352325;B
20240522;101552;1976;4;10427352326;B
20240522;101552;1976;10;10427352327;B
20240522;101552;1976;28;10427352328;B
20240522;101552;1976;11;10427352329;B
20240522;101552;1976;10;10427352330;B
20240522;101552;1976;9;10427352331;B
20240522;101552;1976;47;10427352332;B
20240522;101552;1976.4;4;10427352335;B
20240522;101552;1976.4;4;10427352336;B
20240522;101552;1976.4;1;10427352337;B
20240522;101552;1976.4;7;10427352338;B
20240522;101552;1976.6;1;10427352339;B
20240522;101552;1976.6;3;10427352340;B
20240522;101552;1976.6;57;10427352357;B
20240522;101552;1976.8;1;10427352358;B
20240522;101552;1976.8;2;10427352359;B
20240522;101552;1976.8;1;10427352360;B
20240522;101552;1976.8;1;10427352415;B
20240522;101552;1976.8;30;10427352424;B
20240522;101552;1976.8;4;10427352425;B
20240522;101552;1977;1;10427352426;B
20240522;101552;1977;1;10427352427;B
20240522;101552;1977;1;10427352428;B
20240522;101552;1977;8;10427352429;B
20240522;101552;1977;45;10427352430;B
20240522;101552;1977;1;10427352431;B
20240522;101552;1976.6;15;10427352448;S
20240522;101552;1977;10;10427352459;B
20240522;101552;1977;1;10427352469;B
20240522;101552;1977;4;10427352470;B
20240522;101552;1977;20;10427352471;B
20240522;101552;1977;5;10427352472;B
20240522;101552;1977;6;10427352502;B
20240522;101552;1977;5;10427352503;B
20240522;101552;1977;1;10427352504;B
20240522;101553;1977;499;10427352511;B
20240522;101553;1977;1;10427352512;B
20240522;101553;1977;35;10427352518;B
20240522;101553;1977;1;10427352519;B
20240522;101553;1977.2;1;10427352520;B
20240522;101553;1977.4;5;10427352521;B
20240522;101553;1977.4;5;10427352522;B
20240522;101553;1977.4;5;10427352523;B
20240522;101553;1977.6;2;10427352524;B
20240522;101553;1977.6;100;10427352525;B
20240522;101553;1977.6;1;10427352526;B
20240522;101553;1977.6;75;10427352527;B
20240522;101553;1977.8;1;10427352528;B
20240522;101553;1977.8;2;10427352529;B
20240522;101553;1977.8;17;10427352530;B
20240522;101553;1977.4;84;10427352535;B
20240522;101553;1977.6;47;10427352536;B
20240522;101553;1977.8;60;10427352537;B
20240522;101553;1977.8;7;10427352539;B
20240522;101553;1977.8;7;10427352543;B
20240522;101553;1977.8;409;10427352593;B
20240522;101553;1977.8;1;10427352594;B
20240522;101553;1977.8;8;10427352595;B
20240522;101553;1978;1;10427352596;B
20240522;101553;1978;281;10427352597;B
20240522;101553;1978;20;10427352598;B
20240522;101553;1978;31;10427352599;B
20240522;101553;1978;50;10427352600;B
20240522;101553;1978;39;10427352601;B
20240522;101553;1978;11;10427352602;B
20240522;101553;1977.6;40;10427352604;S
20240522;101553;1978;20;10427352605;B
20240522;101553;1978;20;10427352606;B
20240522;101553;1978;16;10427352607;B
20240522;101553;1978;33;10427352609;B
20240522;101553;1978;1;10427352610;B
20240522;101553;1978;5;10427352611;B
20240522;101553;1978;5;10427352612;B
20240522;101553;1978;10;10427352613;B
20240522;101553;1978;24;10427352614;B
20240522;101553;1978.2;3;10427352615;B
20240522;101553;1978.2;47;10427352616;B
20240522;101553;1978.4;24;10427352617;B
20240522;101553;1978.4;26;10427352618;B
20240522;101553;1978.4;24;10427352619;B
20240522;101553;1978.4;76;10427352620;B
20240522;101553;1978.4;24;10427352621;B
20240522;101553;1978.4;2;10427352622;B
20240522;101553;1977.8;12;10427352624;S
20240522;101553;1977.8;47;10427352625;S
20240522;101553;1977.6;41;10427352626;S
20240522;101553;1978.2;12;10427352627;B
20240522;101553;1978.4;24;10427352628;B
20240522;101553;1978.4;7;10427352629;B
20240522;101553;1978.4;72;10427352632;B
20240522;101553;1978.6;50;10427352633;B
20240522;101553;1978.6;1;10427352634;B
20240522;101553;1978.6;10;10427352635;B
20240522;101553;1978.6;47;10427352636;B
20240522;101553;1978.6;2;10427352638;S
20240522;101553;1978.6;2;10427352640;S
20240522;101553;1978.8;50;10427352643;B
20240522;101553;1978.8;6;10427352644;B
20240522;101553;1978.8;5;10427352645;B
20240522;101553;1978.8;1;10427352646;B
20240522;101553;1978.8;13;10427352647;B
20240522;101553;1978.8;80;10427352648;B
20240522;101553;1978.8;100;10427352651;B
20240522;101553;1978.6;1;10427352655;S
20240522;101553;1978.6;1;10427352696;S
20240522;101553;1978.8;243;10427352697;B
20240522;101553;1978.8;4;10427352698;B
20240522;101553;1979;53;10427352699;B
20240522;101553;1979;48;10427352700;B
20240522;101553;1979;1;10427352701;B
20240522;101553;1979;5;10427352702;B
20240522;101553;1979;6;10427352703;B
20240522;101553;1979;10;10427352710;B
20240522;101553;1979;184;10427352729;B
20240522;101553;1979;15;10427352730;B
20240522;101553;1979;151;10427352731;B
20240522;101554;1979;20;10427352741;B
20240522;101554;1978.8;1;10427352744;S
20240522;101554;1978.8;16;10427352745;S
20240522;101554;1979;207;10427352748;B
20240522;101554;1979;16;10427352749;B
20240522;101554;1979.2;101;10427352750;B
20240522;101554;1979.2;1;10427352751;B
20240522;101554;1979.2;47;10427352752;B
20240522;101554;1979.4;101;10427352753;B
20240522;101554;1979.4;27;10427352754;B
20240522;101554;1978.8;1;10427352756;S
20240522;101554;1979.4;23;10427352762;B
20240522;101554;1979.4;80;10427352763;B
20240522;101554;1979.6;101;10427352764;B
20240522;101554;1979.6;1;10427352765;B
20240522;101554;1979.6;1;10427352766;B
20240522;101554;1979.6;46;10427352767;B
20240522;101554;1979.8;2;10427352768;B
20240522;101554;1979.8;1;10427352769;B
20240522;101554;1979.8;1;10427352770;B
20240522;101554;1979.8;50;10427352771;B
20240522;101554;1979.8;75;10427352772;B
20240522;101554;1979.8;52;10427352773;B
20240522;101554;1980;6;10427352774;B
20240522;101554;1980;1;10427352775;B
20240522;101554;1980;1;10427352776;B
20240522;101554;1980;59;10427352777;B
20240522;101554;1979.2;12;10427352779;S
20240522;101554;1979;55;10427352780;S
20240522;101554;1979;33;10427352782;B
20240522;101554;1980;41;10427352783;B
20240522;101554;1980;1;10427352784;B
20240522;101554;1980;10;10427352785;B
20240522;101554;1980;2;10427352786;B
20240522;101554;1980;1;10427352787;B
20240522;101554;1980;4;10427352788;B
20240522;101554;1980;2;10427352789;B
20240522;101554;1980;6;10427352790;B
20240522;101554;1980;9;10427352793;B
20240522;101554;1980;1;10427352794;B
20240522;101554;1980;1;10427352799;B
20240522;101554;1980;1;10427352831;B
20240522;101554;1980;9;10427352832;B
20240522;101554;1980;3;10427352833;B
20240522;101554;1980;3;10427352834;B
20240522;101554;1980;250;10427352835;B
20240522;101554;1980;1;10427352836;B
20240522;101554;1980;10;10427352837;B
20240522;101554;1980;20;10427352838;B
20240522;101554;1980;4;10427352839;B
20240522;101554;1980;1;10427352840;B
20240522;101554;1980;5;10427352841;B
20240522;101554;1980;2;10427352842;B
20240522;101554;1980;1;10427352843;B
20240522;101554;1980;1;10427352844;B
20240522;101554;1980;2;10427352845;B
20240522;101554;1980;13;10427352846;B
20240522;101554;1979.4;1;10427352872;S
20240522;101554;1979.8;5;10427352878;S
20240522;101554;1979.4;4;10427352879;S
20240522;101554;1979.4;12;10427352880;S
20240522;101554;1979.2;4;10427352881;S
20240522;101554;1979.2;8;10427352882;S
20240522;101554;1979.2;5;10427352883;S
20240522;101554;1979.2;5;10427352884;S
20240522;101554;1979;6;10427352885;S
20240522;101554;1979.8;12;10427352886;B
20240522;101554;1980;2;10427352887;B
20240522;101554;1980;102;10427352888;B
20240522;101554;1980;15;10427352889;B
20240522;101554;1980;1;10427352890;B
20240522;101554;1980;3;10427352891;B
20240522;101554;1980;25;10427352892;B
20240522;101554;1980;50;10427352893;B
20240522;101554;1980;90;10427352894;B
20240522;101554;1980;20;10427352895;B
20240522;101554;1980;4;10427352896;B
20240522;101554;1980;20;10427352897;B
20240522;101554;1980;2;10427352898;B
20240522;101554;1980;16;10427352899;B
20240522;101554;1980.2;1;10427352900;B
20240522;101554;1980.2;3;10427352901;B
20240522;101554;1980.4;1;10427352902;S
20240522;101554;1980.4;5;10427352903;S
20240522;101554;1980.4;10;10427352907;S
20240522;101554;1980;3;10427352908;S
20240522;101554;1980;12;10427352909;S
20240522;101554;1980;8;10427352910;B
20240522;101554;1980;467;10427352917;B
20240522;101554;1980.2;46;10427352918;B
20240522;101554;1980.4;12;10427352919;B
20240522;101554;1980.6;60;10427352920;B
20240522;101554;1980.8;12;10427352921;B
20240522;101554;1981;1;10427352922;B
20240522;101554;1981;75;10427352923;B
20240522;101554;1981;55;10427352924;B
20240522;101554;1981.4;77;10427352925;B
20240522;101554;1981.4;77;10427352926;B
20240522;101554;1981.6;1;10427352927;B
20240522;101554;1981.6;600;10427352928;B
20240522;101554;1981.8;90;10427352929;B
20240522;101554;1981.8;1;10427352930;B
20240522;101554;1981.8;113;10427352931;B
20240522;101554;1982;700;10427352932;B
20240522;101554;1982;2;10427352933;B
20240522;101554;1982;2;10427352934;B
20240522;101554;1982;60;10427352935;B
20240522;101554;1982;5;10427352936;B
20240522;101554;1982.2;4;10427352937;B
20240522;101554;1982.2;40;10427352938;B
20240522;101554;1981.2;4;10427352939;B
20240522;101554;1982.4;5;10427352940;B
20240522;101554;1982.4;4;10427352941;B
20240522;101554;1982.4;7;10427352942;B
20240522;101554;1981.2;10;10427352946;S
20240522;101554;1981.2;2;10427352947;S
20240522;101554;1981;10;10427352948;S
20240522;101554;1981;10;10427352949;S
20240522;101554;1981;12;10427352950;S
20240522;101554;1980.8;12;10427352951;S
20240522;101554;1980.8;60;10427352952;S
20240522;101554;1980.8;75;10427352953;S
20240522;101554;1980.8;55;10427352954;S
20240522;101554;1980.6;26;10427352955;S
20240522;101554;1980;1;10427352956;S
20240522;101554;1980.8;2;10427352957;S
20240522;101554;1980.8;1;10427352958;S
20240522;101554;1980.8;1;10427352959;S
20240522;101554;1982;4;10427352961;B
20240522;101554;1982;12;10427352962;B
20240522;101554;1982;8;10427352963;B
20240522;101554;1980.8;3;10427352964;S
20240522;101554;1980.6;7;10427352965;S
20240522;101554;1981.8;10;10427352966;B
20240522;101554;1980.6;5;10427352968;S
20240522;101554;1980.6;5;10427352969;S
20240522;101554;1980.8;5;10427352971;S
20240522;101554;1980.8;7;10427352976;S
20240522;101554;1980.6;3;10427352977;S
20240522;101554;1980.6;1;10427352980;S
20240522;101554;1981.8;2;10427352981;B
20240522;101554;1982;8;10427352982;B
20240522;101554;1980.8;5;10427352983;S
20240522;101554;1980.8;3;10427352984;S
20240522;101554;1980.6;2;10427352985;S
20240522;101554;1980.6;5;10427352987;S
20240522;101554;1980.6;5;10427352988;S
20240522;101554;1980.6;2;10427352989;S
20240522;101554;1980.6;5;10427352991;S
20240522;101554;1980.6;5;10427352993;S
20240522;101554;1981.8;1;10427352998;B
20240522;101554;1981.8;4;10427352999;B
20240522;101554;1980.6;5;10427353000;S
20240522;101554;1980.6;5;10427353001;S
20240522;101554;1980.8;1;10427353002;S
20240522;101554;1980.6;5;10427353003;S
20240522;101554;1980.6;1;10427353004;S
20240522;101554;1980.6;1;10427353005;S
20240522;101554;1981.2;50;10427353008;B
20240522;101554;1980.2;5;10427353013;S
20240522;101554;1981.2;8;10427353014;B
20240522;101554;1981.2;2;10427353015;B
20240522;101554;1981.6;5;10427353016;B
20240522;101554;1981.6;7;10427353017;B
20240522;101554;1980.2;5;10427353018;S
20240522;101554;1980.4;2;10427353019;S
20240522;101554;1981.6;8;10427353020;B
20240522;101554;1981.6;4;10427353021;B
20240522;101554;1981.6;10;10427353022;B
20240522;101554;1981.6;14;10427353023;B
20240522;101554;1981.6;7;10427353024;B
20240522;101554;1981.6;5;10427353025;B
20240522;101554;1982;4;10427353026;B
20240522;101554;1982;1;10427353027;B
20240522;101554;1982;7;10427353028;B
20240522;101554;1982;5;10427353030;B
20240522;101554;1982.2;3;10427353031;B
20240522;101554;1982.2;17;10427353032;B
20240522;101554;1981;16;10427353044;S
20240522;101554;1981;1;10427353045;S
20240522;101554;1981;1;10427353046;S
20240522;101554;1981;20;10427353047;S
20240522;101555;1982.2;1;10427353049;B
20240522;101555;1981;1;10427353050;S
20240522;101555;1982.4;1;10427353053;B
20240522;101555;1981;3;10427353056;S
20240522;101555;1982.4;1;10427353058;B
20240522;101555;1982.4;2;10427353059;B
20240522;101555;1982.4;5;10427353060;B
20240522;101555;1981;1;10427353061;S
20240522;101555;1981;5;10427353062;S
20240522;101555;1981;100;10427353063;S
20240522;101555;1981;1;10427353064;S
20240522;101555;1982.4;2;10427353065;B
20240522;101555;1981;4;10427353067;S
20240522;101555;1981;1;10427353068;S
20240522;101555;1981;4;10427353091;S
20240522;101555;1980.8;4;10427353092;S
20240522;101555;1980.8;24;10427353093;S
20240522;101555;1980.6;75;10427353094;S
20240522;101555;1980.6;55;10427353095;S
20240522;101555;1980.6;60;10427353096;S
20240522;101555;1980.4;43;10427353097;S
20240522;101555;1980.2;90;10427353098;S
20240522;101555;1980;25;10427353099;S
20240522;101555;1980;184;10427353100;S
20240522;101555;1979.8;600;10427353101;S
20240522;101555;1979.8;847;10427353102;B
20240522;101555;1979.8;80;10427353124;B
20240522;101555;1979.8;20;10427353136;B
20240522;101555;1979.6;5;10427353140;S
20240522;101555;1979.8;300;10427353149;B
20240522;101555;1979.8;1;10427353156;B
20240522;101555;1979.6;7;10427353158;S
20240522;101555;1979.6;43;10427353159;S
20240522;101555;1979.8;40;10427353162;B
20240522;101555;1979.6;10;10427353164;S
20240522;101555;1979.8;100;10427353165;B
20240522;101555;1979.8;10;10427353173;B
20240522;101555;1979.8;20;10427353183;B
20240522;101555;1979.2;1;10427353187;S
20240522;101555;1979.2;1;10427353188;S
20240522;101555;1979.2;2;10427353189;S
20240522;101555;1979.2;2;10427353190;S
20240522;101555;1979.2;1;10427353216;S
20240522;101555;1979.2;20;10427353223;S
20240522;101556;1979.2;30;10427353265;S
20240522;101556;1979.2;9;10427353269;S
20240522;101556;1979.2;21;10427353270;S
20240522;101556;1979.4;1;10427353337;B
20240522;101556;1979.6;77;10427353338;B
20240522;101556;1979.6;128;10427353339;B
20240522;101556;1979.6;20;10427353340;B
20240522;101556;1979.8;274;10427353341;B
20240522;101556;1979.2;5;10427353351;S
20240522;101557;1979.2;5;10427353383;S
20240522;101557;1979.2;5;10427353424;S
20240522;101557;1979.4;5;10427353538;B
20240522;101557;1979.4;15;10427353561;B
20240522;101557;1979.6;77;10427353562;B
20240522;101557;1979.6;128;10427353563;B
20240522;101557;1979.6;1;10427353564;B
20240522;101557;1979.8;181;10427353565;B
20240522;101557;1979.8;98;10427353566;B
20240522;101558;1979.4;1;10427353585;S
20240522;101600;1979.4;71;10427354170;S
20240522;101600;1979.2;1;10427354198;S
20240522;101600;1979.2;50;10427354199;S
20240522;101600;1979.2;1;10427354202;S
20240522;101600;1979.2;1;10427354206;S
20240522;101600;1979.2;1;10427354227;S
20240522;101600;1979.4;1;10427354244;B
20240522;101600;1979.4;1;10427354281;B
20240522;101603;1979.4;7;10427354991;B
20240522;101603;1979.4;75;10427354992;B
20240522;101603;1979.6;18;10427354993;B
20240522;101603;1979.2;1;10427355027;S
20240522;101604;1979.4;1;10427355221;B
20240522;101604;1979.6;59;10427355222;B
20240522;101604;1979.6;40;10427355223;B
20240522;101604;1979.2;10;10427355239;S
20240522;101604;1979.2;1;10427355261;S
20240522;101604;1979.6;88;10427355287;B
20240522;101604;1979.6;77;10427355288;B
20240522;101604;1979.8;35;10427355289;B
20240522;101605;1979.4;1;10427355377;B
20240522;101605;1979.2;1;10427355417;S
20240522;101605;1979.2;1;10427355476;S
20240522;101605;1979.4;3;10427355487;B
20240522;101607;1979.4;2;10427355721;B
20240522;101607;1979.2;1;10427355893;S
20240522;101608;1979.4;1;10427355909;B
20240522;101608;1979.4;1;10427355946;B
20240522;101608;1979.4;1;10427355980;B
20240522;101608;1979.2;1;10427355986;S
20240522;101608;1979.4;1;10427356012;B
20240522;101608;1979.4;4;10427356032;B
20240522;101609;1979.4;1;10427356176;B
20240522;101609;1979.2;50;10427356187;S
20240522;101609;1979.4;1;10427356189;B
20240522;101610;1979.4;1;10427356230;B
20240522;101610;1979.2;1;10427356232;S
20240522;101610;1979.2;1;10427356293;S
20240522;101610;1979.4;1;10427356357;B
20240522;101611;1979.4;1;10427356503;B
20240522;101612;1979.4;5;10427356617;B
20240522;101612;1979.4;12;10427356630;B
20240522;101612;1979.4;5;10427356670;B
20240522;101612;1979.4;1;10427356680;B
20240522;101612;1979.4;20;10427356683;B
20240522;101613;1979.4;2;10427356697;B
20240522;101613;1979.4;3;10427356700;B
20240522;101613;1979.2;20;10427356724;S
20240522;101613;1979.2;1;10427356820;S
20240522;101613;1979.4;3;10427356823;B
20240522;101614;1979.2;3;10427356891;S
20240522;101614;1979.2;1;10427356913;S
20240522;101614;1979.4;2;10427356964;B
20240522;101614;1979.4;1;10427356977;B
20240522;101615;1979.2;1;10427357103;S
20240522;101615;1979.4;5;10427357136;B
20240522;101615;1979.4;5;10427357147;B
20240522;101616;1979.2;16;10427357337;S
20240522;101616;1979.2;36;10427357338;S
20240522;101616;1979.2;43;10427357339;S
20240522;101616;1979.2;100;10427357340;S
20240522;101617;1979.2;3;10427357457;B
20240522;101617;1979.4;1;10427357477;B
20240522;101617;1979.4;16;10427357497;B
20240522;101617;1979.4;9;10427357498;B
20240522;101618;1979.4;1;10427357524;B
20240522;101618;1979.4;1;10427357586;B
20240522;101618;1979.4;1;10427357587;B
20240522;101618;1979.4;3;10427357588;B
20240522;101618;1979.4;7;10427357589;B
20240522;101618;1979.6;17;10427357590;B
20240522;101619;1979.6;8;10427357696;B
20240522;101619;1979.2;15;10427357727;S
20240522;101620;1979.4;1;10427357904;S
20240522;101620;1979.4;34;10427357955;B
20240522;101620;1979.4;1;10427357967;B
20240522;101622;1979.4;2;10427358171;B
20240522;101622;1979.2;5;10427358199;S
20240522;101622;1979;45;10427358200;S
20240522;101622;1979.2;69;10427358213;B
20240522;101622;1979.2;5;10427358219;B
20240522;101622;1979.2;1;10427358224;B
20240522;101622;1979;49;10427358227;S
20240522;101622;1979;200;10427358228;S
20240522;101622;1979;250;10427358229;S
20240522;101622;1979;1;10427358230;S
20240522;101623;1979.2;2;10427358293;B
20240522;101623;1979.2;5;10427358295;B
20240522;101623;1979.2;1;10427358296;B
20240522;101623;1979;1;10427358326;S
20240522;101623;1979;1;10427358345;S
20240522;101623;1979.2;7;10427358360;B
20240522;101623;1979.2;2;10427358370;B
20240522;101623;1979.2;1;10427358382;B
20240522;101623;1979.2;10;10427358403;B
20240522;101624;1979.2;4;10427358451;B
20240522;101624;1979.2;10;10427358470;B
20240522;101624;1979.2;1;10427358488;B
20240522;101624;1979.2;1;10427358496;B
20240522;101624;1979.2;15;10427358497;B
20240522;101624;1979.2;3;10427358513;B
20240522;101626;1979.2;3;10427358702;B
20240522;101626;1979.2;4;10427358707;B
20240522;101626;1979.2;2;10427358716;B
20240522;101626;1979;8;10427358723;S
20240522;101626;1979;10;10427358724;S
20240522;101626;1979.2;1;10427358741;B
20240522;101626;1979.2;3;10427358774;B
20240522;101627;1979;3;10427358814;S
20240522;101627;1979.2;1;10427358823;B
20240522;101627;1979;14;10427358866;S
20240522;101627;1979;6;10427358867;S
20240522;101627;1979.2;3;10427358884;B
20240522;101627;1979.2;50;10427358895;B
20240522;101627;1979.2;2;10427358910;B
20240522;101628;1979.2;1;10427358954;B
20240522;101628;1979;5;10427358992;S
20240522;101628;1979.2;5;10427358996;B
20240522;101628;1979.2;15;10427359019;B
20240522;101628;1979.2;1;10427359020;B
20240522;101628;1979.2;3;10427359051;B
20240522;101629;1979.2;1;10427359177;B
20240522;101629;1979.2;5;10427359264;B
20240522;101629;1979;1;10427359287;S
20240522;101629;1979;100;10427359288;S
20240522;101630;1979.2;1;10427359357;B
20240522;101630;1979.2;8;10427359392;B
20240522;101630;1979.2;42;10427359393;B
20240522;101631;1979.2;1;10427359581;B
20240522;101631;1979.2;1;10427359605;B
20240522;101632;1979.2;1;10427359682;B
20240522;101632;1979.2;1;10427359693;B
20240522;101632;1979.2;134;10427359709;B
20240522;101632;1979.2;2;10427359768;B
20240522;101633;1979.2;1;10427359792;B
20240522;101634;1979.2;3;10427359902;B
20240522;101634;1979.2;2;10427359929;B
20240522;101634;1979;1;10427359971;S
20240522;101635;1979.2;10;10427360084;B
20240522;101635;1979.2;5;10427360086;B
20240522;101635;1979;1;10427360115;S
20240522;101635;1979.2;1;10427360134;B
20240522;101635;1979.2;40;10427360136;B
20240522;101636;1979.2;47;10427360232;B
20240522;101636;1979;1;10427360238;S
20240522;101636;1979.2;4;10427360326;B
20240522;101637;1979.2;5;10427360389;B
20240522;101637;1979.2;1;10427360406;B
20240522;101637;1979.2;1;10427360414;B
20240522;101637;1979.2;4;10427360422;B
20240522;101637;1979.2;1;10427360502;B
20240522;101638;1979;17;10427360583;S
20240522;101638;1979;23;10427360584;S
20240522;101638;1979;5;10427360585;S
20240522;101638;1979;1;10427360586;S
20240522;101638;1979;1;10427360587;S
20240522;101638;1978.8;2;10427360588;S
20240522;101638;1978.8;1;10427360589;S
20240522;101638;1979;128;10427360605;B
20240522;101638;1979;43;10427360606;B
20240522;101638;1979;106;10427360607;B
20240522;101638;1979.2;193;10427360608;B
20240522;101638;1979.2;2;10427360609;B
20240522;101638;1979.2;1;10427360610;B
20240522;101638;1979.2;27;10427360611;B
20240522;101639;1978.8;5;10427360734;B
20240522;101639;1978.6;1;10427360761;S
20240522;101639;1978.8;10;10427360807;B
20240522;101639;1979;7;10427360808;B
20240522;101641;1979;40;10427360976;B
20240522;101641;1979;1;10427361082;B
20240522;101645;1979;50;10427361543;B
20240522;101645;1979;59;10427361613;B
20240522;101645;1979;125;10427361652;B
20240522;101645;1979;43;10427361653;B
20240522;101645;1979;32;10427361654;B
20240522;101646;1978.6;1;10427361892;S
20240522;101647;1979.2;7;10427361946;B
20240522;101649;1979.2;4;10427362288;B
20240522;101650;1979;5;10427362314;S
20240522;101650;1979.2;5;10427362343;B
20240522;101650;1979.2;164;10427362511;B
20240522;101651;1979;1;10427362631;S
20240522;101652;1979.2;4;10427362776;B
20240522;101652;1979;1;10427362801;S
20240522;101652;1979.2;7;10427362861;B
20240522;101655;1979;15;10427363158;S
20240522;101657;1979.2;120;10427363511;B
20240522;101659;1979.2;250;10427363751;B
20240522;101659;1979;55;10427363784;S
20240522;101659;1979;15;10427363785;S
20240522;101659;1979;3;10427363845;S
20240522;101700;1979.2;1;10427363963;B
20240522;101701;1979.2;111;10427364007;B
20240522;101701;1979.2;1;10427364008;B
20240522;101701;1979.2;43;10427364009;B
20240522;101701;1979.2;278;10427364012;S
20240522;101701;1979.2;1;10427364149;S
20240522;101702;1979.4;5;10427364191;B
20240522;101702;1979.4;1;10427364192;B
20240522;101702;1979.2;500;10427364206;S
20240522;101702;1979.4;1;10427364212;B
20240522;101702;1979.4;1;10427364275;B
20240522;101704;1979.2;76;10427364581;S
20240522;101704;1979.2;83;10427364582;S
20240522;101704;1979.2;16;10427364583;S
20240522;101704;1979.2;75;10427364584;S
20240522;101704;1979.2;41;10427364585;S
20240522;101704;1979.2;59;10427364586;S
20240522;101705;1979.4;5;10427364688;B
20240522;101706;1979.4;2;10427364804;B
20240522;101708;1979.2;31;10427365081;S
20240522;101711;1979.4;2;10427365382;B
20240522;101711;1979.2;1;10427365388;S
20240522;101711;1979.4;60;10427365432;B
20240522;101712;1979.4;1;10427365481;B
20240522;101714;1979.2;3;10427365666;S
20240522;101714;1979.2;18;10427365771;B
20240522;101715;1979.2;6;10427365860;B
20240522;101717;1979.2;76;10427366076;B
20240522;101717;1979.2;43;10427366077;B
20240522;101717;1979.2;100;10427366078;B
20240522;101717;1979.2;77;10427366079;B
20240522;101717;1979.2;4;10427366080;B
20240522;101720;1979.4;20;10427366359;B
20240522;101720;1979.4;10;10427366442;B
20240522;101724;1979.2;3;10427367046;S
20240522;101725;1979.4;227;10427367168;B
20240522;101726;1979.4;1;10427367220;B
20240522;101728;1979.4;1;10427367464;B
20240522;101728;1979.4;1;10427367504;B
20240522;101729;1979.2;28;10427367591;S
20240522;101730;1979.4;28;10427367605;B
20240522;101730;1979.4;50;10427367634;B
20240522;101731;1979.4;2;10427367746;B
20240522;101732;1979.4;1;10427367852;B
20240522;101732;1979.4;1;10427367868;B
20240522;101732;1979.4;16;10427367878;B
20240522;101733;1979.4;100;10427367977;B
20240522;101733;1979.4;26;10427367978;B
20240522;101733;1979.4;12;10427368002;B
20240522;101733;1979.4;30;10427368003;B
20240522;101733;1979.4;1;10427368004;B
20240522;101733;1979.4;2;10427368005;B
20240522;101733;1979.4;10;10427368006;B
20240522;101733;1979.6;12;10427368007;B
20240522;101733;1979.6;44;10427368008;B
20240522;101733;1979.6;55;10427368009;B
20240522;101734;1979.6;1;10427368153;S
20240522;101735;1979.8;50;10427368255;B
20240522;101735;1979.8;50;10427368293;B
20240522;101737;1979.8;1;10427368505;B
20240522;101737;1979.8;2;10427368617;B
20240522;101738;1979.8;14;10427368730;B
20240522;101738;1979.8;25;10427368744;B
20240522;101738;1979.8;25;10427368764;B
20240522;101739;1979.6;233;10427368831;S
20240522;101739;1979.6;77;10427368832;S
20240522;101739;1979.6;44;10427368833;S
20240522;101739;1979.6;8;10427368834;S
20240522;101739;1979.6;6;10427368839;B
20240522;101739;1979.8;19;10427368840;B
20240522;101739;1979.8;25;10427368886;B
20240522;101739;1979.6;1;10427368912;S
20240522;101739;1979.8;25;10427369002;B
20240522;101740;1979.8;25;10427369082;B
20240522;101740;1979.8;25;10427369126;B
20240522;101740;1979.8;15;10427369129;B
20240522;101740;1979.8;25;10427369183;B
20240522;101740;1979.8;25;10427369224;B
20240522;101741;1979.8;16;10427369274;B
20240522;101741;1979.8;9;10427369275;B
20240522;101741;1979.8;12;10427369288;B
20240522;101741;1979.6;10;10427369305;S
20240522;101741;1979.8;25;10427369365;B
20240522;101741;1979.8;1;10427369397;B
20240522;101741;1979.8;25;10427369402;B
20240522;101742;1979.6;2;10427369457;S
20240522;101742;1979.8;25;10427369485;B
20240522;101742;1979.8;25;10427369529;B
20240522;101742;1979.8;25;10427369577;B
20240522;101743;1979.8;25;10427369650;B
20240522;101743;1979.8;25;10427369773;B
20240522;101743;1979.8;25;10427369841;B
20240522;101743;1979.8;28;10427369857;B
20240522;101743;1979.8;72;10427369858;B
20240522;101744;1979.8;200;10427369904;B
20240522;101744;1979.8;25;10427369916;B
20240522;101744;1979.8;25;10427369956;B
20240522;101744;1979.8;25;10427369977;B
20240522;101744;1979.8;25;10427370067;B
20240522;101745;1979.8;10;10427370099;B
20240522;101745;1979.8;1;10427370114;B
20240522;101745;1979.8;25;10427370171;B
20240522;101745;1979.8;25;10427370219;B
20240522;101746;1979.8;25;10427370305;B
20240522;101746;1979.8;25;10427370364;B
20240522;101746;1979.8;20;10427370382;B
20240522;101746;1979.8;25;10427370487;B
20240522;101747;1979.8;25;10427370532;B
20240522;101747;1979.8;21;10427370603;B
20240522;101748;1979.8;75;10427370708;B
20240522;101752;1979.6;2;10427371491;S
20240522;101752;1979.6;10;10427371492;S
20240522;101753;1979.6;238;10427371580;B
20240522;101753;1979.6;45;10427371581;B
20240522;101753;1979.8;149;10427371582;B
20240522;101753;1979.8;200;10427371583;B
20240522;101753;1979.8;50;10427371584;B
20240522;101753;1979.8;1;10427371585;B
20240522;101753;1980;6;10427371586;B
20240522;101753;1980;2;10427371587;B
20240522;101753;1980;10;10427371588;B
20240522;101753;1980;1;10427371589;B
20240522;101753;1980;5;10427371590;B
20240522;101753;1980;5;10427371591;B
20240522;101753;1980;5;10427371592;B
20240522;101753;1980;10;10427371593;B
20240522;101753;1980;6;10427371594;B
20240522;101753;1980;2;10427371595;B
20240522;101753;1980;10;10427371596;B
20240522;101753;1980;2;10427371597;B
20240522;101753;1980;5;10427371598;B
20240522;101753;1980;2;10427371599;B
20240522;101753;1980;56;10427371600;B
20240522;101753;1980;1;10427371601;B
20240522;101753;1980;1;10427371602;B
20240522;101753;1980;1;10427371603;B
20240522;101753;1980;2;10427371604;B
20240522;101753;1980;5;10427371605;B
20240522;101753;1980;14;10427371606;B
20240522;101753;1980;36;10427371607;B
20240522;101753;1980;2;10427371608;B
20240522;101753;1980;100;10427371609;B
20240522;101753;1980.2;12;10427371610;B
20240522;101753;1980.2;16;10427371611;B
20240522;101753;1980;77;10427371634;S
20240522;101753;1979.8;45;10427371635;S
20240522;101753;1979.8;5;10427371636;S
20240522;101753;1979.6;7;10427371637;S
20240522;101754;1979.6;10;10427371712;B
20240522;101756;1979.4;1;10427371933;S
20240522;101757;1979.6;356;10427372205;B
20240522;101757;1979.6;2;10427372206;B
20240522;101757;1979.8;45;10427372207;B
20240522;101759;1980;160;10427372447;B
20240522;101759;1980;59;10427372448;B
20240522;101759;1980.2;50;10427372449;B
20240522;101759;1980.2;45;10427372450;B
20240522;101759;1980.4;1;10427372451;B
20240522;101759;1980.4;12;10427372452;B
20240522;101759;1980.4;100;10427372461;S
20240522;101801;1980.6;1;10427372772;B
20240522;101801;1980.6;14;10427372773;B
20240522;101801;1980.4;1;10427372783;S
20240522;101802;1980.6;4;10427372988;B
20240522;101803;1980.6;1;10427373106;B
20240522;101803;1980.6;10;10427373172;B
20240522;101803;1980.6;10;10427373211;B
20240522;101804;1980.6;10;10427373261;B
20240522;101804;1980.6;1;10427373277;B
20240522;101804;1980.6;9;10427373278;B
20240522;101804;1980.6;10;10427373293;B
20240522;101804;1980.6;10;10427373307;B
20240522;101804;1980.6;100;10427373320;B
20240522;101804;1980.6;10;10427373344;B
20240522;101805;1980.6;10;10427373357;B
20240522;101805;1980.6;10;10427373398;B
20240522;101805;1980.6;10;10427373424;B
20240522;101805;1980.4;3;10427373425;S
20240522;101806;1980.6;10;10427373441;B
20240522;101806;1980.6;10;10427373466;B
20240522;101806;1980.6;10;10427373510;B
20240522;101806;1980.4;1;10427373511;S
20240522;101806;1980.4;1;10427373521;S
20240522;101806;1980.6;10;10427373529;B
20240522;101807;1980.6;10;10427373562;B
20240522;101807;1980.6;10;10427373598;B
20240522;101807;1980.6;10;10427373623;B
20240522;101807;1980.6;1;10427373629;B
20240522;101807;1980.6;7;10427373645;B
20240522;101807;1980.6;10;10427373694;B
20240522;101808;1980.6;10;10427373734;B
20240522;101808;1980.6;10;10427373750;B
20240522;101808;1980.6;10;10427373809;B
20240522;101808;1980.6;10;10427373851;B
20240522;101809;1980.6;5;10427374019;B
20240522;101810;1980.4;1;10427374046;S
20240522;101810;1980.6;1;10427374118;B
20240522;101811;1980.6;5;10427374176;B
20240522;101811;1980.6;1;10427374185;B
20240522;101811;1980.6;1;10427374190;B
20240522;101813;1980.6;2;10427374423;B
20240522;101814;1980.6;197;10427374513;B
20240522;101814;1980.6;44;10427374514;B
20240522;101814;1980.6;72;10427374515;B
20240522;101815;1980.6;1;10427374704;B
20240522;101815;1980.6;10;10427374710;B
20240522;101817;1980.6;4;10427374996;B
20240522;101818;1980.6;13;10427375017;B
20240522;101818;1980.6;3;10427375018;B
20240522;101818;1980.6;44;10427375019;B
20240522;101818;1980.6;35;10427375020;B
20240522;101818;1980.6;1;10427375066;B
20240522;101818;1980.6;2;10427375124;B
20240522;101818;1980.6;100;10427375140;B
20240522;101818;1980.4;66;10427375186;S
20240522;101818;1980.4;1;10427375187;S
20240522;101818;1980.4;15;10427375188;S
20240522;101818;1980.4;3;10427375189;S
20240522;101818;1980.4;1;10427375193;B
20240522;101819;1980;5;10427375252;S
20240522;101820;1980;50;10427375417;S
20240522;101821;1980;1;10427375493;S
20240522;101822;1980;44;10427375748;B
20240522;101822;1979.8;2;10427375749;S
20240522;101824;1979.8;1;10427376095;S
20240522;101825;1980;1;10427376204;B
20240522;101826;1979.8;8;10427376286;S
20240522;101826;1979.8;5;10427376287;S
20240522;101826;1979.8;41;10427376288;S
20240522;101826;1979.6;44;10427376289;S
20240522;101826;1979.4;1;10427376290;S
20240522;101826;1979.4;1;10427376291;S
20240522;101826;1979.4;50;10427376292;S
20240522;101828;1979.6;77;10427376507;B
20240522;101828;1979.6;23;10427376508;B
20240522;101828;1979.4;25;10427376666;S
20240522;101828;1979.2;14;10427376667;S
20240522;101829;1979.6;1;10427376819;B
20240522;101830;1979.2;1;10427376909;S
20240522;101830;1979.6;1;10427376945;B
20240522;101833;1979.6;1;10427377155;B
20240522;101833;1979.8;1;10427377160;B
20240522;101833;1979.4;2;10427377177;S
20240522;101834;1979.4;2;10427377272;S
20240522;101834;1979.2;1;10427377273;S
20240522;101836;1979.2;5;10427377541;S
20240522;101837;1979.4;1;10427377666;B
20240522;101838;1979.2;31;10427377860;S
20240522;101840;1979.4;60;10427378107;B
20240522;101841;1979.4;1;10427378168;B
20240522;101841;1979.4;6;10427378181;B
20240522;101841;1979.4;1;10427378206;B
20240522;101842;1979.2;25;10427378225;S
20240522;101842;1979.4;3;10427378309;B
20240522;101843;1979.2;114;10427378407;S
20240522;101843;1979.2;1;10427378408;S
20240522;101843;1979.2;2;10427378409;S
20240522;101843;1979.2;43;10427378410;S
20240522;101843;1979.2;2;10427378411;S
20240522;101843;1979;37;10427378412;S
20240522;101843;1979.4;20;10427378415;B
20240522;101844;1979.4;23;10427378490;B
20240522;101845;1979.4;1;10427378569;B
20240522;101847;1979.4;2;10427378788;B
20240522;101847;1979.4;5;10427378835;B
20240522;101847;1979.2;1;10427378853;S
20240522;101847;1979.2;1;10427378856;S
20240522;101848;1979.4;7;10427378945;B
20240522;101849;1979.4;15;10427379098;B
20240522;101852;1979.2;9;10427379495;S
20240522;101852;1979.2;1;10427379496;S
20240522;101852;1979.2;10;10427379497;S
20240522;101852;1979.2;1;10427379498;S
20240522;101852;1979;78;10427379499;S
20240522;101852;1979;1;10427379500;S
20240522;101853;1979;1;10427379536;S
20240522;101853;1979;1;10427379537;S
20240522;101853;1979;100;10427379538;S
20240522;101853;1979;398;10427379539;S
20240522;101854;1979;5;10427379780;S
20240522;101855;1979.2;1;10427380358;B
20240522;101856;1979;97;10427380464;S
20240522;101856;1979;3;10427380465;S
20240522;101856;1979.2;1;10427380531;B
20240522;101857;1979.2;7;10427380641;B
20240522;101859;1979;72;10427381121;S
20240522;101859;1979;5;10427381122;S
20240522;101859;1978.8;23;10427381123;S
20240522;101859;1978.8;3;10427381194;B
20240522;101900;1978.8;1;10427381344;B
20240522;101902;1978.6;58;10427381510;S
20240522;101902;1978.6;42;10427381511;S
20240522;101902;1978.6;1;10427381527;S
20240522;101902;1978.8;1;10427381574;B
20240522;101903;1978.6;1;10427381596;S
20240522;101904;1978.8;9;10427381703;B
20240522;101904;1979;43;10427381704;B
20240522;101904;1979.2;128;10427381705;B
20240522;101904;1979.2;77;10427381706;B
20240522;101904;1979.4;70;10427381707;B
20240522;101904;1979.4;1;10427381708;B
20240522;101904;1979.4;50;10427381709;B
20240522;101904;1979.4;8;10427381710;B
20240522;101904;1979.4;12;10427381711;B
20240522;101904;1979.8;2;10427381712;B
20240522;101904;1979.8;50;10427381713;B
20240522;101904;1979.8;55;10427381714;B
20240522;101904;1979.8;143;10427381715;B
20240522;101904;1980;50;10427381716;B
20240522;101904;1980;2;10427381717;B
20240522;101904;1980.2;5;10427381718;B
20240522;101904;1980.2;600;10427381719;B
20240522;101904;1980.4;58;10427381720;B
20240522;101904;1980.4;54;10427381721;B
20240522;101904;1980.4;17;10427381722;B
20240522;101904;1980.4;3;10427381723;B
20240522;101904;1980.4;100;10427381724;B
20240522;101904;1980.4;63;10427381725;B
20240522;101904;1979.2;12;10427381752;S
20240522;101904;1979;8;10427381753;S
20240522;101905;1979;1;10427381813;S
20240522;101905;1979;3;10427381815;S
20240522;101905;1979;63;10427381848;S
20240522;101905;1979;12;10427381849;S
20240522;101905;1978.8;25;10427381850;S
20240522;101905;1978.8;20;10427381853;S
20240522;101908;1978.8;12;10427382123;S
20240522;101908;1978.8;72;10427382124;S
20240522;101908;1978.8;41;10427382125;S
20240522;101909;1978.8;1;10427382206;B
20240522;101909;1978.6;1;10427382212;S
20240522;101909;1978.6;1;10427382213;S
20240522;101912;1978.8;374;10427382535;B
20240522;101912;1978.8;1;10427382536;B
20240522;101912;1979.2;1;10427382537;B
20240522;101912;1979.4;12;10427382538;B
20240522;101912;1979.4;12;10427382539;B
20240522;101912;1979.8;5;10427382540;B
20240522;101912;1980;5;10427382541;B
20240522;101914;1980;204;10427382713;S
20240522;101916;1980;5;10427382943;S
20240522;101917;1980.4;128;10427383122;B
20240522;101917;1980.4;77;10427383123;B
20240522;101917;1980.4;43;10427383124;B
20240522;101917;1980.6;362;10427383125;B
20240522;101917;1980.6;1;10427383126;B
20240522;101917;1980.6;4;10427383127;B
20240522;101917;1980.6;50;10427383128;B
20240522;101917;1980.6;5;10427383129;B
20240522;101917;1980.6;12;10427383130;B
20240522;101918;1980.8;2;10427383256;B
20240522;101918;1980.8;3;10427383295;B
20240522;101918;1980.8;5;10427383296;B
20240522;101918;1980.8;10;10427383297;B
20240522;101918;1980.8;10;10427383298;B
20240522;101918;1980.8;10;10427383299;B
20240522;101918;1980.8;10;10427383300;B
20240522;101918;1980.8;10;10427383301;B
20240522;101918;1980.8;10;10427383302;B
20240522;101918;1980.8;10;10427383303;B
20240522;101918;1980.8;10;10427383304;B
20240522;101918;1980.8;10;10427383305;B
20240522;101918;1980.8;2;10427383306;B
20240522;101920;1980.6;10;10427383437;S
20240522;101921;1980.6;2;10427383621;S
20240522;101921;1980.8;1;10427383682;B
20240522;101923;1980.6;5;10427383878;S
20240522;101924;1980.6;8;10427383959;S
20240522;101924;1980.6;1;10427384023;S
20240522;101925;1980.8;7;10427384108;B
20240522;101925;1980.8;5;10427384109;B
20240522;101925;1980.6;292;10427384146;S
20240522;101925;1980.4;43;10427384147;S
20240522;101925;1980.4;36;10427384148;S
20240522;101926;1980.4;1;10427384240;B
20240522;101928;1980.4;10;10427384414;B
20240522;101928;1980.4;7;10427384434;B
20240522;101931;1980.4;1;10427384858;B
20240522;101931;1980.4;1;10427384864;B
20240522;101931;1980.2;1;10427384875;S
20240522;101932;1980.4;1;10427385006;B
20240522;101936;1980.4;19;10427385344;B
20240522;101936;1980.4;1;10427385398;B
20240522;101937;1980.2;56;10427385449;S
20240522;101937;1980.4;2;10427385497;B
20240522;101937;1980.2;1;10427385566;S
20240522;101938;1980.2;10;10427385683;S
20240522;101939;1980.4;3;10427385707;B
20240522;101940;1980.4;3;10427385817;B
20240522;101940;1980.2;32;10427385821;S
20240522;101940;1980;12;10427385822;S
20240522;101940;1980;10;10427385823;S
20240522;101940;1980;44;10427385824;S
20240522;101942;1979.8;1;10427386047;B
20240522;101945;1979.8;2;10427386411;B
20240522;101947;1979.4;12;10427386665;S
20240522;101947;1979.4;5;10427386666;S
20240522;101947;1979.2;44;10427386667;S
20240522;101947;1979;100;10427386668;S
20240522;101947;1978.8;75;10427386669;S
20240522;101947;1978.8;14;10427386670;S
20240522;101949;1978.6;1;10427387017;S
20240522;101949;1978.6;5;10427387018;S
20240522;101949;1978.6;1;10427387019;S
20240522;101949;1978.6;12;10427387020;S
20240522;101949;1978.6;75;10427387021;S
20240522;101949;1978.4;4;10427387022;S
20240522;101949;1978.4;5;10427387023;S
20240522;101949;1978.4;5;10427387024;S
20240522;101949;1978.4;92;10427387025;S
20240522;101950;1978.6;23;10427387074;S
20240522;101950;1978.6;3;10427387075;S
20240522;101950;1978.4;24;10427387145;S
20240522;101955;1978.8;1;10427387881;B
20240522;101957;1978.6;70;10427387983;S
20240522;101957;1978.6;18;10427387984;S
20240522;101957;1978.6;12;10427387985;S
20240522;101957;1978.8;2;10427388005;B
20240522;101958;1978.8;1;10427388158;B
20240522;101959;1978.6;62;10427388239;B
20240522;101959;1978.6;2;10427388276;B
20240522;102000;1978.4;60;10427388329;S
20240522;102000;1978.4;55;10427388330;S
20240522;102000;1978.4;9;10427388331;S
20240522;102000;1978.4;43;10427388332;S
20240522;102000;1978.2;33;10427388333;S
20240522;102000;1978.4;36;10427388345;B
20240522;102000;1978.8;14;10427388346;B
20240522;102000;1979;12;10427388393;B
20240522;102000;1979;5;10427388394;B
20240522;102000;1979;19;10427388395;B
20240522;102000;1979;29;10427388478;B
20240522;102000;1979;12;10427388489;B
20240522;102000;1979;77;10427388490;B
20240522;102000;1979.2;12;10427388491;B
20240522;102000;1979.2;139;10427388492;B
20240522;102000;1979.6;18;10427388493;B
20240522;102000;1979.6;19;10427388494;B
20240522;102000;1979.6;70;10427388496;B
20240522;102001;1979.6;5;10427388500;B
20240522;102001;1979.6;6;10427388502;B
20240522;102001;1979.6;3;10427388503;B
20240522;102001;1979.6;13;10427388504;B
20240522;102001;1979.8;120;10427388505;B
20240522;102001;1979.8;7;10427388506;B
20240522;102001;1980;5;10427388507;B
20240522;102001;1980;4;10427388508;B
20240522;102001;1980;12;10427388512;B
20240522;102001;1980;33;10427388522;B
20240522;102001;1979.6;50;10427388534;B
20240522;102001;1980;4;10427388535;B
20240522;102001;1980;75;10427388536;B
20240522;102001;1980.2;100;10427388537;B
20240522;102001;1980.2;1;10427388538;B
20240522;102001;1980.2;2;10427388539;B
20240522;102001;1980.4;42;10427388540;B
20240522;102001;1980.4;221;10427388543;B
20240522;102001;1980.4;2;10427388557;B
20240522;102001;1980.4;118;10427388559;B
20240522;102001;1980.4;71;10427388560;B
20240522;102001;1980.4;95;10427388562;B
20240522;102001;1980.4;6;10427388563;B
20240522;102001;1980.4;30;10427388564;B
20240522;102001;1980.4;30;10427388575;B
20240522;102001;1980.6;2;10427388576;B
20240522;102001;1980.6;1;10427388578;B
20240522;102001;1980.6;1;10427388582;B
20240522;102001;1980.6;3;10427388599;B
20240522;102001;1980.6;5;10427388600;B
20240522;102001;1980.6;5;10427388601;B
20240522;102001;1980.6;5;10427388602;B
20240522;102001;1980.6;1;10427388604;B
20240522;102001;1980.6;64;10427388605;B
20240522;102001;1980.6;1;10427388609;B
20240522;102001;1980.6;2;10427388635;B
20240522;102001;1980.6;9;10427388685;B
20240522;102001;1980.6;1;10427388686;B
20240522;102001;1980.6;1;10427388689;B
20240522;102002;1980.6;47;10427388882;B
20240522;102005;1980;50;10427389399;S
20240522;102007;1980.2;100;10427389746;B
20240522;102007;1980.2;42;10427389747;B
20240522;102007;1980.4;2;10427389748;B
20240522;102007;1980.6;369;10427389749;B
20240522;102007;1980.6;21;10427389750;B
20240522;102007;1980.8;5;10427389751;B
20240522;102007;1980.8;5;10427389752;B
20240522;102007;1980.8;500;10427389753;B
20240522;102007;1980.8;3;10427389754;B
20240522;102007;1980.8;1;10427389755;B
20240522;102007;1980.8;500;10427389756;B
20240522;102007;1980.8;8;10427389757;B
20240522;102007;1980.8;75;10427389758;B
20240522;102007;1980.8;27;10427389759;B
20240522;102007;1981;3;10427389760;B
20240522;102007;1981;830;10427389761;B
20240522;102007;1981;60;10427389762;B
20240522;102007;1981;10;10427389763;B
20240522;102007;1981;30;10427389764;B
20240522;102007;1981;1;10427389765;B
20240522;102007;1981;22;10427389766;B
20240522;102007;1981;5;10427389767;B
20240522;102007;1981;1;10427389768;B
20240522;102007;1981;100;10427389769;B
20240522;102007;1981;6;10427389770;B
20240522;102007;1981;5;10427389771;B
20240522;102007;1981;55;10427389772;B
20240522;102007;1981.2;5;10427389773;B
20240522;102007;1981.2;15;10427389774;B
20240522;102007;1981.2;1;10427389775;B
20240522;102007;1981.4;1;10427389776;B
20240522;102007;1981.4;2;10427389777;B
20240522;102007;1981.4;12;10427389778;B
20240522;102007;1981.6;1;10427389779;B
20240522;102007;1981.6;1;10427389780;B
20240522;102008;1981.6;1;10427389852;S
20240522;102008;1981.6;31;10427389961;S
20240522;102009;1981.6;1144;10427390009;S
20240522;102009;1981.6;77;10427390010;S
20240522;102009;1981.6;55;10427390011;S
20240522;102009;1981.4;42;10427390012;S
20240522;102009;1981.2;12;10427390013;S
20240522;102009;1981;12;10427390014;S
20240522;102009;1981;3;10427390015;S
20240522;102009;1981;60;10427390016;S
20240522;102009;1980.8;75;10427390017;S
