<DATE>;<TIME>;<LAST>;<VOL>;<ID>;<OPER>
20240404;095935;1862.2;1;10035315925;B
20240404;095935;1862.2;1;10035315926;B
20240404;095935;1862.2;1;10035315927;B
20240404;095935;1862.2;2;10035315928;S
20240404;095935;1862.2;10;10035315929;S
20240404;095935;1862.2;1;10035315930;S
20240404;095935;1862.2;3;10035315931;B
20240404;095935;1862.2;4;10035315932;B
20240404;095935;1862.2;13;10035315933;B
20240404;095935;1862.2;77;10035315934;B
20240404;095935;1862.2;1;10035315935;B
20240404;095935;1862.2;11;10035315936;B
20240404;095935;1862.2;5;10035315937;B
20240404;095935;1862.2;1;10035315938;B
20240404;095935;1862.2;2;10035315939;B
20240404;095935;1862.2;4;10035315940;B
20240404;095935;1862.2;6;10035315941;B
20240404;095935;1862.2;1;10035315942;B
20240404;095935;1862.2;1;10035315943;B
20240404;095935;1862.2;1;10035315944;B
20240404;095935;1862.2;1;10035315945;B
20240404;095935;1862.2;2;10035315946;S
20240404;095935;1862.2;98;10035315947;S
20240404;095935;1862.2;1;10035315948;B
20240404;095935;1862.2;6;10035315949;B
20240404;095935;1862.2;16;10035315950;B
20240404;095935;1862.2;2;10035315951;B
20240404;095935;1862.2;1;10035315952;B
20240404;095935;1862.2;6;10035315953;B
20240404;095935;1862.2;2;10035315954;S
20240404;095935;1862.2;1;10035315955;S
20240404;095935;1862.2;20;10035315956;S
20240404;095935;1862.2;40;10035315957;B
20240404;095935;1862.2;6;10035315958;B
20240404;095935;1862.2;1;10035315959;B
20240404;095935;1862.2;1;10035315960;B
20240404;095935;1862.2;30;10035315961;S
20240404;095935;1862.2;1;10035315962;B
20240404;095935;1862.2;5;10035315963;B
20240404;095935;1862.2;13;10035315964;S
20240404;095935;1862.2;6;10035315965;S
20240404;100000;1860;2;10035322888;S
20240404;100000;1858.8;145;10035323135;S
20240404;100000;1859;145;10035323140;S
20240404;100000;1858.2;5;10035323141;S
20240404;100000;1858;1;10035323152;S
20240404;100000;1857.8;43;10035323162;S
20240404;100000;1857.8;11;10035323189;S
20240404;100000;1857.6;5;10035323190;S
20240404;100000;1857.6;1;10035323191;S
20240404;100000;1857.6;2;10035323192;S
20240404;100000;1857.6;1;10035323193;S
20240404;100000;1857.6;1;10035323194;S
20240404;100000;1857.6;3;10035323195;S
20240404;100000;1857.6;5;10035323196;S
20240404;100000;1857.6;2;10035323197;S
20240404;100000;1857.6;1;10035323198;S
20240404;100000;1857.6;50;10035323199;S
20240404;100000;1857.6;10;10035323200;S
20240404;100000;1857.6;1;10035323201;S
20240404;100000;1857.6;2;10035323202;S
20240404;100000;1857.6;1;10035323203;S
20240404;100000;1857.6;1;10035323204;S
20240404;100000;1857;50;10035323282;S
20240404;100000;1857;2;10035323283;S
20240404;100000;1857;1;10035323284;S
20240404;100000;1857;3;10035323285;S
20240404;100000;1857;1;10035323286;S
20240404;100000;1857;6;10035323287;S
20240404;100000;1857;4;10035323288;S
20240404;100000;1857;1;10035323289;S
20240404;100000;1857;3;10035323290;S
20240404;100000;1856.6;4;10035323298;S
20240404;100000;1856.6;27;10035323299;S
20240404;100000;1856;1;10035323388;S
20240404;100000;1856;1;10035323389;S
20240404;100000;1856;10;10035323390;S
20240404;100000;1856;1;10035323391;S
20240404;100000;1857;145;10035323518;B
20240404;100001;1856.8;5;10035323608;S
20240404;100001;1857;17;10035323673;S
20240404;100001;1857;20;10035323674;S
20240404;100001;1856.8;65;10035323675;S
20240404;100001;1856.8;48;10035323676;S
20240404;100001;1856.6;47;10035323759;S
20240404;100001;1856.8;70;10035323869;B
20240404;100001;1856.8;17;10035323870;B
20240404;100001;1857.8;3;10035323887;B
20240404;100001;1857.8;1;10035323897;S
20240404;100001;1858.8;145;10035323968;B
20240404;100001;1859;5;10035323969;B
20240404;100001;1858.2;17;10035324114;S
20240404;100001;1858;23;10035324115;S
20240404;100001;1858;5;10035324128;S
20240404;100001;1858;62;10035324150;S
20240404;100002;1857.2;1;10035324806;S
20240404;100002;1858.6;1;10035324925;S
20240404;100002;1856.8;17;10035324978;S
20240404;100002;1856.8;4;10035324979;S
20240404;100004;1856.4;3;10035326211;S
20240404;100005;1856.6;4;10035326888;B
20240404;100005;1856.4;1;10035327095;S
20240404;100006;1856.6;1;10035327666;B
20240404;100006;1857;4;10035327667;B
20240404;100006;1856.6;1;10035328162;S
20240404;100006;1856.6;1;10035328167;S
20240404;100006;1857;1;10035328171;B
20240404;100006;1856.8;2;10035329001;S
20240404;100006;1856.8;4;10035329005;S
20240404;100007;1857;1;10035330265;B
20240404;100007;1857;1;10035330271;B
20240404;100007;1857;8;10035330364;S
20240404;100007;1857;4;10035331173;S
20240404;100008;1857;2;10035331491;S
20240404;100008;1858;1;10035331987;B
20240404;100008;1858.2;2;10035331988;B
20240404;100009;1857.6;1;10035332423;S
20240404;100009;1857.6;1;10035332444;S
20240404;100010;1858.8;1;10035332666;B
20240404;100010;1858.8;6;10035332667;B
20240404;100010;1857.8;5;10035332712;S
20240404;100010;1857.8;1;10035332729;S
20240404;100010;1858.8;13;10035332765;B
20240404;100010;1857.8;5;10035332875;S
20240404;100010;1859;2;10035332898;B
20240404;100010;1858.6;3;10035332955;B
20240404;100011;1858.6;4;10035332975;B
20240404;100011;1858.6;3;10035332994;B
20240404;100011;1858.6;7;10035333004;B
20240404;100011;1858.8;13;10035333005;B
20240404;100011;1859.4;8;10035333024;B
20240404;100011;1859.4;6;10035333033;B
20240404;100011;1859.4;6;10035333035;B
20240404;100011;1859.4;125;10035333076;B
20240404;100011;1859.6;11;10035333077;B
20240404;100011;1859.6;1;10035333122;B
20240404;100011;1858.8;1;10035333126;S
20240404;100011;1858.8;1;10035333169;S
20240404;100011;1860;3;10035333246;B
20240404;100011;1860;12;10035333247;B
20240404;100011;1859.8;14;10035333281;B
20240404;100011;1859.6;1;10035333337;S
20240404;100012;1859.8;14;10035333689;S
20240404;100012;1859.8;1;10035333701;S
20240404;100012;1859.8;9;10035333738;S
20240404;100012;1859.8;10;10035333753;S
20240404;100012;1859.8;10;10035333768;S
20240404;100013;1859.8;1;10035333876;S
20240404;100014;1859.8;1;10035334118;S
20240404;100015;1859.8;5;10035334249;S
20240404;100015;1859.8;11;10035334287;S
20240404;100015;1859.8;5;10035334311;S
20240404;100015;1859.8;11;10035334327;S
20240404;100015;1859.8;19;10035334328;S
20240404;100015;1859.8;19;10035334365;S
20240404;100015;1859.8;5;10035334371;S
20240404;100015;1859.8;11;10035334469;S
20240404;100015;1859.8;19;10035334499;S
20240404;100015;1859.8;19;10035334590;S
20240404;100015;1859.8;19;10035334591;S
20240404;100016;1859.8;11;10035334612;S
20240404;100016;1859.8;19;10035334637;S
20240404;100016;1859.8;178;10035334639;S
20240404;100016;1859.6;13;10035334640;S
20240404;100016;1857.8;1;10035334669;S
20240404;100016;1857.4;10;10035334670;S
20240404;100016;1857.8;5;10035334688;S
20240404;100016;1857.8;5;10035334706;S
20240404;100017;1857.4;5;10035335096;S
20240404;100017;1857.8;5;10035335152;S
20240404;100018;1857.8;4;10035335262;S
20240404;100018;1858;11;10035335399;S
20240404;100020;1857.8;17;10035336168;S
20240404;100020;1857.6;145;10035336169;S
20240404;100020;1857.4;5;10035336170;S
20240404;100020;1856.4;82;10035336171;S
20240404;100021;1855.8;20;10035336624;S
20240404;100022;1856;17;10035336723;B
20240404;100022;1856;8;10035336793;S
20240404;100022;1856;1;10035336794;S
20240404;100024;1856.2;2;10035337532;S
20240404;100028;1856.4;1;10035338512;B
20240404;100031;1856.4;5;10035339418;B
20240404;100031;1856.4;2;10035339462;B
20240404;100033;1856.2;22;10035339825;S
20240404;100033;1856;25;10035339826;S
20240404;100033;1856;53;10035339827;S
20240404;100033;1855.8;1;10035339930;S
20240404;100033;1855.6;1;10035339931;S
20240404;100041;1856.4;5;10035341773;B
20240404;100043;1856;10;10035342189;S
20240404;100043;1856.4;1;10035342234;B
20240404;100044;1856;1;10035342387;S
20240404;100044;1856.4;2;10035342458;B
20240404;100045;1856.4;10;10035342574;B
20240404;100047;1856.4;1;10035343118;B
20240404;100049;1856.4;50;10035343623;B
20240404;100050;1856;10;10035343777;S
20240404;100050;1856.4;2;10035343945;B
20240404;100051;1856;5;10035344077;S
20240404;100054;1856;130;10035344861;S
20240404;100054;1855.8;1;10035344862;S
20240404;100054;1855.4;17;10035344863;S
20240404;100054;1855.4;2;10035344864;S
20240404;100056;1856.2;5;10035345156;B
20240404;100058;1856.2;2;10035345678;B
20240404;100100;1856.2;1;10035346397;B
20240404;100100;1856.2;1;10035346454;B
20240404;100105;1856.4;1;10035347788;B
20240404;100108;1856.4;2;10035348577;B
20240404;100113;1856.2;1;10035349967;S
20240404;100113;1856.2;5;10035349968;S
20240404;100113;1856.2;1;10035349969;S
20240404;100113;1856.2;2;10035349970;S
20240404;100120;1856.4;1;10035351185;B
20240404;100124;1856.2;1;10035352120;S
20240404;100125;1856.4;30;10035352436;B
20240404;100129;1856.2;1;10035353525;S
20240404;100129;1856.4;1;10035353626;B
20240404;100130;1856.2;1;10035353763;S
20240404;100132;1856.4;5;10035354235;B
20240404;100133;1856.2;1;10035354537;S
20240404;100134;1856.4;6;10035354747;B
20240404;100136;1856.2;12;10035355224;S
20240404;100142;1856.4;1;10035356415;B
20240404;100145;1856.2;1;10035356964;S
20240404;100145;1856.2;7;10035356965;S
20240404;100145;1856.2;37;10035356966;S
20240404;100152;1856.2;10;10035358453;S
20240404;100154;1856.2;10;10035358936;S
20240404;100154;1856.4;4;10035359016;B
20240404;100156;1856.4;1;10035359421;B
20240404;100157;1856.2;1;10035359602;S
20240404;100158;1856.2;40;10035359696;S
20240404;100159;1856.2;21;10035359987;S
20240404;100200;1856.4;50;10035360181;B
20240404;100204;1856.2;46;10035360872;S
20240404;100206;1856.4;10;10035361362;B
20240404;100206;1856.4;7;10035361428;B
20240404;100207;1856.2;1;10035361674;S
20240404;100207;1856.4;1;10035361715;B
20240404;100208;1856.2;1;10035361813;S
20240404;100209;1856.2;10;10035362067;S
20240404;100213;1856.4;5;10035362782;B
20240404;100214;1856.2;12;10035363010;S
20240404;100217;1856.4;10;10035363653;B
20240404;100218;1856.4;37;10035363777;B
20240404;100218;1856.4;13;10035363778;B
20240404;100218;1856.4;1;10035363779;B
20240404;100218;1856.4;49;10035363780;B
20240404;100218;1856.2;55;10035363791;S
20240404;100218;1856.2;30;10035363792;S
20240404;100218;1856.2;3;10035363793;S
20240404;100218;1856;12;10035363794;S
20240404;100225;1856.4;5;10035365099;B
20240404;100225;1856.2;1;10035365105;S
20240404;100225;1856.2;4;10035365106;S
20240404;100225;1856;2;10035365107;S
20240404;100227;1856.2;2;10035365446;S
20240404;100227;1856;1;10035365447;S
20240404;100228;1856.4;1;10035365533;B
20240404;100234;1856.2;1;10035367354;S
20240404;100234;1856;4;10035367355;S
20240404;100235;1856.4;1;10035367639;B
20240404;100238;1856.4;1;10035368234;B
20240404;100240;1856.4;1;10035368677;B
20240404;100241;1856.4;1;10035368991;B
20240404;100248;1856.2;3;10035370473;B
20240404;100248;1856.2;10;10035370577;B
20240404;100255;1856.2;1;10035371972;B
20240404;100255;1856.2;1;10035372076;B
20240404;100255;1856;11;10035372137;S
20240404;100255;1856;6;10035372138;S
20240404;100255;1856;3;10035372139;S
20240404;100255;1856;10;10035372140;S
20240404;100255;1855.8;27;10035372141;S
20240404;100255;1855.6;30;10035372142;S
20240404;100255;1855.6;2;10035372143;S
20240404;100255;1855.6;1;10035372144;S
20240404;100255;1855.4;9;10035372145;S
20240404;100255;1855.4;32;10035372146;S
20240404;100255;1855.4;13;10035372147;S
20240404;100255;1855.2;10;10035372148;S
20240404;100255;1855.2;10;10035372149;S
20240404;100255;1855.2;6;10035372150;S
20240404;100255;1855.2;5;10035372151;S
20240404;100255;1855.2;1;10035372152;S
20240404;100255;1855.2;65;10035372153;S
20240404;100255;1855.2;97;10035372154;S
20240404;100255;1855.2;145;10035372155;S
20240404;100255;1855;1;10035372156;S
20240404;100255;1855;3;10035372157;S
20240404;100255;1855;10;10035372158;S
20240404;100255;1855;1;10035372159;S
20240404;100255;1855;1;10035372160;S
20240404;100255;1855;11;10035372161;S
20240404;100255;1855;1;10035372162;S
20240404;100255;1855;1;10035372163;S
20240404;100255;1855;1;10035372164;S
20240404;100255;1855;10;10035372165;S
20240404;100255;1855;10;10035372166;S
20240404;100255;1855;5;10035372167;S
20240404;100255;1855.2;5;10035372188;S
20240404;100256;1855.2;2;10035372289;S
20240404;100256;1855.2;11;10035372308;S
20240404;100257;1855.4;1;10035372552;B
20240404;100258;1855.2;2;10035372702;S
20240404;100300;1855.4;2;10035373344;B
20240404;100300;1855.4;8;10035373345;B
20240404;100301;1855.4;14;10035373492;B
20240404;100301;1855.8;27;10035373493;B
20240404;100301;1856;17;10035373494;B
20240404;100301;1856;13;10035373495;B
20240404;100301;1856;29;10035373496;B
20240404;100309;1856;11;10035375277;B
20240404;100309;1856;13;10035375278;B
20240404;100314;1856;1;10035376500;B
20240404;100314;1856.2;4;10035376531;B
20240404;100319;1856.2;4;10035377658;B
20240404;100324;1856.2;1;10035378640;B
20240404;100328;1856;30;10035379342;S
20240404;100328;1856;35;10035379343;S
20240404;100328;1856;25;10035379344;S
20240404;100328;1855.4;17;10035379345;S
20240404;100328;1855.4;1;10035379346;S
20240404;100329;1855.4;12;10035379697;B
20240404;100329;1855.2;2;10035379712;S
20240404;100332;1855.2;6;10035380306;S
20240404;100332;1855.4;3;10035380401;B
20240404;100338;1855.2;1;10035381501;S
20240404;100338;1855.4;5;10035381526;B
20240404;100341;1855.4;10;10035382083;B
20240404;100353;1855.4;3;10035384563;B
20240404;100356;1855.2;36;10035385474;S
20240404;100356;1855.2;10;10035385475;S
20240404;100356;1855.2;1;10035385476;S
20240404;100356;1855.2;13;10035385477;S
20240404;100357;1855.4;8;10035385728;B
20240404;100357;1855.2;1;10035385887;S
20240404;100358;1855.4;1;10035385929;B
20240404;100359;1855.4;107;10035386308;B
20240404;100359;1855.4;25;10035386330;B
20240404;100359;1855.4;3;10035386334;B
20240404;100401;1855.4;15;10035386821;B
20240404;100401;1855.6;2;10035386822;B
20240404;100401;1855.8;3;10035386823;B
20240404;100405;1855.8;6;10035387784;B
20240404;100406;1855.8;1;10035387964;B
20240404;100408;1855.8;3;10035388199;B
20240404;100410;1855.6;25;10035388669;S
20240404;100410;1855.6;44;10035388670;S
20240404;100420;1855.8;1;10035391172;B
20240404;100423;1855.6;50;10035391865;S
20240404;100423;1855.6;5;10035391866;S
20240404;100424;1855.4;3;10035392164;S
20240404;100425;1855.4;1;10035392263;S
20240404;100425;1855.4;1;10035392264;S
20240404;100425;1855.6;2;10035392375;B
20240404;100425;1855.4;5;10035392471;S
20240404;100425;1855.4;24;10035392472;S
20240404;100425;1855.2;20;10035392473;S
20240404;100427;1855.4;1;10035392935;B
20240404;100428;1855.4;1;10035393190;B
20240404;100428;1855.2;1;10035393219;S
20240404;100433;1855.2;10;10035394189;S
20240404;100434;1855.2;5;10035394415;S
20240404;100434;1855.2;1;10035394416;S
20240404;100434;1855.2;1;10035394417;S
20240404;100434;1855.2;1;10035394418;S
20240404;100434;1855.2;1;10035394419;S
20240404;100434;1855.2;46;10035394420;S
20240404;100434;1855.4;2;10035394499;B
20240404;100440;1855.2;1;10035395756;S
20240404;100442;1855.2;10;10035396326;S
20240404;100444;1855.2;1;10035396619;S
20240404;100447;1855.4;2;10035397133;B
20240404;100447;1855.2;1;10035397242;S
20240404;100448;1855.4;5;10035397388;B
20240404;100448;1855.2;20;10035397389;S
20240404;100448;1855.2;18;10035397417;S
20240404;100448;1855.4;36;10035397468;B
20240404;100448;1855.2;2;10035397496;S
20240404;100451;1855.2;1;10035398100;S
20240404;100453;1855.4;50;10035398400;B
20240404;100454;1855.2;2;10035398563;S
20240404;100456;1855.4;6;10035399081;B
20240404;100500;1855.4;1;10035399728;B
20240404;100500;1855.2;1;10035399762;S
20240404;100502;1855.4;5;10035400345;B
20240404;100502;1855.2;10;10035400532;S
20240404;100502;1855.2;9;10035400569;S
20240404;100502;1855.2;10;10035400616;S
20240404;100502;1855.2;14;10035400646;S
20240404;100505;1855.4;2;10035401121;B
20240404;100506;1855.2;3;10035401573;S
20240404;100508;1855.4;12;10035401916;B
20240404;100509;1855.4;5;10035402335;B
20240404;100511;1855.4;1;10035402744;B
20240404;100511;1855.2;3;10035402852;S
20240404;100514;1855.4;3;10035403512;B
20240404;100515;1855.2;1;10035403748;S
20240404;100515;1855.4;4;10035403939;B
20240404;100516;1855.4;1;10035404018;B
20240404;100516;1855.4;18;10035404019;B
20240404;100516;1855.2;1;10035404025;S
20240404;100516;1855.4;3;10035404085;B
20240404;100516;1855.2;20;10035404090;S
20240404;100516;1855.2;9;10035404100;S
20240404;100517;1855.4;24;10035404453;B
20240404;100517;1855.4;7;10035404454;B
20240404;100528;1855.8;3;10035406809;B
20240404;100528;1855.8;2;10035406810;B
20240404;100529;1855.6;15;10035407216;S
20240404;100535;1856;50;10035408704;B
20240404;100545;1856;1;10035410613;B
20240404;100545;1856;3;10035410614;B
20240404;100553;1856;2;10035412013;S
20240404;100555;1856;1;10035412343;S
20240404;100555;1856;1;10035412344;S
20240404;100558;1856;4;10035412987;S
20240404;100558;1856;1;10035412988;S
20240404;100558;1856;10;10035412989;S
20240404;100558;1856;15;10035412990;S
20240404;100558;1856;10;10035412991;S
20240404;100559;1855.6;1;10035413283;S
20240404;100603;1855.6;25;10035414064;S
20240404;100609;1855.6;1;10035415071;B
20240404;100609;1855.6;1;10035415148;B
20240404;100610;1855.6;25;10035415305;B
20240404;100610;1855.4;3;10035415310;S
20240404;100611;1855.6;1;10035415583;B
20240404;100615;1855.4;4;10035416630;S
20240404;100618;1855.6;1;10035417339;B
20240404;100618;1855.6;1;10035417340;B
20240404;100618;1855.6;1;10035417341;B
20240404;100618;1855.4;1;10035417400;S
20240404;100620;1855.6;1;10035417758;B
20240404;100620;1855.4;4;10035417788;S
20240404;100624;1855.6;11;10035418592;B
20240404;100628;1855.4;15;10035419383;S
20240404;100630;1855.4;23;10035419951;S
20240404;100630;1855.4;10;10035419952;S
20240404;100630;1855.4;1;10035419953;S
20240404;100630;1855.4;25;10035419954;S
20240404;100630;1855.4;1;10035419955;S
20240404;100635;1855.4;2;10035421145;B
20240404;100636;1855.4;5;10035421416;B
20240404;100636;1855.2;20;10035421452;S
20240404;100636;1855.2;5;10035421453;S
20240404;100636;1855.2;1;10035421454;S
20240404;100636;1855.2;1;10035421455;S
20240404;100636;1855.2;5;10035421456;S
20240404;100636;1855.2;5;10035421457;S
20240404;100636;1855.2;17;10035421458;S
20240404;100636;1855.2;1;10035421459;S
20240404;100636;1855.2;65;10035421460;S
20240404;100636;1855.2;1;10035421461;S
20240404;100636;1855.2;25;10035421462;S
20240404;100636;1855;15;10035421463;S
20240404;100636;1855;5;10035421464;S
20240404;100636;1855;20;10035421465;S
20240404;100636;1855;20;10035421466;S
20240404;100636;1855;1;10035421467;S
20240404;100636;1855;20;10035421468;S
20240404;100636;1855;1;10035421469;S
20240404;100636;1855;411;10035421470;S
20240404;100636;1855;318;10035421471;S
20240404;100636;1855;80;10035421472;S
20240404;100636;1855;1;10035421473;S
20240404;100636;1855;3;10035421474;S
20240404;100636;1855;1;10035421475;S
20240404;100636;1855;9;10035421476;S
20240404;100636;1855;27;10035421477;S
20240404;100636;1855;2;10035421478;S
20240404;100636;1855;3;10035421479;S
20240404;100636;1855;1;10035421480;S
20240404;100636;1855;30;10035421481;S
20240404;100636;1855;2;10035421482;S
20240404;100636;1855;1;10035421483;S
20240404;100636;1855;1;10035421484;S
20240404;100636;1855;5;10035421485;S
20240404;100636;1855;13;10035421486;S
20240404;100636;1855;80;10035421487;S
20240404;100636;1855;10;10035421488;S
20240404;100636;1855;1;10035421489;S
20240404;100636;1855;25;10035421490;S
20240404;100636;1855;1;10035421491;S
20240404;100636;1855;1;10035421492;S
20240404;100636;1855;1;10035421493;S
20240404;100636;1855;1;10035421494;S
20240404;100636;1855;3;10035421495;S
20240404;100636;1855;3;10035421496;S
20240404;100636;1855;1;10035421497;S
20240404;100636;1855;7;10035421498;S
20240404;100636;1855;6;10035421577;S
20240404;100636;1855;4;10035421578;S
20240404;100637;1854.8;1;10035421764;S
20240404;100637;1854.8;1;10035421765;S
20240404;100637;1854.6;1;10035421766;S
20240404;100637;1854.6;1;10035421767;S
20240404;100637;1854.6;63;10035421768;S
20240404;100637;1854.4;10;10035421770;S
20240404;100637;1854.4;23;10035421835;B
20240404;100637;1854.4;7;10035421836;B
20240404;100638;1854.2;10;10035422042;S
20240404;100640;1854;1;10035422635;S
20240404;100640;1854;1;10035422636;S
20240404;100640;1854;1;10035422637;S
20240404;100640;1854;1;10035422638;S
20240404;100640;1854;70;10035422639;S
20240404;100640;1854;2;10035422640;S
20240404;100640;1854;21;10035422641;S
20240404;100640;1854;29;10035422642;S
20240404;100640;1854;1;10035422643;S
20240404;100640;1854;1;10035422644;S
20240404;100640;1854;2;10035422645;S
20240404;100640;1854;5;10035422646;S
20240404;100640;1854;1;10035422647;S
20240404;100640;1854;1;10035422648;S
20240404;100640;1854;200;10035422649;S
20240404;100640;1854;3;10035422650;S
20240404;100640;1854;5;10035422651;S
20240404;100640;1854;1;10035422652;S
20240404;100640;1853.8;1;10035422878;S
20240404;100640;1853.8;1;10035422879;S
20240404;100640;1853.8;2;10035422880;S
20240404;100640;1853.8;2;10035422881;S
20240404;100640;1853.8;1;10035422911;B
20240404;100641;1854;2;10035422987;B
20240404;100641;1853.6;10;10035423136;S
20240404;100641;1853.8;10;10035423319;B
20240404;100641;1853.8;17;10035423320;B
20240404;100641;1853.6;5;10035423413;S
20240404;100641;1853.8;1;10035423444;B
20240404;100641;1853.8;83;10035423473;B
20240404;100642;1853.8;2;10035423584;B
20240404;100642;1853.8;50;10035423585;B
20240404;100642;1853.6;1;10035423744;S
20240404;100642;1853.6;5;10035423745;S
20240404;100642;1853.8;8;10035423831;B
20240404;100642;1853.8;4;10035423832;B
20240404;100642;1853.8;33;10035423925;S
20240404;100642;1853.8;32;10035423926;S
20240404;100646;1853.6;102;10035425028;S
20240404;100646;1853.6;10;10035425029;S
20240404;100646;1853.6;600;10035425030;S
20240404;100646;1853.4;1;10035425031;S
20240404;100646;1853.4;100;10035425032;S
20240404;100646;1853.4;1;10035425033;S
20240404;100646;1853.4;10;10035425034;S
20240404;100646;1853.4;5;10035425035;S
20240404;100647;1853.2;24;10035425109;B
20240404;100647;1853.2;26;10035425110;B
20240404;100647;1853.2;10;10035425342;B
20240404;100648;1853.2;1;10035425447;B
20240404;100649;1853;4;10035425788;S
20240404;100649;1853;1;10035425789;S
20240404;100649;1853;5;10035425790;S
20240404;100649;1853;6;10035425791;S
20240404;100649;1853;11;10035425845;S
20240404;100649;1853.2;1;10035425852;B
20240404;100649;1853;33;10035425917;S
20240404;100649;1853;1;10035425918;S
20240404;100649;1853;1;10035425919;S
20240404;100649;1853;1;10035425920;S
20240404;100649;1853;10;10035425921;S
20240404;100649;1853;2;10035425922;S
20240404;100649;1853;5;10035425923;S
20240404;100649;1853;3;10035425924;S
20240404;100649;1853;1;10035425925;S
20240404;100649;1853;30;10035425926;S
20240404;100649;1853;2;10035425933;B
20240404;100649;1853;20;10035425941;B
20240404;100649;1853;91;10035425952;B
20240404;100649;1853;24;10035425953;B
20240404;100649;1853;34;10035425954;B
20240404;100649;1853;26;10035425956;B
20240404;100649;1853;100;10035425967;S
20240404;100650;1853.4;1;10035426218;B
20240404;100650;1853;74;10035426219;S
20240404;100650;1853;10;10035426220;S
20240404;100650;1853;10;10035426221;S
20240404;100650;1852.8;1;10035426222;S
20240404;100650;1852.8;65;10035426223;S
20240404;100651;1853.4;5;10035426325;B
20240404;100652;1852.8;2;10035426658;S
20240404;100655;1853;1;10035427245;B
20240404;100655;1852.8;18;10035427301;S
20240404;100659;1853;10;10035427900;B
20240404;100659;1852.8;17;10035428032;S
20240404;100701;1852.8;100;10035428329;S
20240404;100701;1852.8;4;10035428373;S
20240404;100703;1853;1;10035428816;B
20240404;100704;1853;1;10035429168;B
20240404;100705;1853;1;10035429326;B
20240404;100706;1852.8;105;10035429564;S
20240404;100707;1852.8;89;10035429798;S
20240404;100707;1852.8;1;10035429799;S
20240404;100707;1852.8;1;10035429800;S
20240404;100707;1852.8;5;10035429801;S
20240404;100707;1852.8;1;10035429802;S
20240404;100707;1852.8;5;10035429803;S
20240404;100707;1852.8;3;10035429804;S
20240404;100707;1852.8;500;10035429805;S
20240404;100707;1852.8;1;10035429806;S
20240404;100707;1852.6;1;10035429876;S
20240404;100707;1852.6;2;10035429877;S
20240404;100707;1852.4;1;10035429878;S
20240404;100707;1852.4;1;10035429881;S
20240404;100707;1852.4;1;10035429882;S
20240404;100708;1852.6;1;10035430108;B
20240404;100708;1852.6;1;10035430226;B
20240404;100710;1852.6;5;10035430696;B
20240404;100710;1852.6;45;10035430697;B
20240404;100710;1852.6;10;10035430770;B
20240404;100712;1852.4;5;10035431063;S
20240404;100712;1852.4;1;10035431064;S
20240404;100712;1852.4;9;10035431065;S
20240404;100712;1852.6;2;10035431141;B
20240404;100713;1852.6;3;10035431233;B
20240404;100714;1852.4;1;10035431484;S
20240404;100714;1852.4;99;10035431485;S
20240404;100715;1852.4;2;10035431495;S
20240404;100719;1852.4;2;10035432400;S
20240404;100720;1852.4;12;10035432505;S
20240404;100720;1852.6;1;10035432581;B
20240404;100725;1852.4;1;10035433374;S
20240404;100726;1852.6;1;10035433567;B
20240404;100727;1852.6;5;10035433831;B
20240404;100728;1852.6;9;10035433910;B
20240404;100730;1852.6;1;10035434398;B
20240404;100732;1852.6;10;10035434696;B
20240404;100733;1852.4;84;10035434750;S
20240404;100733;1852.4;1;10035434751;S
20240404;100733;1852.4;1;10035434752;S
20240404;100733;1852.4;1;10035434753;S
20240404;100733;1852.4;1;10035434754;S
20240404;100733;1852.2;1;10035434755;S
20240404;100733;1852.2;1;10035434756;S
20240404;100733;1852.2;1;10035434757;S
20240404;100733;1852.2;3;10035434758;S
20240404;100733;1852.2;10;10035434759;S
20240404;100733;1852.2;2;10035434760;S
20240404;100733;1852.2;30;10035434761;S
20240404;100733;1852.2;6;10035434762;S
20240404;100733;1852.2;1;10035434763;S
20240404;100733;1852;4;10035434764;S
20240404;100733;1852;58;10035434765;S
20240404;100733;1852;2;10035434766;S
20240404;100733;1852;5;10035434767;S
20240404;100733;1852;1;10035434768;S
20240404;100733;1852;1;10035434769;S
20240404;100733;1852;124;10035434770;S
20240404;100733;1852;20;10035434771;S
20240404;100733;1852;17;10035434772;S
20240404;100733;1852;26;10035434773;S
20240404;100733;1852;2;10035434774;S
20240404;100733;1851.8;30;10035434775;S
20240404;100733;1851.8;1;10035434776;S
20240404;100733;1851.8;55;10035434777;S
20240404;100733;1851.6;1;10035434778;S
20240404;100733;1851.6;1;10035434779;S
20240404;100733;1851.6;1;10035434780;S
20240404;100733;1851.6;2;10035434781;S
20240404;100733;1851.6;2;10035434782;S
20240404;100733;1851.6;6;10035434783;S
20240404;100733;1851.6;7;10035434784;S
20240404;100733;1851.4;2;10035434785;S
20240404;100733;1851.4;2;10035434786;S
20240404;100733;1851.4;2;10035434787;S
20240404;100733;1851.4;1;10035434788;S
20240404;100733;1851.4;145;10035434789;S
20240404;100733;1851.2;1;10035434790;S
20240404;100733;1851.2;1;10035434791;S
20240404;100733;1851.2;200;10035434792;S
20240404;100733;1851.2;2;10035434793;S
20240404;100733;1851.2;10;10035434794;S
20240404;100733;1851.2;50;10035434795;S
20240404;100733;1851.2;1;10035434796;S
20240404;100733;1851.2;1;10035434797;S
20240404;100733;1851;10;10035434798;S
20240404;100733;1851;1;10035434799;S
20240404;100733;1851;2;10035434800;S
20240404;100733;1851;1;10035434801;S
20240404;100733;1851;20;10035434802;S
20240404;100733;1851;2;10035434803;S
20240404;100733;1851;20;10035434804;S
20240404;100733;1851;1;10035434805;S
20240404;100733;1851;108;10035434806;S
20240404;100733;1851;1;10035434807;S
20240404;100733;1851;1;10035434808;S
20240404;100733;1851;2;10035434809;S
20240404;100733;1851;1;10035434810;S
20240404;100733;1851;20;10035434811;S
20240404;100733;1851;1;10035434812;S
20240404;100733;1850.8;3;10035434813;S
20240404;100733;1850.8;1;10035434814;S
20240404;100733;1850.8;55;10035434815;S
20240404;100733;1850.8;1;10035434816;S
20240404;100733;1850.6;1;10035434817;S
20240404;100733;1850.6;2;10035434818;S
20240404;100733;1850.6;25;10035434819;S
20240404;100733;1850.6;65;10035434820;S
20240404;100733;1850.6;200;10035434821;S
20240404;100733;1850.4;2;10035434822;S
20240404;100733;1850.4;1;10035434823;S
20240404;100733;1850.4;161;10035434824;S
20240404;100733;1851.2;20;10035434884;B
20240404;100733;1850.6;7;10035434908;S
20240404;100733;1850.2;1;10035434910;S
20240404;100733;1850.2;1;10035434911;S
20240404;100733;1850.2;1;10035434912;S
20240404;100733;1850.2;2;10035434913;S
20240404;100733;1850.2;2;10035434914;S
20240404;100733;1851;10;10035434928;S
20240404;100733;1850.2;1;10035434929;S
20240404;100733;1850.2;5;10035434930;S
20240404;100733;1850.2;4;10035434931;S
20240404;100733;1850.2;1;10035434932;S
20240404;100733;1850.2;19;10035434933;S
20240404;100733;1850.2;20;10035434934;S
20240404;100733;1850.2;13;10035434938;S
20240404;100733;1850.2;8;10035434941;S
20240404;100733;1850.2;6;10035434946;S
20240404;100733;1850.2;1;10035435028;S
20240404;100733;1850.2;33;10035435038;S
20240404;100733;1850.2;126;10035435039;S
20240404;100733;1850.2;4;10035435040;S
20240404;100733;1850.2;1;10035435041;S
20240404;100733;1850.2;1;10035435042;S
20240404;100733;1850.2;145;10035435043;S
20240404;100733;1850.2;90;10035435044;S
20240404;100733;1851;1;10035435048;B
20240404;100734;1850.2;89;10035435053;S
20240404;100734;1850;7;10035435054;S
20240404;100734;1850;1;10035435055;S
20240404;100734;1850;1;10035435056;S
20240404;100734;1850;1;10035435057;S
20240404;100734;1850;12;10035435058;S
20240404;100734;1850;3;10035435059;S
20240404;100734;1850;3;10035435060;S
20240404;100734;1850;1;10035435061;S
20240404;100734;1850;10;10035435062;S
20240404;100734;1850;2;10035435063;S
20240404;100734;1850;1;10035435064;S
20240404;100734;1850;1;10035435065;S
20240404;100734;1850;3;10035435066;S
20240404;100734;1850;10;10035435067;S
20240404;100734;1850;3;10035435068;S
20240404;100734;1850;1;10035435069;S
20240404;100734;1850.2;17;10035435070;S
20240404;100734;1850;5;10035435071;S
20240404;100734;1850;20;10035435072;S
20240404;100734;1850;3;10035435073;S
20240404;100734;1851;6;10035435074;B
20240404;100734;1850.2;70;10035435076;S
20240404;100734;1851;1;10035435077;B
20240404;100734;1850;39;10035435090;S
20240404;100734;1850;5;10035435091;S
20240404;100734;1850;150;10035435092;S
20240404;100734;1850;8;10035435093;S
20240404;100734;1851;1;10035435098;B
20240404;100734;1850.2;1;10035435099;S
20240404;100734;1851;1;10035435104;B
20240404;100734;1851;151;10035435105;B
20240404;100734;1851;13;10035435106;B
20240404;100734;1851;36;10035435107;B
20240404;100734;1850.2;9;10035435108;S
20240404;100734;1850;13;10035435109;S
20240404;100734;1851;1;10035435110;B
20240404;100734;1851;1;10035435132;B
20240404;100734;1850.6;65;10035435133;S
20240404;100734;1851;10;10035435135;B
20240404;100734;1850.6;60;10035435151;S
20240404;100734;1851;10;10035435152;B
20240404;100734;1850.6;20;10035435158;S
20240404;100734;1850.6;1;10035435159;S
20240404;100734;1850.6;54;10035435160;S
20240404;100734;1850.4;200;10035435161;S
20240404;100734;1850.4;1;10035435162;S
20240404;100734;1850;6;10035435163;S
20240404;100734;1850;138;10035435164;S
20240404;100734;1850;100;10035435165;S
20240404;100734;1850;5;10035435166;S
20240404;100734;1850;2;10035435167;S
20240404;100734;1850;13;10035435168;S
20240404;100734;1850;10;10035435169;S
20240404;100734;1850;2;10035435170;S
20240404;100734;1850;10;10035435171;S
20240404;100734;1850;2;10035435172;S
20240404;100734;1850;6;10035435173;S
20240404;100734;1850;1;10035435174;S
20240404;100734;1850;10;10035435175;S
20240404;100734;1850;2;10035435176;S
20240404;100734;1850;30;10035435177;S
20240404;100734;1850;1;10035435178;S
20240404;100734;1850;3;10035435179;S
20240404;100734;1850;10;10035435180;S
20240404;100734;1850;10;10035435181;S
20240404;100734;1850;30;10035435182;S
20240404;100734;1850;1;10035435183;S
20240404;100734;1850;2;10035435184;S
20240404;100734;1850;1;10035435185;S
20240404;100734;1850;4;10035435186;S
20240404;100734;1850;4;10035435187;S
20240404;100734;1850;1;10035435188;S
20240404;100734;1850;1;10035435189;S
20240404;100734;1850;1;10035435190;S
20240404;100734;1850;339;10035435191;S
20240404;100734;1850;50;10035435192;S
20240404;100734;1850;5;10035435193;S
20240404;100734;1851;1;10035435200;B
20240404;100734;1850;1;10035435201;S
20240404;100734;1850;15;10035435205;S
20240404;100734;1850;3;10035435297;S
20240404;100734;1850;10;10035435298;S
20240404;100734;1850.4;5;10035435300;B
20240404;100734;1850.6;5;10035435301;B
20240404;100735;1850;2;10035435305;S
20240404;100735;1850;14;10035435307;S
20240404;100735;1850;7;10035435308;S
20240404;100735;1850.6;1;10035435309;B
20240404;100735;1850.6;1;10035435310;B
20240404;100735;1850;30;10035435311;S
20240404;100735;1850;5;10035435312;S
20240404;100735;1850.6;1;10035435313;B
20240404;100735;1850.6;5;10035435315;B
20240404;100735;1850.2;2;10035435316;S
20240404;100735;1850;18;10035435317;S
20240404;100735;1850;100;10035435318;S
20240404;100735;1850;50;10035435392;S
20240404;100735;1850;2;10035435438;S
20240404;100736;1850.2;2;10035435698;S
20240404;100736;1850.2;3;10035435699;S
20240404;100738;1850.6;2;10035436074;B
20240404;100738;1850.6;1;10035436194;B
20240404;100740;1850.6;2;10035436431;B
20240404;100740;1850.8;29;10035436432;B
20240404;100740;1851;1;10035436433;B
20240404;100740;1851;18;10035436434;B
20240404;100740;1850.8;16;10035436470;B
20240404;100740;1850.8;4;10035436471;B
20240404;100741;1850.8;9;10035436711;B
20240404;100741;1851;33;10035436712;B
20240404;100741;1851.2;8;10035436713;B
20240404;100745;1850.4;18;10035437267;S
20240404;100745;1850.4;6;10035437268;S
20240404;100747;1851;1;10035437477;B
20240404;100748;1851;1;10035437678;B
20240404;100751;1850.4;1;10035438538;S
20240404;100751;1850.4;2;10035438539;S
20240404;100753;1850.4;1;10035438791;S
20240404;100753;1850.2;65;10035438792;S
20240404;100753;1850.2;30;10035438793;S
20240404;100753;1850.2;1;10035438794;S
20240404;100753;1850.2;1;10035438795;S
20240404;100753;1850.2;18;10035438796;S
20240404;100753;1850.2;1;10035438797;S
20240404;100753;1850.2;81;10035438798;S
20240404;100753;1850.2;1;10035438799;S
20240404;100753;1850;349;10035438800;S
20240404;100753;1850;5;10035438801;S
20240404;100753;1850;1;10035438802;S
20240404;100753;1850;1;10035438803;S
20240404;100753;1850;1;10035438804;S
20240404;100753;1850;2;10035438805;S
20240404;100753;1850;100;10035438806;S
20240404;100753;1850;2;10035438807;S
20240404;100753;1850;3;10035438808;S
20240404;100753;1850;1;10035438809;S
20240404;100753;1850;2;10035438810;S
20240404;100753;1850;3;10035438811;S
20240404;100753;1850;1;10035438812;S
20240404;100753;1850;1;10035438813;S
20240404;100753;1850;1;10035438814;S
20240404;100753;1850;1000;10035438815;S
20240404;100753;1850;1;10035438816;S
20240404;100753;1850;1;10035438817;S
20240404;100753;1850;1;10035438818;S
20240404;100753;1850;5;10035438819;S
20240404;100753;1850;59;10035438820;S
20240404;100753;1850;3;10035438821;S
20240404;100753;1850;1;10035438822;S
20240404;100753;1850;10;10035438823;S
20240404;100753;1850;10;10035438824;S
20240404;100753;1850;5;10035438825;S
20240404;100753;1850;3;10035438826;S
20240404;100753;1850;100;10035438827;S
20240404;100753;1850;50;10035438828;S
20240404;100753;1850;10;10035438829;S
20240404;100753;1850;1;10035438830;S
20240404;100753;1850;2;10035438831;S
20240404;100753;1850;2;10035438832;S
20240404;100753;1850;1;10035438833;S
20240404;100753;1850;13;10035438834;S
20240404;100753;1850;6;10035438835;S
20240404;100753;1850;10;10035438836;S
20240404;100753;1850;2;10035438837;S
20240404;100753;1850;5;10035438838;S
20240404;100753;1850;1;10035438839;S
20240404;100753;1850;5;10035438840;S
20240404;100753;1850;1;10035438841;S
20240404;100753;1850;1;10035438842;S
20240404;100753;1850;2;10035438843;S
20240404;100753;1850;1;10035438844;S
20240404;100753;1850;5;10035438845;S
20240404;100753;1850;1;10035438846;S
20240404;100753;1850;1;10035438847;S
20240404;100753;1850;1;10035438848;S
20240404;100753;1850;10;10035438849;S
20240404;100753;1850;1;10035438850;S
20240404;100753;1850;1;10035438851;S
20240404;100753;1850;3;10035438852;S
20240404;100753;1850;1;10035438853;S
20240404;100753;1850;1;10035438854;S
20240404;100753;1850;3;10035438855;S
20240404;100753;1850;1;10035438856;S
20240404;100753;1850;3;10035438857;S
20240404;100753;1850;1;10035438858;S
20240404;100753;1850;10;10035438859;S
20240404;100753;1850;1;10035438860;S
20240404;100753;1850;1;10035438861;S
20240404;100753;1850;1;10035438862;S
20240404;100753;1850;1;10035438863;S
20240404;100753;1850;1;10035438864;S
20240404;100753;1850;260;10035438865;S
20240404;100753;1850;1;10035438866;S
20240404;100753;1850;550;10035438867;S
20240404;100753;1850;60;10035438868;S
20240404;100753;1850;24;10035438869;S
20240404;100753;1850;1;10035438870;S
20240404;100753;1850;29;10035438871;S
20240404;100753;1850;1;10035438916;B
20240404;100754;1849.8;5;10035439172;S
20240404;100754;1849.8;5;10035439173;S
20240404;100754;1849.6;1;10035439174;S
20240404;100754;1849.6;2;10035439175;S
20240404;100754;1849.6;1;10035439176;S
20240404;100754;1849.6;10;10035439177;S
20240404;100754;1849.6;40;10035439178;S
20240404;100754;1849.6;36;10035439179;S
20240404;100754;1849.4;5;10035439210;S
20240404;100754;1849.4;5;10035439240;S
20240404;100754;1849.4;5;10035439241;S
20240404;100754;1849.2;1;10035439242;S
20240404;100754;1849.2;1;10035439243;S
20240404;100754;1849.2;2;10035439244;S
20240404;100754;1849.2;36;10035439245;S
20240404;100754;1849.8;1;10035439336;B
20240404;100754;1849.2;65;10035439577;S
20240404;100754;1849;1;10035439578;S
20240404;100754;1849;1;10035439579;S
20240404;100754;1849;83;10035439580;S
20240404;100754;1849;150;10035439619;S
20240404;100754;1849;1;10035439652;S
20240404;100754;1849;6;10035439653;S
20240404;100754;1849;60;10035439654;S
20240404;100754;1849;1;10035439655;S
20240404;100754;1849;2;10035439656;S
20240404;100754;1849;20;10035439657;S
20240404;100754;1849;20;10035439658;S
20240404;100754;1849;1;10035439659;S
20240404;100754;1848.8;10;10035439660;S
20240404;100754;1848.8;10;10035439661;S
20240404;100754;1848.8;1;10035439662;S
20240404;100754;1848.8;25;10035439663;S
20240404;100754;1849.8;1;10035439678;B
20240404;100754;1849.6;5;10035439702;S
20240404;100754;1849.2;2;10035439706;S
20240404;100754;1848.8;99;10035439707;S
20240404;100754;1848.6;6;10035439708;S
20240404;100754;1848.6;1;10035439709;S
20240404;100754;1848.6;27;10035439710;S
20240404;100754;1848.6;2;10035439711;S
20240404;100754;1848.6;13;10035439712;S
20240404;100755;1849.4;1;10035439725;B
20240404;100755;1849.4;1;10035439742;B
20240404;100755;1849;2;10035439745;S
20240404;100755;1848.6;37;10035439746;S
20240404;100755;1848.6;29;10035439747;S
20240404;100755;1849.4;15;10035439748;B
20240404;100755;1849;1;10035439759;S
20240404;100755;1849;5;10035439849;S
20240404;100755;1849;30;10035439850;S
20240404;100755;1848.8;28;10035439851;S
20240404;100755;1848.6;52;10035439852;S
20240404;100755;1849.4;1;10035439953;B
20240404;100755;1849.6;2;10035439954;B
20240404;100755;1849;1;10035439964;S
20240404;100755;1849.6;7;10035439967;B
20240404;100757;1849.6;2;10035440429;B
20240404;100759;1849.6;1;10035440969;B
20240404;100759;1849.2;46;10035441010;S
20240404;100759;1849;44;10035441011;S
20240404;100759;1849.6;1;10035441079;B
20240404;100800;1849;5;10035441191;S
20240404;100802;1849;10;10035441696;S
20240404;100802;1849;14;10035441719;S
20240404;100803;1849;50;10035441845;S
20240404;100804;1849;5;10035442186;S
20240404;100805;1849;2;10035442325;S
20240404;100806;1849.4;17;10035442491;B
20240404;100806;1849.4;1;10035442648;B
20240404;100807;1849.4;2;10035442832;B
20240404;100808;1849;39;10035442943;S
20240404;100808;1849;3;10035442944;S
20240404;100808;1849;20;10035442945;S
20240404;100808;1849;1;10035442946;S
20240404;100808;1849;28;10035442947;S
20240404;100808;1848.8;18;10035442948;S
20240404;100808;1848.8;1;10035442949;S
20240404;100808;1848.6;2;10035442950;S
20240404;100808;1848.6;600;10035442951;S
20240404;100808;1848.6;250;10035442952;S
20240404;100808;1848.4;1;10035442953;S
20240404;100808;1848.4;2;10035442954;S
20240404;100808;1848.4;2;10035442955;S
20240404;100808;1848.4;300;10035442956;S
20240404;100808;1848.2;1;10035442957;S
20240404;100808;1848.2;2;10035442958;S
20240404;100808;1848.2;2;10035442959;S
20240404;100808;1848.2;1;10035442960;S
20240404;100808;1848;8;10035442961;S
20240404;100808;1848;7;10035442962;S
20240404;100808;1848;1;10035442963;S
20240404;100808;1848;3;10035442964;S
20240404;100808;1848;150;10035442965;S
20240404;100808;1848;1;10035442966;S
20240404;100808;1848;5;10035442967;S
20240404;100808;1848;1;10035442968;S
20240404;100808;1848;1;10035442969;S
20240404;100808;1848;1;10035442970;S
20240404;100808;1848;15;10035442971;S
20240404;100808;1848;3;10035442972;S
20240404;100808;1848;1;10035442973;S
20240404;100808;1848;85;10035442974;S
20240404;100808;1848;30;10035442975;S
20240404;100808;1848;20;10035442976;S
20240404;100808;1848;1;10035442977;S
20240404;100808;1848;2;10035442978;S
20240404;100808;1848;60;10035442979;S
20240404;100808;1848;1;10035442980;S
20240404;100808;1847.8;5;10035442981;S
20240404;100808;1847.8;2;10035442982;S
20240404;100808;1847.8;15;10035442983;S
20240404;100808;1847.8;146;10035442984;S
20240404;100808;1847.8;30;10035442985;S
20240404;100808;1847.6;1;10035442986;S
20240404;100808;1847.6;100;10035442987;S
20240404;100808;1847.6;2;10035442988;S
20240404;100808;1847.6;1;10035442989;S
20240404;100808;1847.6;55;10035442990;S
20240404;100808;1847.6;100;10035442991;S
20240404;100808;1847.6;5;10035442992;S
20240404;100808;1847.6;1;10035442993;S
20240404;100808;1847.6;5;10035442994;S
20240404;100808;1847.6;10;10035442995;S
20240404;100808;1847.6;81;10035442996;S
20240404;100808;1847.4;1;10035442998;S
20240404;100808;1847.6;1;10035443043;B
20240404;100808;1847.4;1;10035443045;S
20240404;100808;1847.4;1;10035443046;S
20240404;100808;1847.4;48;10035443047;S
20240404;100808;1847.4;62;10035443048;S
20240404;100808;1847.4;938;10035443049;S
20240404;100808;1847.6;3;10035443058;B
20240404;100808;1847.6;4;10035443059;B
20240404;100808;1847.4;4;10035443060;S
20240404;100808;1847.6;10;10035443061;B
20240404;100808;1847.4;8;10035443065;S
20240404;100808;1847.4;1;10035443068;S
20240404;100808;1847.4;2;10035443072;S
20240404;100808;1847.4;7;10035443081;S
20240404;100808;1847.4;1;10035443091;S
20240404;100809;1847.4;95;10035443112;S
20240404;100809;1847.4;1;10035443113;S
20240404;100809;1847.6;2;10035443116;B
20240404;100809;1847.4;1;10035443117;S
20240404;100809;1847.4;1;10035443118;S
20240404;100809;1847.4;50;10035443119;S
20240404;100809;1847.6;5;10035443120;B
20240404;100809;1847.4;70;10035443121;S
20240404;100809;1847.4;20;10035443122;S
20240404;100809;1847.4;5;10035443123;S
20240404;100809;1847.6;4;10035443124;B
20240404;100809;1847.6;10;10035443128;B
20240404;100809;1847.4;106;10035443130;S
20240404;100809;1847.6;6;10035443145;B
20240404;100809;1847.6;1;10035443151;B
20240404;100809;1847.6;20;10035443200;B
20240404;100809;1847.4;10;10035443215;S
20240404;100809;1847.6;1;10035443218;B
20240404;100809;1847.4;100;10035443219;S
20240404;100809;1847.6;3;10035443244;B
20240404;100809;1847.6;1;10035443250;B
20240404;100809;1847.6;1;10035443255;B
20240404;100809;1847.6;1;10035443260;B
20240404;100809;1847.6;50;10035443287;B
20240404;100809;1847.6;1;10035443299;B
20240404;100810;1847.6;1;10035443463;B
20240404;100810;1847.4;40;10035443512;S
20240404;100811;1847.4;5;10035443592;S
20240404;100811;1847.4;50;10035443626;S
20240404;100811;1847.4;1;10035443645;S
20240404;100811;1847.6;1;10035443662;B
20240404;100813;1847.6;2;10035443861;B
20240404;100813;1847.6;200;10035443928;B
20240404;100813;1847.6;10;10035443978;B
20240404;100814;1847.6;10;10035444082;B
20240404;100814;1847.4;392;10035444130;S
20240404;100815;1847.6;1;10035444156;B
20240404;100815;1847.6;30;10035444178;B
20240404;100815;1847.6;1;10035444196;B
20240404;100815;1847.6;2;10035444197;B
20240404;100815;1847.4;50;10035444202;S
20240404;100816;1847.6;60;10035444372;B
20240404;100816;1847.4;20;10035444379;S
20240404;100816;1847.6;1;10035444383;B
20240404;100817;1847.6;2;10035444582;B
20240404;100817;1847.6;100;10035444636;B
20240404;100817;1847.6;14;10035444644;B
20240404;100818;1847.6;20;10035444733;B
20240404;100818;1847.4;15;10035444734;S
20240404;100818;1847.4;7;10035444774;S
20240404;100818;1847.6;1;10035444793;B
20240404;100820;1847.4;56;10035444928;S
20240404;100820;1847.6;1;10035444938;B
20240404;100821;1847.4;25;10035445145;S
20240404;100821;1847.6;3;10035445244;B
20240404;100821;1847.6;41;10035445334;B
20240404;100821;1847.8;9;10035445335;B
20240404;100821;1847.6;81;10035445350;S
20240404;100821;1847.6;45;10035445351;S
20240404;100821;1847.6;21;10035445352;S
20240404;100821;1847.8;1;10035445354;B
20240404;100822;1847.8;2;10035445358;B
20240404;100822;1847.8;2;10035445411;B
20240404;100822;1847.8;1;10035445412;B
20240404;100822;1847.8;10;10035445453;B
20240404;100822;1847.6;114;10035445462;S
20240404;100822;1847.6;36;10035445463;S
20240404;100823;1847.8;1;10035445787;B
20240404;100824;1847.6;15;10035445910;S
20240404;100827;1847.8;5;10035446841;B
20240404;100828;1847.8;3;10035446944;B
20240404;100828;1847.8;2;10035446997;B
20240404;100829;1847.6;1;10035447137;S
20240404;100829;1847.6;4;10035447138;S
20240404;100829;1847.6;15;10035447139;S
20240404;100829;1847.8;5;10035447182;B
20240404;100830;1847.8;10;10035447269;B
20240404;100830;1847.6;120;10035447370;S
20240404;100830;1847.6;60;10035447371;S
20240404;100830;1847.6;81;10035447372;S
20240404;100830;1847.6;2;10035447373;S
20240404;100830;1847.6;1;10035447374;S
20240404;100830;1847.6;5;10035447375;S
20240404;100830;1847.6;5;10035447376;S
20240404;100830;1847.6;19;10035447377;S
20240404;100830;1847.6;44;10035447378;S
20240404;100830;1847.6;3;10035447379;S
20240404;100830;1847.6;100;10035447380;S
20240404;100831;1847.4;2;10035447511;S
20240404;100831;1847.6;1;10035447548;B
20240404;100832;1847.4;3927;10035447601;S
20240404;100832;1847.4;1;10035447602;S
20240404;100832;1847.4;1;10035447603;S
20240404;100832;1847.4;1;10035447604;S
20240404;100832;1847.4;10;10035447605;S
20240404;100832;1847.4;81;10035447606;S
20240404;100832;1847.4;135;10035447607;S
20240404;100832;1847.4;10;10035447608;S
20240404;100832;1847.2;1;10035447609;S
20240404;100832;1847.2;2;10035447610;S
20240404;100832;1847.2;10;10035447611;S
20240404;100832;1847.2;25;10035447612;S
20240404;100832;1847.2;2;10035447613;S
20240404;100832;1847.2;1;10035447614;S
20240404;100832;1847.2;10;10035447615;S
20240404;100832;1847.2;45;10035447616;S
20240404;100832;1847.2;60;10035447617;S
20240404;100832;1847.2;1;10035447618;S
20240404;100832;1847;1;10035447619;S
20240404;100832;1847;1;10035447620;S
20240404;100832;1847;3;10035447621;S
20240404;100832;1847;5;10035447622;S
20240404;100832;1847;20;10035447623;S
20240404;100832;1847;5;10035447624;S
20240404;100832;1847;1;10035447625;S
20240404;100832;1847;20;10035447626;S
20240404;100832;1847;20;10035447627;S
20240404;100832;1847;2;10035447628;S
20240404;100832;1847;10;10035447629;S
20240404;100832;1847;1;10035447630;S
20240404;100832;1847;1;10035447631;S
20240404;100832;1847;30;10035447632;S
20240404;100832;1847;6;10035447633;S
20240404;100832;1846.8;400;10035447634;S
20240404;100832;1846.8;60;10035447635;S
20240404;100832;1846.6;1;10035447636;S
20240404;100832;1846.6;2;10035447637;S
20240404;100832;1846.6;1;10035447638;S
20240404;100832;1846.6;2;10035447639;S
20240404;100832;1846.6;7;10035447640;S
20240404;100832;1846.4;2;10035447641;S
20240404;100832;1846.4;400;10035447642;S
20240404;100832;1846.4;2;10035447643;S
20240404;100832;1846.4;18;10035447644;S
20240404;100832;1846.2;1;10035447645;S
20240404;100832;1846.2;2;10035447646;S
20240404;100832;1846.2;10;10035447647;S
20240404;100832;1846.2;50;10035447648;S
20240404;100832;1846.2;2;10035447649;S
20240404;100832;1846.2;15;10035447650;S
20240404;100832;1846.2;1;10035447651;S
20240404;100832;1846.2;146;10035447652;S
20240404;100832;1846;1;10035447653;S
20240404;100832;1846;20;10035447654;S
20240404;100832;1846;2;10035447655;S
20240404;100832;1846;20;10035447656;S
20240404;100832;1846;1;10035447657;S
20240404;100832;1846;30;10035447658;S
20240404;100832;1846;1;10035447659;S
20240404;100832;1845.8;1;10035447660;S
20240404;100832;1845.8;2;10035447661;S
20240404;100832;1845.6;1;10035447662;S
20240404;100832;1845.6;2;10035447663;S
20240404;100832;1845.6;2;10035447664;S
20240404;100832;1845.6;1;10035447665;S
20240404;100832;1845.6;1;10035447666;S
20240404;100832;1845.6;1;10035447667;S
20240404;100832;1845.6;600;10035447668;S
20240404;100832;1845.6;600;10035447669;S
20240404;100832;1845.6;60;10035447670;S
20240404;100832;1845.4;2;10035447671;S
20240404;100832;1845.4;600;10035447672;S
20240404;100832;1845.2;1;10035447673;S
20240404;100832;1845.2;2;10035447674;S
20240404;100832;1845.2;1;10035447675;S
20240404;100832;1845.2;1;10035447676;S
20240404;100832;1845.2;1;10035447677;S
20240404;100832;1845.2;189;10035447678;S
20240404;100832;1845.2;5;10035447679;S
20240404;100832;1845;50;10035447680;S
20240404;100832;1845;3;10035447681;S
20240404;100832;1845;5;10035447682;S
20240404;100832;1845;50;10035447683;S
20240404;100832;1845;70;10035447684;S
20240404;100832;1845;1;10035447685;S
20240404;100832;1845;3;10035447686;S
20240404;100832;1845;100;10035447687;S
20240404;100832;1845;4;10035447688;S
20240404;100832;1845;1;10035447689;S
20240404;100832;1845;1;10035447690;S
20240404;100832;1845;26;10035447691;S
20240404;100832;1845;2;10035447692;S
20240404;100832;1845;1;10035447693;S
20240404;100832;1845;30;10035447694;S
20240404;100832;1845;1;10035447695;S
20240404;100832;1845;10;10035447696;S
20240404;100832;1845;2;10035447697;S
20240404;100832;1845;5;10035447698;S
20240404;100832;1845;20;10035447699;S
20240404;100832;1845;20;10035447700;S
20240404;100832;1845;10;10035447701;S
20240404;100832;1845;2;10035447702;S
20240404;100832;1845;7;10035447703;S
20240404;100832;1845;1;10035447704;S
20240404;100832;1845;3;10035447705;S
20240404;100832;1845;10;10035447706;S
20240404;100832;1845;1;10035447707;S
20240404;100832;1845;1;10035447708;S
20240404;100832;1845;10;10035447709;S
20240404;100832;1845;1;10035447710;S
20240404;100832;1845;1;10035447711;S
20240404;100832;1845;1;10035447712;S
20240404;100832;1845;1;10035447713;S
20240404;100832;1845;600;10035447714;S
20240404;100832;1844.8;2;10035447715;S
20240404;100832;1844.6;1;10035447716;S
20240404;100832;1844.6;6;10035447717;S
20240404;100832;1844.6;2;10035447718;S
20240404;100832;1844.6;100;10035447719;S
20240404;100832;1844.6;72;10035447720;S
20240404;100832;1844.4;12;10035447721;S
20240404;100832;1844.4;1;10035447722;S
20240404;100832;1844.4;4;10035447723;S
20240404;100832;1844.4;1;10035447724;S
20240404;100832;1844.2;1;10035447725;S
20240404;100832;1844.2;2;10035447726;S
20240404;100832;1844.2;2;10035447727;S
20240404;100832;1844;2;10035447728;S
20240404;100832;1844;4;10035447729;S
20240404;100832;1844;1;10035447730;S
20240404;100832;1844;50;10035447731;S
20240404;100832;1843.8;20;10035447732;S
20240404;100832;1843.8;27;10035447733;S
20240404;100832;1843.8;3;10035447734;S
20240404;100832;1843.6;1;10035447735;S
20240404;100832;1843.6;2;10035447736;S
20240404;100832;1843.6;25;10035447737;S
20240404;100832;1843.6;30;10035447738;S
20240404;100832;1843.6;15;10035447739;S
20240404;100832;1843.6;1;10035447740;S
20240404;100832;1843.4;4;10035447741;S
20240404;100832;1843.4;2;10035447742;S
20240404;100832;1843.2;1;10035447743;S
20240404;100832;1843.2;1;10035447744;S
20240404;100832;1843.2;2;10035447745;S
20240404;100832;1843.2;100;10035447746;S
20240404;100832;1843.2;300;10035447747;S
20240404;100832;1843.2;200;10035447748;S
20240404;100832;1843;5;10035447749;S
20240404;100832;1843;2;10035447750;S
20240404;100832;1843;1;10035447751;S
20240404;100832;1843;1;10035447752;S
20240404;100832;1843;1;10035447753;S
20240404;100832;1843;1;10035447754;S
20240404;100832;1843;10;10035447755;S
20240404;100832;1843;1;10035447756;S
20240404;100832;1843;1;10035447757;S
20240404;100832;1843;207;10035447758;S
20240404;100832;1845;3;10035447772;S
20240404;100832;1845;57;10035447775;S
20240404;100832;1843.8;4;10035447776;S
20240404;100832;1843.8;31;10035447777;S
20240404;100832;1843.8;13;10035447779;S
20240404;100832;1843.6;37;10035447780;S
20240404;100832;1843.8;2;10035447782;S
20240404;100832;1843.8;79;10035447783;S
20240404;100832;1843.6;121;10035447784;S
20240404;100832;1843.6;5;10035447785;S
20240404;100832;1843.8;5;10035447786;S
20240404;100832;1843.8;62;10035447793;S
20240404;100832;1843.8;3;10035447794;S
20240404;100832;1844.4;1;10035447813;B
20240404;100832;1843.8;1;10035447817;S
20240404;100832;1843.8;25;10035447818;S
20240404;100832;1843.8;20;10035447819;S
20240404;100832;1843.8;15;10035447820;S
20240404;100832;1843.8;1;10035447822;S
20240404;100832;1843.8;50;10035447823;S
20240404;100832;1844.4;10;10035447826;B
20240404;100832;1844.4;1;10035447827;B
20240404;100832;1844;100;10035447829;S
20240404;100832;1843.8;50;10035447830;S
20240404;100832;1844.4;3;10035447837;B
20240404;100832;1844.4;3;10035447841;B
20240404;100832;1844.4;4;10035447842;B
20240404;100832;1844.4;93;10035447843;B
20240404;100832;1844.4;1;10035447844;B
20240404;100832;1844.4;1;10035447845;B
20240404;100832;1844.4;2;10035447846;B
20240404;100832;1843.8;30;10035447848;S
20240404;100832;1844.4;1;10035447849;B
20240404;100832;1844.4;20;10035447850;B
20240404;100832;1843.8;51;10035447851;S
20240404;100832;1843.8;135;10035447852;S
20240404;100832;1843.6;174;10035447853;S
20240404;100832;1844.4;5;10035447854;B
20240404;100832;1843.6;40;10035447855;S
20240404;100832;1843.8;2;10035447856;S
20240404;100832;1844.4;5;10035447859;B
20240404;100832;1843.8;25;10035447861;S
20240404;100832;1843.8;8;10035447862;S
20240404;100832;1844;1;10035447863;B
20240404;100832;1844;10;10035447864;B
20240404;100832;1844.4;5;10035447865;B
20240404;100832;1843.8;46;10035447866;S
20240404;100832;1843.6;154;10035447867;S
20240404;100832;1844.4;4;10035447868;B
20240404;100832;1843.8;30;10035447869;S
20240404;100832;1844.4;1;10035447870;B
20240404;100832;1843.8;51;10035447871;S
20240404;100832;1843.6;69;10035447872;S
20240404;100832;1843.4;45;10035447873;S
20240404;100832;1843.2;18;10035447874;S
20240404;100832;1843.2;8;10035447875;S
20240404;100832;1843;100;10035447876;S
20240404;100832;1843;10;10035447877;S
20240404;100832;1843.8;10;10035447878;B
20240404;100832;1843;100;10035447880;S
20240404;100832;1844;18;10035447881;B
20240404;100832;1844.2;19;10035447882;B
20240404;100832;1844.4;8;10035447883;B
20240404;100832;1844.4;35;10035447884;B
20240404;100832;1843.4;1;10035447885;S
20240404;100832;1844.2;1;10035447886;B
20240404;100832;1843.4;18;10035447887;S
20240404;100832;1843.2;135;10035447888;S
20240404;100832;1843.2;18;10035447889;S
20240404;100832;1843;88;10035447890;S
20240404;100832;1844.2;1;10035447891;B
20240404;100832;1843;14;10035447892;S
20240404;100832;1843.2;23;10035447898;S
20240404;100832;1844.2;2;10035447899;B
20240404;100832;1844.2;14;10035447900;B
20240404;100832;1844.2;6;10035447901;B
20240404;100832;1844;2;10035447904;B
20240404;100832;1844;2;10035447905;B
20240404;100832;1844;10;10035447906;B
20240404;100832;1844;2;10035447907;B
20240404;100832;1843.2;9;10035447908;S
20240404;100832;1844;1;10035447909;B
20240404;100832;1844;1;10035447911;B
20240404;100832;1844.2;1;10035447912;B
20240404;100832;1843.2;1;10035447913;S
20240404;100832;1844;3;10035447914;S
20240404;100832;1843.2;8;10035447915;S
20240404;100832;1843.2;2;10035447916;S
20240404;100832;1844.2;12;10035447917;B
20240404;100832;1844.2;1;10035447918;B
20240404;100832;1844.4;25;10035447919;B
20240404;100832;1844.4;9;10035447920;B
20240404;100832;1843.2;14;10035447921;S
20240404;100832;1844.4;1;10035447942;B
20240404;100832;1843.2;11;10035447975;S
20240404;100832;1844.2;4;10035447976;B
20240404;100832;1843.2;7;10035447977;S
20240404;100832;1843.2;6;10035447978;S
20240404;100832;1843;98;10035447979;S
20240404;100832;1843;18;10035447980;S
20240404;100832;1843;30;10035447981;S
20240404;100832;1842.8;80;10035447982;S
20240404;100832;1842.8;250;10035447983;S
20240404;100832;1842.6;1;10035447984;S
20240404;100832;1842.6;2;10035447985;S
20240404;100832;1842.6;300;10035447986;S
20240404;100832;1842.6;400;10035447987;S
20240404;100832;1842.6;2;10035447988;S
20240404;100832;1842.6;250;10035447989;S
20240404;100832;1842.6;146;10035447990;S
20240404;100832;1842.6;30;10035447991;S
20240404;100832;1842.4;60;10035447992;S
20240404;100832;1842.4;5;10035447993;S
20240404;100832;1842.4;100;10035447994;S
20240404;100832;1842.2;1;10035447995;S
20240404;100832;1842.2;2;10035447996;S
20240404;100832;1842.2;1;10035447997;S
20240404;100832;1842.2;20;10035447998;S
20240404;100832;1842.2;5;10035447999;S
20240404;100832;1842.2;100;10035448000;S
20240404;100832;1842;2;10035448001;S
20240404;100832;1842;1;10035448002;S
20240404;100832;1842;2;10035448003;S
20240404;100832;1842;23;10035448004;S
20240404;100832;1842;50;10035448005;S
20240404;100832;1842;2;10035448006;S
20240404;100832;1842;1;10035448007;S
20240404;100832;1842;1;10035448008;S
20240404;100832;1842;100;10035448009;S
20240404;100832;1842;6;10035448010;S
20240404;100832;1842;2;10035448011;S
20240404;100832;1842;10;10035448012;S
20240404;100832;1842;20;10035448013;S
20240404;100832;1842;10;10035448014;S
20240404;100832;1842;4;10035448015;S
20240404;100832;1842;50;10035448016;S
20240404;100832;1842;5;10035448017;S
20240404;100832;1842;1;10035448018;S
20240404;100832;1842;5;10035448019;S
20240404;100832;1842;1000;10035448020;S
20240404;100832;1842;36;10035448021;S
20240404;100832;1842;1;10035448022;S
20240404;100832;1842;100;10035448023;S
20240404;100832;1842;1;10035448024;S
20240404;100832;1841.6;1;10035448025;S
20240404;100832;1841.6;2;10035448026;S
20240404;100832;1841.6;300;10035448027;S
20240404;100832;1841.6;1;10035448028;S
20240404;100832;1841.6;14;10035448029;S
20240404;100832;1841.6;20;10035448030;S
20240404;100832;1841.6;3;10035448031;S
20240404;100832;1841.4;1;10035448032;S
20240404;100832;1841.4;6;10035448033;S
20240404;100832;1841.4;31;10035448034;S
20240404;100832;1841.4;10;10035448035;S
20240404;100832;1841.2;30;10035448036;S
20240404;100832;1841.2;1;10035448037;S
20240404;100832;1841.2;2;10035448038;S
20240404;100832;1841.2;1;10035448039;S
20240404;100832;1841.2;54;10035448040;S
20240404;100832;1841.2;100;10035448041;S
20240404;100832;1841.2;15;10035448042;S
20240404;100832;1841.2;600;10035448043;S
20240404;100832;1841;1;10035448044;S
20240404;100832;1841;6;10035448045;S
20240404;100832;1841;1;10035448046;S
20240404;100832;1841;1;10035448047;S
20240404;100832;1841;1;10035448048;S
20240404;100832;1841;1;10035448049;S
20240404;100832;1841;3;10035448050;S
20240404;100832;1841;6;10035448051;S
20240404;100832;1841;10;10035448052;S
20240404;100832;1841;20;10035448053;S
20240404;100832;1841;2;10035448054;S
20240404;100832;1841;1;10035448055;S
20240404;100832;1840.8;20;10035448056;S
20240404;100832;1840.8;1;10035448057;S
20240404;100832;1840.8;100;10035448058;S
20240404;100832;1840.8;2;10035448059;S
20240404;100832;1840.6;1;10035448060;S
20240404;100832;1840.6;2;10035448061;S
20240404;100832;1840.6;1;10035448062;S
20240404;100832;1840.6;25;10035448063;S
20240404;100832;1840.6;38;10035448064;S
20240404;100832;1840.4;2;10035448065;S
20240404;100832;1840.4;1;10035448066;S
20240404;100832;1840.4;2;10035448067;S
20240404;100832;1840.4;20;10035448068;S
20240404;100832;1840.4;5;10035448069;S
20240404;100832;1840.2;100;10035448070;S
20240404;100832;1840.2;1;10035448071;S
20240404;100832;1840.2;20;10035448072;S
20240404;100832;1840.2;2;10035448073;S
20240404;100832;1840.2;1;10035448074;S
20240404;100832;1840.2;2;10035448075;S
20240404;100832;1840.2;1;10035448076;S
20240404;100832;1840.2;300;10035448077;S
20240404;100832;1840.2;1;10035448078;S
20240404;100832;1840.2;1;10035448079;S
20240404;100832;1840.2;1;10035448080;S
20240404;100832;1840.2;8;10035448081;S
20240404;100832;1840.2;3;10035448082;S
20240404;100832;1840;1;10035448083;S
20240404;100832;1840;1;10035448084;S
20240404;100832;1840;10;10035448085;S
20240404;100832;1840;20;10035448086;S
20240404;100832;1840;1;10035448087;S
20240404;100832;1840;1;10035448088;S
20240404;100832;1840;7;10035448089;S
20240404;100832;1840;3;10035448090;S
20240404;100832;1840;1;10035448091;S
20240404;100832;1840;1;10035448092;S
20240404;100832;1840;1;10035448093;S
20240404;100832;1840;5;10035448094;S
20240404;100832;1840;1;10035448095;S
20240404;100832;1840;16;10035448096;S
20240404;100832;1840;1;10035448097;S
20240404;100832;1840;1;10035448098;S
20240404;100832;1840;1;10035448099;S
20240404;100832;1840;1;10035448100;S
20240404;100832;1840;1;10035448101;S
20240404;100832;1840;1;10035448102;S
20240404;100832;1840;1;10035448103;S
20240404;100832;1840;1;10035448104;S
20240404;100832;1840;1;10035448105;S
20240404;100832;1840;10;10035448106;S
20240404;100832;1840;10;10035448107;S
20240404;100832;1840;32;10035448108;S
20240404;100832;1840;1;10035448109;S
20240404;100832;1840;9;10035448110;S
20240404;100832;1840;10;10035448111;S
20240404;100832;1840;1;10035448112;S
20240404;100832;1840;1;10035448113;S
20240404;100832;1840;5;10035448114;S
20240404;100832;1840;1;10035448115;S
20240404;100832;1840;55;10035448116;S
20240404;100832;1840;10;10035448117;S
20240404;100832;1840;1;10035448118;S
20240404;100832;1840;1;10035448119;S
20240404;100832;1840;20;10035448120;S
20240404;100832;1840;55;10035448121;S
20240404;100832;1840;3;10035448122;S
20240404;100832;1840;10;10035448123;S
20240404;100832;1840;5;10035448124;S
20240404;100832;1840;1;10035448125;S
20240404;100832;1840;1;10035448126;S
20240404;100832;1840;1;10035448127;S
20240404;100832;1840;2;10035448128;S
20240404;100832;1840;10;10035448129;S
20240404;100832;1840;50;10035448130;S
20240404;100832;1840;1;10035448131;S
20240404;100832;1840;300;10035448132;S
20240404;100832;1840;50;10035448133;S
20240404;100832;1840;10;10035448134;S
20240404;100832;1840;1;10035448135;S
20240404;100832;1840;5;10035448136;S
20240404;100832;1840;600;10035448137;S
20240404;100832;1839.8;50;10035448138;S
20240404;100832;1839.8;600;10035448139;S
20240404;100832;1839.6;1;10035448140;S
20240404;100832;1839.6;3;10035448141;S
20240404;100832;1839.6;2;10035448142;S
20240404;100832;1839.6;600;10035448143;S
20240404;100832;1839.4;5;10035448144;S
20240404;100832;1839.2;1;10035448145;S
20240404;100832;1839.2;1;10035448146;S
20240404;100832;1839.2;3;10035448147;S
20240404;100832;1839.2;16;10035448148;S
20240404;100832;1839.2;1;10035448149;S
20240404;100832;1839.2;100;10035448150;S
20240404;100832;1839;1;10035448151;S
20240404;100832;1839;1;10035448152;S
20240404;100832;1839;50;10035448153;S
20240404;100832;1839;50;10035448154;S
20240404;100832;1839;12;10035448155;S
20240404;100832;1841.4;10;10035448157;S
20240404;100832;1841.4;1;10035448158;S
20240404;100832;1841.4;1;10035448159;S
20240404;100832;1841.4;123;10035448160;S
20240404;100832;1839.2;146;10035448161;S
20240404;100832;1839;988;10035448162;S
20240404;100832;1839;1;10035448163;S
20240404;100832;1839;20;10035448164;S
20240404;100832;1839;1;10035448165;S
20240404;100832;1839;14;10035448166;S
20240404;100832;1839;7;10035448167;S
20240404;100832;1839;1;10035448168;S
20240404;100832;1839;20;10035448169;S
20240404;100832;1839;400;10035448170;S
20240404;100832;1839;271;10035448171;S
20240404;100832;1838.8;1000;10035448172;S
20240404;100832;1838.8;1;10035448173;S
20240404;100832;1838.6;1;10035448174;S
20240404;100832;1838.2;1;10035448175;S
20240404;100832;1838;1;10035448176;S
20240404;100832;1838;1;10035448177;S
20240404;100832;1838.4;169;10035448178;B
20240404;100832;1838.4;18;10035448179;B
20240404;100832;1838;3;10035448180;S
20240404;100832;1838.4;4;10035448182;B
20240404;100832;1838.4;46;10035448183;B
20240404;100832;1838.2;146;10035448184;S
20240404;100832;1838;1;10035448185;S
20240404;100832;1838;2;10035448186;S
20240404;100832;1838;12;10035448187;S
20240404;100832;1838;2;10035448188;S
20240404;100832;1838;1;10035448189;S
20240404;100832;1838;272;10035448190;S
20240404;100832;1837.8;1;10035448191;S
20240404;100832;1837.8;2;10035448192;S
20240404;100832;1837.6;100;10035448193;S
20240404;100832;1837.6;1;10035448194;S
20240404;100832;1838.4;1;10035448197;B
20240404;100832;1837.8;12;10035448198;B
20240404;100832;1837.6;60;10035448200;S
20240404;100832;1837.8;6;10035448201;B
20240404;100832;1838.2;18;10035448202;B
20240404;100832;1837.4;10;10035448204;S
20240404;100832;1837.4;35;10035448205;S
20240404;100832;1837.4;2;10035448206;S
20240404;100832;1837.4;3;10035448207;S
20240404;100832;1838.2;12;10035448208;B
20240404;100832;1838.2;6;10035448211;B
20240404;100832;1838.2;2;10035448212;B
20240404;100832;1838.2;16;10035448213;B
20240404;100832;1838.2;24;10035448214;B
20240404;100832;1838.2;4;10035448218;B
20240404;100832;1838.2;14;10035448232;B
20240404;100832;1838.2;60;10035448233;B
20240404;100832;1838.2;1;10035448234;B
20240404;100832;1838;1;10035448235;S
20240404;100832;1837.6;4;10035448236;S
20240404;100832;1838.2;1;10035448237;B
20240404;100832;1838.2;11;10035448238;B
20240404;100832;1837.6;6;10035448239;S
20240404;100832;1837.2;1;10035448240;S
20240404;100832;1837.2;1;10035448241;S
20240404;100832;1837.2;1;10035448242;S
20240404;100832;1837.2;17;10035448243;S
20240404;100832;1837.2;18;10035448244;S
20240404;100832;1837.2;1;10035448245;S
20240404;100832;1837.2;135;10035448246;S
20240404;100832;1837;21;10035448247;S
20240404;100832;1837.2;18;10035448248;S
20240404;100832;1838;1;10035448249;B
20240404;100832;1838;17;10035448252;B
20240404;100832;1838.2;43;10035448253;B
20240404;100832;1837.4;20;10035448254;S
20240404;100832;1837.4;115;10035448255;S
20240404;100832;1837.4;146;10035448256;S
20240404;100832;1837.2;18;10035448257;S
20240404;100832;1837;29;10035448258;S
20240404;100832;1837;3;10035448259;S
20240404;100832;1837;280;10035448260;S
20240404;100832;1837;272;10035448261;S
20240404;100832;1836.8;4;10035448262;S
20240404;100832;1836.6;1;10035448263;S
20240404;100832;1836.6;272;10035448264;S
20240404;100832;1836.2;1;10035448265;S
20240404;100832;1836.2;1;10035448266;S
20240404;100832;1836.2;508;10035448267;S
20240404;100832;1836.2;50;10035448268;S
20240404;100832;1836.2;50;10035448269;S
20240404;100832;1836.2;23;10035448300;S
20240404;100832;1836.2;1;10035448302;S
20240404;100832;1836.4;5;10035448337;B
20240404;100833;1837.2;5;10035448353;B
20240404;100833;1837.2;267;10035448360;B
20240404;100833;1837.2;5;10035448361;B
20240404;100833;1837.2;19;10035448362;B
20240404;100833;1837.2;11;10035448363;B
20240404;100833;1836.2;5;10035448366;S
20240404;100833;1837.2;5;10035448367;B
20240404;100833;1837.2;2;10035448368;B
20240404;100833;1837.2;6;10035448369;B
20240404;100833;1837.2;40;10035448370;B
20240404;100833;1836.2;5;10035448371;S
20240404;100833;1837.2;5;10035448372;B
20240404;100833;1836;6;10035448373;S
20240404;100833;1836;1;10035448374;S
20240404;100833;1836;9;10035448375;S
20240404;100833;1836;10;10035448376;S
20240404;100833;1836;1;10035448378;S
20240404;100833;1836;4;10035448379;S
20240404;100833;1836;2;10035448380;S
20240404;100833;1836;14;10035448381;S
20240404;100833;1835.8;2;10035448382;S
20240404;100833;1835.6;9;10035448383;S
20240404;100833;1835.6;1;10035448384;S
20240404;100833;1835.6;2;10035448385;S
20240404;100833;1835.6;1;10035448386;S
20240404;100833;1835.4;3;10035448387;S
20240404;100833;1835.4;3;10035448388;S
20240404;100833;1835.4;18;10035448389;S
20240404;100833;1835.4;35;10035448390;S
20240404;100833;1835.4;60;10035448391;S
20240404;100833;1835.4;2;10035448408;S
20240404;100833;1835.4;9;10035448409;S
20240404;100833;1836.6;5;10035448410;B
20240404;100833;1835.4;50;10035448412;S
20240404;100833;1836.6;11;10035448413;B
20240404;100833;1835.4;50;10035448414;S
20240404;100833;1836.6;2;10035448415;B
20240404;100833;1836.6;22;10035448416;B
20240404;100833;1836.6;276;10035448417;B
20240404;100833;1835.2;1;10035448421;S
20240404;100833;1835.2;1;10035448422;S
20240404;100833;1835.2;1;10035448423;S
20240404;100833;1835.2;17;10035448424;S
20240404;100833;1835.4;61;10035448426;S
20240404;100833;1835.4;22;10035448427;S
20240404;100833;1835.2;1;10035448428;S
20240404;100833;1835.2;16;10035448429;S
20240404;100833;1835.2;10;10035448430;S
20240404;100833;1835.2;20;10035448431;S
20240404;100833;1835.2;20;10035448432;S
20240404;100833;1836.4;2;10035448436;S
20240404;100833;1836.4;8;10035448438;S
20240404;100833;1835.2;6;10035448439;S
20240404;100833;1835.2;4;10035448441;S
20240404;100833;1835.2;4;10035448442;S
20240404;100833;1836.2;1;10035448446;B
20240404;100833;1835.2;12;10035448447;S
20240404;100833;1836.2;5;10035448448;B
20240404;100833;1836.2;4;10035448450;B
20240404;100833;1836.2;1;10035448451;B
20240404;100833;1835.2;49;10035448452;S
20240404;100833;1836.2;2;10035448453;B
20240404;100833;1836.2;1;10035448454;B
20240404;100833;1835.2;4;10035448455;S
20240404;100833;1835.2;14;10035448456;S
20240404;100833;1835;6;10035448457;S
20240404;100833;1836;2;10035448458;B
20240404;100833;1836;2;10035448459;B
20240404;100833;1836.2;8;10035448460;B
20240404;100833;1836.2;10;10035448461;B
20240404;100833;1836;1;10035448462;B
20240404;100833;1836.4;1;10035448463;B
20240404;100833;1836.4;1;10035448464;B
20240404;100833;1835.8;62;10035448465;S
20240404;100833;1835.2;6;10035448466;S
20240404;100833;1835.2;12;10035448468;S
20240404;100833;1835;4;10035448469;S
20240404;100833;1835;32;10035448470;S
20240404;100833;1836.2;1;10035448471;B
20240404;100833;1836.2;1;10035448472;B
20240404;100833;1835;54;10035448473;S
20240404;100833;1835;314;10035448475;S
20240404;100833;1835;3;10035448476;S
20240404;100833;1835;1;10035448477;S
20240404;100833;1835;1;10035448478;S
20240404;100833;1835;200;10035448479;S
20240404;100833;1835;7;10035448480;S
20240404;100833;1835;1;10035448481;S
20240404;100833;1835;1;10035448482;S
20240404;100833;1835;3;10035448483;S
20240404;100833;1835;1;10035448484;S
20240404;100833;1835;5;10035448485;S
20240404;100833;1835;20;10035448486;S
20240404;100833;1835;1;10035448487;S
20240404;100833;1835;2;10035448488;S
20240404;100833;1835;7;10035448489;S
20240404;100833;1835;3;10035448490;S
20240404;100833;1835;1;10035448491;S
20240404;100833;1834.6;1;10035448492;S
20240404;100833;1834.4;43;10035448493;S
20240404;100833;1834.4;104;10035448494;S
20240404;100833;1834.2;15;10035448495;S
20240404;100833;1834.2;2;10035448496;S
20240404;100833;1835.8;1;10035448497;B
20240404;100833;1834;3;10035448498;S
20240404;100833;1834;1;10035448499;S
20240404;100833;1834;1;10035448500;S
20240404;100833;1834;14;10035448501;S
20240404;100833;1834;38;10035448502;S
20240404;100833;1834;18;10035448503;S
20240404;100833;1835.6;1;10035448504;B
20240404;100833;1834;42;10035448505;S
20240404;100833;1833.8;1;10035448506;S
20240404;100833;1833.6;71;10035448507;S
20240404;100833;1833.6;71;10035448508;S
20240404;100833;1833.6;71;10035448509;S
20240404;100833;1833.6;71;10035448510;S
20240404;100833;1833.4;10;10035448511;S
20240404;100833;1833.4;1;10035448512;S
20240404;100833;1833.4;1;10035448513;S
20240404;100833;1833.4;18;10035448514;S
20240404;100833;1833.2;1;10035448515;S
20240404;100833;1833.2;20;10035448516;S
20240404;100833;1833;50;10035448517;S
20240404;100833;1833;10;10035448518;S
20240404;100833;1833;7;10035448519;S
20240404;100833;1833;25;10035448520;S
20240404;100833;1833;170;10035448521;S
20240404;100833;1832.8;1;10035448522;S
20240404;100833;1832.8;3;10035448523;S
20240404;100833;1832.8;40;10035448524;S
20240404;100833;1833.8;1;10035448526;S
20240404;100833;1833;2;10035448527;S
20240404;100833;1832.8;60;10035448528;S
20240404;100833;1832.8;5;10035448529;S
20240404;100833;1832.8;1;10035448530;S
20240404;100833;1832.8;1;10035448531;S
20240404;100833;1832.8;1;10035448532;S
20240404;100833;1832.6;600;10035448533;S
20240404;100833;1832.4;1;10035448534;S
20240404;100833;1832.4;1;10035448535;S
20240404;100833;1832.2;4;10035448536;S
20240404;100833;1832.2;3;10035448537;S
20240404;100833;1832.2;4;10035448538;S
20240404;100833;1832.2;2;10035448539;S
20240404;100833;1832.2;9;10035448540;S
20240404;100833;1835.6;1;10035448541;B
20240404;100833;1832.2;21;10035448543;S
20240404;100833;1832.2;102;10035448544;S
20240404;100833;1832.4;29;10035448545;S
20240404;100833;1832.4;30;10035448546;S
20240404;100833;1835.2;1;10035448554;B
20240404;100833;1835.4;6;10035448555;B
20240404;100833;1832.4;1;10035448556;S
20240404;100833;1832.4;1;10035448557;S
20240404;100833;1832.2;6;10035448558;S
20240404;100833;1834.2;25;10035448560;B
20240404;100833;1832.4;6;10035448561;S
20240404;100833;1832.2;7;10035448562;S
20240404;100833;1832.2;10;10035448563;S
20240404;100833;1832.2;17;10035448564;S
20240404;100833;1832.2;10;10035448565;S
20240404;100833;1832.2;30;10035448566;S
20240404;100833;1832;15;10035448567;S
20240404;100833;1832;2;10035448568;S
20240404;100833;1832;10;10035448569;S
20240404;100833;1832;24;10035448570;S
20240404;100833;1832;5;10035448571;S
20240404;100833;1832;251;10035448572;S
20240404;100833;1832;3;10035448573;S
20240404;100833;1834.2;5;10035448574;B
20240404;100833;1834.2;2;10035448575;B
20240404;100833;1834.2;19;10035448576;B
20240404;100833;1832;10;10035448577;S
20240404;100833;1834.2;21;10035448578;B
20240404;100833;1832;68;10035448581;S
20240404;100833;1834.2;1;10035448582;B
20240404;100833;1834;1;10035448583;B
20240404;100833;1832.2;2;10035448585;S
20240404;100833;1833.8;1;10035448586;B
20240404;100833;1833.8;17;10035448587;B
20240404;100833;1834;3;10035448588;B
20240404;100833;1834;17;10035448589;B
20240404;100833;1834.2;8;10035448590;B
20240404;100833;1834;1;10035448591;B
20240404;100833;1832.2;15;10035448592;S
20240404;100833;1832.2;1;10035448593;S
20240404;100833;1832;4;10035448594;S
20240404;100833;1834;7;10035448595;B
20240404;100833;1832;3;10035448596;S
20240404;100833;1832;15;10035448597;S
20240404;100833;1832.2;25;10035448598;S
20240404;100833;1834;1;10035448599;B
20240404;100833;1832.4;1;10035448600;S
20240404;100833;1832.4;10;10035448601;S
20240404;100833;1832.4;9;10035448602;S
20240404;100833;1832.2;18;10035448603;S
20240404;100833;1832;103;10035448604;S
20240404;100833;1834;1;10035448605;B
20240404;100833;1834;1;10035448606;B
20240404;100833;1832;30;10035448607;S
20240404;100833;1832;3;10035448608;S
20240404;100833;1834;2;10035448609;B
20240404;100833;1834.2;48;10035448610;B
20240404;100833;1832;7;10035448611;S
20240404;100833;1834.2;1;10035448612;B
20240404;100833;1834.2;5;10035448613;B
20240404;100833;1834.2;10;10035448614;B
20240404;100833;1832;65;10035448615;S
20240404;100833;1832;38;10035448616;S
20240404;100833;1832;100;10035448617;S
20240404;100833;1832;1;10035448618;S
20240404;100833;1832;2;10035448619;S
20240404;100833;1832;2;10035448620;S
20240404;100833;1831.8;1;10035448621;S
20240404;100833;1831.8;18;10035448622;S
20240404;100833;1831.6;200;10035448623;S
20240404;100833;1831.2;91;10035448624;S
20240404;100833;1831;1;10035448625;S
20240404;100833;1831;100;10035448626;S
20240404;100833;1831;22;10035448627;S
20240404;100833;1831;120;10035448628;S
20240404;100833;1831;2;10035448629;S
20240404;100833;1831;450;10035448630;S
20240404;100833;1831;20;10035448631;S
20240404;100833;1831;3;10035448632;S
20240404;100833;1830.8;1;10035448633;S
20240404;100833;1830.8;2;10035448634;S
20240404;100833;1830.6;10;10035448635;S
20240404;100833;1830.4;25;10035448636;S
20240404;100833;1830.4;600;10035448637;S
20240404;100833;1830.2;1;10035448638;S
20240404;100833;1830.2;1;10035448639;S
20240404;100833;1830.2;1;10035448640;S
20240404;100833;1830.2;1;10035448641;S
20240404;100833;1830.2;10;10035448642;S
20240404;100833;1830.2;400;10035448643;S
20240404;100833;1830;50;10035448644;S
20240404;100833;1830;1;10035448645;S
20240404;100833;1830;10;10035448646;S
20240404;100833;1830;3;10035448647;S
20240404;100833;1830;1;10035448648;S
20240404;100833;1830;1;10035448649;S
20240404;100833;1830;1;10035448650;S
20240404;100833;1830;1;10035448651;S
20240404;100833;1830;40;10035448652;S
20240404;100833;1830;1;10035448653;S
20240404;100833;1830;1;10035448654;S
20240404;100833;1830;1;10035448655;S
20240404;100833;1830;1;10035448656;S
20240404;100833;1830;2;10035448657;S
20240404;100833;1830;170;10035448658;S
20240404;100833;1834.2;27;10035448659;B
20240404;100833;1834.2;11;10035448660;B
20240404;100833;1830;65;10035448661;S
20240404;100833;1833.8;10;10035448662;B
20240404;100833;1830.2;21;10035448663;S
20240404;100833;1830;35;10035448664;S
20240404;100833;1833.6;10;10035448665;B
20240404;100833;1833.6;11;10035448666;B
20240404;100833;1833.6;89;10035448667;B
20240404;100833;1833.6;1;10035448668;B
20240404;100833;1830.2;337;10035448669;S
20240404;100833;1833.8;1;10035448671;B
20240404;100833;1830.4;50;10035448672;S
20240404;100833;1830.4;40;10035448673;S
20240404;100833;1830;10;10035448674;S
20240404;100833;1831.6;2;10035448675;B
20240404;100833;1831.6;6;10035448676;S
20240404;100833;1831.6;2;10035448677;S
20240404;100833;1831.6;3;10035448678;S
20240404;100833;1831.6;1;10035448680;S
20240404;100833;1831.6;1;10035448681;S
20240404;100833;1831.6;69;10035448682;S
20240404;100833;1831.4;1;10035448683;S
20240404;100833;1830.8;40;10035448684;S
20240404;100833;1830.8;5;10035448685;S
20240404;100833;1830.8;1;10035448686;S
20240404;100833;1831.6;5;10035448687;S
20240404;100833;1831.6;57;10035448689;S
20240404;100833;1830.8;83;10035448690;S
20240404;100833;1830.8;6;10035448691;S
20240404;100833;1830.8;3;10035448694;S
20240404;100833;1832;30;10035448695;B
20240404;100833;1830.8;12;10035448697;S
20240404;100833;1830;6;10035448698;S
20240404;100833;1832;1;10035448701;B
20240404;100833;1833.2;3;10035448703;B
20240404;100833;1833.8;118;10035448704;B
20240404;100833;1833.8;29;10035448705;B
20240404;100833;1834;18;10035448706;B
20240404;100833;1834.2;17;10035448707;B
20240404;100833;1834.2;194;10035448708;B
20240404;100833;1834.4;242;10035448709;B
20240404;100833;1833.8;1;10035448723;B
20240404;100833;1833.8;15;10035448724;B
20240404;100833;1831;9;10035448725;S
20240404;100833;1832.6;20;10035448726;B
20240404;100833;1831.4;5;10035448727;S
20240404;100833;1833.6;10;10035448728;B
20240404;100833;1830.6;3;10035448729;B
20240404;100833;1830.2;30;10035448730;S
20240404;100833;1833.6;1;10035448731;B
20240404;100833;1830.4;10;10035448732;S
20240404;100833;1830.2;10;10035448733;S
20240404;100833;1832.8;5;10035448734;B
20240404;100833;1833.6;18;10035448735;B
20240404;100833;1833.8;44;10035448736;B
20240404;100833;1833.8;38;10035448737;B
20240404;100833;1832.2;7;10035448738;S
20240404;100833;1832.4;20;10035448739;S
20240404;100833;1832.2;70;10035448740;S
20240404;100833;1832;2;10035448741;S
20240404;100833;1831.8;13;10035448742;S
20240404;100833;1832.4;100;10035448745;B
20240404;100833;1833;10;10035448747;B
20240404;100833;1833;1;10035448748;B
20240404;100833;1830.4;15;10035448753;S
20240404;100833;1830.4;26;10035448754;S
20240404;100833;1830.2;4;10035448755;S
20240404;100833;1831;1;10035448757;S
20240404;100833;1831.8;10;10035448758;B
20240404;100833;1831;33;10035448759;S
20240404;100833;1831;6;10035448760;S
20240404;100833;1832.8;1;10035448761;B
20240404;100833;1831;30;10035448763;S
20240404;100833;1832.8;1;10035448765;B
20240404;100833;1832.8;9;10035448766;B
20240404;100833;1831;26;10035448767;S
20240404;100833;1831;1;10035448768;S
20240404;100833;1831.2;1;10035448769;S
20240404;100833;1831.2;1;10035448770;S
20240404;100833;1831;4;10035448771;S
20240404;100833;1831;10;10035448778;S
20240404;100833;1831;18;10035448779;S
20240404;100833;1830.2;19;10035448780;S
20240404;100833;1830;81;10035448781;S
20240404;100833;1830;18;10035448784;S
20240404;100833;1832;20;10035448785;B
20240404;100833;1830;8;10035448786;S
20240404;100833;1832.8;1;10035448787;B
20240404;100833;1832.8;11;10035448788;B
20240404;100833;1830.2;20;10035448789;S
20240404;100833;1830;20;10035448790;S
20240404;100833;1830;6;10035448792;S
20240404;100833;1831.6;50;10035448793;B
20240404;100833;1831;19;10035448808;B
20240404;100833;1831;11;10035448815;B
20240404;100833;1832;1;10035448820;B
20240404;100833;1832;50;10035448821;B
20240404;100833;1832;1;10035448840;B
20240404;100833;1830;10;10035448841;S
20240404;100833;1830;16;10035448842;S
20240404;100833;1832;92;10035448843;B
20240404;100833;1832.2;254;10035448844;B
20240404;100833;1832.6;54;10035448845;B
20240404;100833;1833.2;5;10035448847;B
20240404;100833;1830.2;1;10035448862;S
20240404;100833;1832.4;1;10035448863;B
20240404;100833;1832.6;199;10035448864;B
20240404;100833;1830.2;160;10035448867;S
20240404;100833;1832.6;160;10035448872;B
20240404;100833;1832.6;60;10035448873;B
20240404;100833;1832.8;147;10035448874;B
20240404;100833;1833;133;10035448875;B
20240404;100833;1830.2;15;10035448876;S
20240404;100833;1830.4;9;10035448878;S
20240404;100833;1831;1;10035448879;B
20240404;100833;1831;49;10035448880;B
20240404;100833;1830.8;27;10035448882;S
20240404;100833;1832.2;16;10035448883;B
20240404;100833;1832.4;3;10035448884;B
20240404;100833;1832.4;10;10035448886;B
20240404;100833;1830.8;9;10035448887;S
20240404;100833;1830.8;12;10035448899;S
20240404;100833;1832.4;6;10035448900;B
20240404;100833;1832.6;90;10035448901;B
20240404;100833;1832.6;10;10035448902;B
20240404;100833;1832.6;94;10035448903;B
20240404;100833;1832.8;5;10035448904;B
20240404;100833;1832.8;1;10035448905;B
20240404;100833;1832.8;2;10035448908;B
20240404;100833;1832.8;11;10035448911;B
20240404;100833;1833.2;39;10035448912;B
20240404;100833;1831.4;3;10035448913;S
20240404;100833;1831.4;14;10035448914;S
20240404;100833;1831.4;2;10035448915;S
20240404;100833;1831.2;18;10035448916;S
20240404;100833;1831.2;76;10035448917;S
20240404;100833;1830.6;30;10035448918;S
20240404;100833;1830.4;14;10035448919;S
20240404;100833;1830.6;3;10035448922;S
20240404;100833;1830.6;16;10035448923;S
20240404;100833;1830.4;164;10035448924;S
20240404;100833;1832.2;1;10035448926;B
20240404;100833;1832.2;18;10035448927;B
20240404;100833;1832.4;60;10035448928;B
20240404;100833;1832.8;45;10035448929;B
20240404;100833;1832.6;1;10035448933;B
20240404;100833;1831.4;45;10035448934;S
20240404;100833;1831.4;5;10035448935;S
20240404;100833;1831.4;5;10035448936;S
20240404;100833;1831.4;9;10035448937;S
20240404;100833;1831.2;11;10035448938;S
20240404;100833;1832.4;18;10035448949;B
20240404;100833;1832.6;18;10035448950;B
20240404;100833;1832.8;164;10035448951;B
20240404;100833;1832.8;14;10035448952;B
20240404;100833;1833;127;10035448953;B
20240404;100833;1833.2;359;10035448954;B
20240404;100833;1831.4;4;10035448955;S
20240404;100833;1831.4;1;10035448956;S
20240404;100833;1831.4;193;10035448957;S
20240404;100833;1831.2;17;10035448958;S
20240404;100833;1833;5;10035448959;B
20240404;100833;1831.2;32;10035448960;S
20240404;100833;1831.4;5;10035448961;S
20240404;100833;1831.2;14;10035448962;S
20240404;100833;1831.2;7;10035448963;S
20240404;100833;1831.2;30;10035448964;S
20240404;100833;1831.2;1;10035448969;S
20240404;100833;1833;194;10035448972;B
20240404;100833;1833;60;10035448973;B
20240404;100833;1833.2;146;10035448974;B
20240404;100833;1833.2;15;10035448979;B
20240404;100833;1833.2;36;10035448980;B
20240404;100833;1833.8;10;10035448981;B
20240404;100833;1833.8;147;10035448982;B
20240404;100833;1834;1;10035448983;B
20240404;100833;1834;3;10035448984;B
20240404;100833;1834.4;3;10035448985;B
20240404;100833;1834.2;11;10035448988;B
20240404;100833;1834.2;11;10035448989;B
20240404;100833;1834.2;19;10035448992;B
20240404;100833;1834.2;8;10035448998;B
20240404;100833;1834.2;1;10035449000;B
20240404;100833;1834.2;10;10035449001;B
20240404;100833;1834.2;1;10035449002;B
20240404;100833;1834.2;2;10035449003;B
20240404;100833;1834.2;1;10035449004;B
20240404;100834;1834.2;2;10035449006;B
20240404;100834;1834.2;81;10035449009;B
20240404;100834;1834.2;119;10035449010;B
20240404;100834;1834.2;5;10035449015;B
20240404;100834;1834.2;13;10035449016;B
20240404;100834;1834.4;37;10035449017;B
20240404;100834;1834.6;1;10035449019;B
20240404;100834;1834.6;11;10035449025;B
20240404;100834;1834.6;5;10035449026;B
20240404;100834;1833.2;13;10035449028;S
20240404;100834;1834.4;2;10035449029;B
20240404;100834;1833;6;10035449030;S
20240404;100834;1833;12;10035449031;S
20240404;100834;1833;6;10035449032;S
20240404;100834;1833;90;10035449034;S
20240404;100834;1833;1;10035449043;S
20240404;100834;1833.2;10;10035449044;S
20240404;100834;1834.4;1;10035449045;B
20240404;100834;1833;10;10035449046;S
20240404;100834;1834.2;18;10035449047;B
20240404;100834;1834.2;21;10035449048;B
20240404;100834;1834.4;7;10035449049;B
20240404;100834;1833.2;20;10035449050;S
20240404;100834;1833.2;3;10035449051;S
20240404;100834;1833.2;18;10035449052;S
20240404;100834;1833;82;10035449053;S
20240404;100834;1833.2;6;10035449054;S
20240404;100834;1833;3;10035449055;S
20240404;100834;1833;5;10035449056;S
20240404;100834;1833;16;10035449058;S
20240404;100834;1833.2;18;10035449059;S
20240404;100834;1833;7;10035449060;S
20240404;100834;1834.2;1;10035449061;B
20240404;100834;1833;30;10035449062;S
20240404;100834;1833;1;10035449063;S
20240404;100834;1833;4;10035449065;S
20240404;100834;1833;6;10035449066;S
20240404;100834;1833;80;10035449068;S
20240404;100834;1834.2;2;10035449069;B
20240404;100834;1833;15;10035449070;S
20240404;100834;1833;7;10035449073;S
20240404;100834;1834.2;15;10035449074;B
20240404;100834;1834.2;4;10035449075;B
20240404;100834;1833;20;10035449076;S
20240404;100834;1833;3;10035449077;S
20240404;100834;1834.2;1;10035449078;B
20240404;100834;1833;2;10035449079;S
20240404;100834;1833;1;10035449080;S
20240404;100834;1833;16;10035449081;S
20240404;100834;1833;4;10035449082;S
20240404;100834;1834.2;1;10035449083;B
20240404;100834;1833;1;10035449084;S
20240404;100834;1833;38;10035449085;S
20240404;100834;1834.2;11;10035449086;B
20240404;100834;1834.2;1;10035449087;B
20240404;100834;1834.2;42;10035449094;B
20240404;100834;1834.4;55;10035449095;B
20240404;100834;1834.4;18;10035449096;B
20240404;100834;1834.6;85;10035449097;B
20240404;100834;1834.4;5;10035449099;B
20240404;100834;1834.4;1;10035449100;B
20240404;100834;1833.2;17;10035449101;S
20240404;100834;1832.8;5;10035449102;S
20240404;100834;1834.4;5;10035449104;B
20240404;100834;1834.4;5;10035449105;B
20240404;100834;1833;8;10035449119;S
20240404;100834;1833;1;10035449124;S
20240404;100834;1834.4;1;10035449125;B
20240404;100834;1834.4;1;10035449126;B
20240404;100834;1834.4;2;10035449133;B
20240404;100834;1834.4;2;10035449186;B
20240404;100834;1833;5;10035449187;S
20240404;100834;1833;18;10035449188;S
20240404;100834;1833;1;10035449189;S
20240404;100834;1833;16;10035449190;S
20240404;100834;1833;32;10035449193;S
20240404;100834;1833;28;10035449195;S
20240404;100834;1834.4;60;10035449201;B
20240404;100834;1834.4;147;10035449202;B
20240404;100834;1834.6;193;10035449203;B
20240404;100834;1834.2;1;10035449204;S
20240404;100834;1833;3;10035449205;S
20240404;100834;1833;2;10035449206;S
20240404;100834;1834.2;60;10035449207;B
20240404;100834;1832.6;150;10035449208;S
20240404;100834;1832.8;18;10035449209;S
20240404;100834;1832.8;147;10035449210;S
20240404;100834;1832.8;35;10035449211;S
20240404;100834;1832.8;23;10035449212;S
20240404;100834;1832.8;3;10035449213;S
20240404;100834;1832.8;3;10035449214;S
20240404;100834;1833;18;10035449215;S
20240404;100834;1832.8;50;10035449216;S
20240404;100834;1832.8;17;10035449217;S
20240404;100834;1832.8;50;10035449218;S
20240404;100834;1832.8;4;10035449219;S
20240404;100834;1834.2;2;10035449220;B
20240404;100834;1832.8;3;10035449221;S
20240404;100834;1832.8;4;10035449223;S
20240404;100834;1832.8;5;10035449224;S
20240404;100834;1832.8;1;10035449225;S
20240404;100834;1832.8;10;10035449226;S
20240404;100834;1833.8;84;10035449228;S
20240404;100834;1834.2;1;10035449229;B
20240404;100834;1833.8;18;10035449230;S
20240404;100834;1834.2;1;10035449234;B
20240404;100834;1833.8;1;10035449236;S
20240404;100834;1833.8;5;10035449237;S
20240404;100834;1833.8;6;10035449238;S
20240404;100834;1833.8;11;10035449239;S
20240404;100834;1833.8;2;10035449240;S
20240404;100834;1833.8;1;10035449241;S
20240404;100834;1833.8;1;10035449243;S
20240404;100834;1833.8;5;10035449244;S
20240404;100834;1834.2;10;10035449245;B
20240404;100834;1834.2;4;10035449249;B
20240404;100834;1834.4;31;10035449250;B
20240404;100834;1833.8;3;10035449253;S
20240404;100834;1833.8;11;10035449256;S
20240404;100834;1833.8;52;10035449259;S
20240404;100834;1833.8;3;10035449260;S
20240404;100834;1833.8;25;10035449263;S
20240404;100834;1833.8;98;10035449265;S
20240404;100834;1833.8;6;10035449266;S
20240404;100834;1833.8;1;10035449270;S
20240404;100834;1833.8;2;10035449271;S
20240404;100834;1833.8;10;10035449272;S
20240404;100834;1834.4;11;10035449273;B
20240404;100834;1833.8;1;10035449274;S
20240404;100834;1833.8;1;10035449275;S
20240404;100834;1834.4;1;10035449276;B
20240404;100834;1833.8;88;10035449277;S
20240404;100834;1833.8;15;10035449278;S
20240404;100834;1833.6;9;10035449279;S
20240404;100834;1833.4;1;10035449280;S
20240404;100834;1833.4;17;10035449281;S
20240404;100834;1833;18;10035449282;S
20240404;100834;1832.8;28;10035449283;S
20240404;100834;1834.4;1;10035449284;B
20240404;100834;1832.8;3;10035449285;S
20240404;100834;1832.8;15;10035449286;S
20240404;100834;1832.8;5;10035449287;S
20240404;100834;1833;1;10035449288;S
20240404;100834;1834;1;10035449290;B
20240404;100834;1833;1;10035449291;S
20240404;100834;1832.8;9;10035449292;S
20240404;100834;1832.8;2;10035449293;S
20240404;100834;1832.8;118;10035449295;S
20240404;100834;1834;4;10035449297;B
20240404;100834;1833.4;5;10035449298;S
20240404;100834;1832.8;115;10035449299;S
20240404;100834;1832.6;100;10035449300;S
20240404;100834;1832.6;5;10035449301;S
20240404;100834;1832.4;2;10035449302;S
20240404;100834;1832.4;147;10035449303;S
20240404;100834;1832.4;1;10035449304;S
20240404;100834;1832.4;18;10035449305;S
20240404;100834;1832;194;10035449306;S
20240404;100834;1832;1;10035449307;S
20240404;100834;1832;1;10035449308;S
20240404;100834;1831.8;5;10035449309;S
20240404;100834;1831.8;43;10035449310;S
20240404;100834;1833.8;1;10035449311;B
20240404;100834;1832;18;10035449314;S
20240404;100834;1832;1;10035449315;S
20240404;100834;1831.8;1;10035449316;S
20240404;100834;1831.8;61;10035449317;S
20240404;100834;1831.8;2;10035449318;S
20240404;100834;1831.8;5;10035449319;S
20240404;100834;1831.8;4;10035449320;S
20240404;100834;1831.8;10;10035449330;S
20240404;100834;1833.6;1;10035449331;B
20240404;100834;1833.6;10;10035449334;B
20240404;100834;1833.4;10;10035449351;B
20240404;100834;1833.4;5;10035449355;B
20240404;100834;1833.4;1;10035449356;B
20240404;100834;1833.6;12;10035449357;B
20240404;100834;1832;3;10035449360;S
20240404;100834;1832;6;10035449361;S
20240404;100834;1833.8;147;10035449362;B
20240404;100834;1833.8;3;10035449363;S
20240404;100834;1833;2;10035449364;S
20240404;100834;1834;5;10035449365;B
20240404;100834;1834;1;10035449366;B
20240404;100834;1833.2;1;10035449367;S
20240404;100834;1833.2;48;10035449369;S
20240404;100834;1833.6;3;10035449370;B
20240404;100834;1833.2;17;10035449371;S
20240404;100834;1833.6;5;10035449374;B
20240404;100834;1833.6;5;10035449375;B
20240404;100834;1833.6;2;10035449376;B
20240404;100834;1834;17;10035449377;B
20240404;100834;1834;110;10035449378;B
20240404;100834;1834;5;10035449379;B
20240404;100834;1834;1;10035449381;B
20240404;100834;1834;1;10035449382;B
20240404;100834;1834;29;10035449383;B
20240404;100834;1834;60;10035449384;B
20240404;100834;1834.4;36;10035449385;B
20240404;100834;1834.4;1;10035449386;B
20240404;100834;1833.2;3;10035449387;S
20240404;100834;1834.4;19;10035449389;B
20240404;100834;1834.4;2;10035449390;B
20240404;100834;1834.4;1;10035449391;B
20240404;100834;1833.2;1;10035449393;S
20240404;100834;1834.4;5;10035449394;B
20240404;100834;1834.4;1;10035449395;B
20240404;100834;1834.4;6;10035449397;B
20240404;100834;1833.2;10;10035449400;S
20240404;100834;1833.2;1;10035449401;S
20240404;100834;1834.4;45;10035449405;B
20240404;100834;1834.4;32;10035449406;B
20240404;100834;1833.2;3;10035449408;S
20240404;100834;1833.2;10;10035449409;S
20240404;100834;1834.4;46;10035449410;B
20240404;100834;1834.4;54;10035449411;B
20240404;100834;1833.2;8;10035449412;S
20240404;100834;1834.2;50;10035449417;B
20240404;100834;1834.2;1;10035449424;B
20240404;100834;1834.2;2;10035449425;B
20240404;100834;1834.2;1;10035449428;B
20240404;100834;1834.2;1;10035449429;B
20240404;100834;1834.2;10;10035449430;B
20240404;100834;1834.2;2;10035449431;B
20240404;100834;1833.4;2;10035449432;S
20240404;100834;1833.4;5;10035449433;S
20240404;100834;1833.2;11;10035449434;S
20240404;100834;1834.2;1;10035449435;B
20240404;100834;1834.2;74;10035449436;B
20240404;100834;1834.2;60;10035449437;B
20240404;100834;1834.6;366;10035449438;B
20240404;100834;1834.6;1;10035449439;B
20240404;100834;1834.6;1;10035449445;B
20240404;100834;1834.6;5;10035449457;B
20240404;100834;1834.6;30;10035449460;B
20240404;100834;1834.6;1;10035449467;B
20240404;100834;1834.6;1;10035449468;B
20240404;100834;1834.6;5;10035449469;B
20240404;100834;1833.4;10;10035449470;S
20240404;100834;1833.4;12;10035449471;S
20240404;100834;1834.6;100;10035449474;B
20240404;100834;1834.6;23;10035449475;B
20240404;100834;1833.4;10;10035449477;S
20240404;100834;1833.4;50;10035449478;S
20240404;100834;1834.6;2;10035449480;B
20240404;100834;1834.6;1;10035449481;B
20240404;100834;1834.4;18;10035449482;B
20240404;100834;1834.6;232;10035449483;B
20240404;100834;1834.6;1;10035449485;B
20240404;100834;1834.4;3;10035449486;S
20240404;100834;1834.6;100;10035449492;B
20240404;100834;1834.6;2;10035449494;B
20240404;100834;1834.6;1;10035449498;B
20240404;100834;1834.6;1;10035449499;B
20240404;100834;1834.6;1;10035449501;B
20240404;100834;1834.6;1;10035449504;B
20240404;100834;1834.4;15;10035449506;S
20240404;100834;1834.4;20;10035449507;S
20240404;100834;1834.6;1;10035449508;B
20240404;100834;1834.4;2;10035449509;S
20240404;100834;1834.6;1;10035449511;B
20240404;100834;1834.6;5;10035449513;B
20240404;100834;1834.6;1;10035449514;B
20240404;100834;1834.6;1;10035449515;B
20240404;100834;1834.4;60;10035449516;S
20240404;100834;1833.8;290;10035449517;S
20240404;100834;1833.8;20;10035449518;S
20240404;100834;1834.4;18;10035449522;B
20240404;100834;1834.4;60;10035449523;B
20240404;100834;1834.6;12;10035449524;B
20240404;100834;1834.6;1;10035449525;B
20240404;100834;1834.6;13;10035449526;B
20240404;100834;1833.8;8;10035449530;S
20240404;100834;1834.4;1;10035449532;B
20240404;100834;1834.4;1;10035449534;B
20240404;100834;1833.8;54;10035449535;S
20240404;100834;1834.4;1;10035449536;B
20240404;100834;1834.4;5;10035449537;B
20240404;100834;1834.4;1;10035449539;B
20240404;100834;1833.8;3;10035449540;S
20240404;100834;1834.4;1;10035449541;B
20240404;100834;1834.4;1;10035449543;B
20240404;100834;1833.8;55;10035449545;S
20240404;100834;1833.8;4;10035449547;S
20240404;100834;1833.8;20;10035449548;S
20240404;100834;1834.4;7;10035449549;B
20240404;100834;1834.4;25;10035449561;B
20240404;100834;1834.4;2;10035449566;B
20240404;100834;1834.4;2;10035449570;B
20240404;100834;1834.4;1;10035449572;B
20240404;100834;1834.4;1;10035449573;B
20240404;100834;1833.8;13;10035449574;S
20240404;100834;1833.8;3;10035449575;S
20240404;100834;1834.4;1;10035449587;B
20240404;100834;1834.4;33;10035449588;B
20240404;100834;1833.8;30;10035449589;S
20240404;100834;1833.8;10;10035449590;S
20240404;100834;1833.6;10;10035449591;S
20240404;100834;1833.4;28;10035449592;S
20240404;100834;1833.4;30;10035449593;S
20240404;100834;1834.4;6;10035449594;B
20240404;100834;1834.4;18;10035449595;B
20240404;100834;1834.6;1;10035449597;B
20240404;100834;1834.6;1;10035449599;B
20240404;100834;1834.6;1;10035449600;B
20240404;100834;1834.6;1;10035449601;B
20240404;100834;1834.4;26;10035449603;S
20240404;100834;1834.4;54;10035449604;S
20240404;100834;1834.6;500;10035449619;B
20240404;100834;1834.6;1;10035449623;B
20240404;100834;1834.6;1;10035449632;B
20240404;100835;1834.6;1;10035449634;B
20240404;100835;1834.6;1;10035449635;B
20240404;100835;1834.6;2;10035449636;B
20240404;100835;1834.6;100;10035449639;B
20240404;100835;1834.6;100;10035449642;B
20240404;100835;1834.4;4;10035449645;S
20240404;100835;1834.6;11;10035449646;B
20240404;100835;1834.6;500;10035449647;B
20240404;100835;1834.6;24;10035449648;B
20240404;100835;1834.6;5;10035449651;B
20240404;100835;1834.6;3;10035449654;B
20240404;100835;1834.4;7;10035449655;S
20240404;100835;1834.6;542;10035449657;B
20240404;100835;1834.8;30;10035449658;B
20240404;100835;1834.8;60;10035449659;B
20240404;100835;1835;2;10035449660;B
20240404;100835;1835;25;10035449661;B
20240404;100835;1835;91;10035449662;B
20240404;100835;1835;1;10035449663;B
20240404;100835;1834.4;5;10035449665;S
20240404;100835;1835;5;10035449668;B
20240404;100835;1835;1;10035449681;B
20240404;100835;1835;19;10035449682;B
20240404;100835;1835;6;10035449683;B
20240404;100835;1835;25;10035449684;B
20240404;100835;1835;15;10035449685;B
20240404;100835;1835;5;10035449686;B
20240404;100835;1835;5;10035449687;B
20240404;100835;1835;1;10035449688;B
20240404;100835;1835.4;1;10035449689;B
20240404;100835;1835.4;13;10035449690;B
20240404;100835;1835.4;14;10035449691;S
20240404;100835;1835.4;14;10035449702;S
20240404;100835;1835.4;5;10035449703;S
20240404;100835;1835.4;1;10035449704;S
20240404;100835;1835.4;10;10035449705;S
20240404;100835;1835.4;5;10035449706;S
20240404;100835;1835.4;3;10035449709;S
20240404;100835;1835.4;108;10035449729;S
20240404;100835;1835.4;60;10035449730;S
20240404;100835;1835.4;1;10035449731;S
20240404;100835;1835.4;41;10035449732;S
20240404;100835;1835.4;3;10035449733;S
20240404;100835;1835.4;3;10035449734;S
20240404;100835;1835.4;9;10035449737;S
20240404;100835;1835.6;8;10035449738;B
20240404;100835;1835.4;8;10035449742;S
20240404;100835;1835.4;12;10035449743;S
20240404;100835;1835.4;3;10035449744;S
20240404;100835;1835.4;3;10035449746;S
20240404;100835;1835.2;4;10035449747;S
20240404;100835;1835.2;5;10035449754;S
20240404;100835;1835.2;2;10035449759;S
20240404;100835;1835.2;1;10035449761;S
20240404;100835;1836;2;10035449762;B
20240404;100835;1835.2;8;10035449768;S
20240404;100835;1836;10;10035449774;B
20240404;100835;1836;5;10035449775;B
20240404;100835;1836.2;35;10035449776;B
20240404;100835;1835.4;2;10035449779;S
20240404;100835;1835.4;1;10035449780;S
20240404;100835;1835.4;7;10035449788;S
20240404;100835;1835.2;6;10035449789;S
20240404;100835;1835.2;3;10035449790;S
20240404;100835;1836.2;3;10035449813;B
20240404;100835;1836.2;10;10035449814;B
20240404;100835;1836.2;6;10035449815;B
20240404;100835;1836.4;2;10035449818;B
20240404;100835;1836.4;2;10035449819;B
20240404;100835;1836.4;31;10035449820;B
20240404;100835;1836.6;15;10035449821;B
20240404;100835;1836.2;5;10035449825;S
