<DATE>;<TIME>;<LAST>;<VOL>;<ID>;<OPER>
20240410;095958;1859;10;10083882317;S
20240410;095958;1859;1;10083882318;S
20240410;095958;1859;134;10083882319;S
20240410;095958;1859;6;10083882320;B
20240410;095958;1859;3;10083882321;B
20240410;095958;1859;4;10083882322;B
20240410;095958;1859;1;10083882323;B
20240410;095958;1859;1;10083882324;B
20240410;095958;1859;2;10083882325;B
20240410;095958;1859;48;10083882326;B
20240410;095958;1859;3;10083882327;B
20240410;095958;1859;25;10083882328;B
20240410;095958;1859;38;10083882329;B
20240410;095958;1859;5;10083882330;B
20240410;095958;1859;4;10083882331;B
20240410;095958;1859;1;10083882332;B
20240410;095958;1859;1;10083882333;B
20240410;095958;1859;1;10083882334;B
20240410;095958;1859;34;10083882335;B
20240410;095958;1859;20;10083882336;B
20240410;095958;1859;20;10083882337;B
20240410;095958;1859;200;10083882338;S
20240410;095958;1859;6;10083882339;B
20240410;095958;1859;1;10083882340;B
20240410;095958;1859;1;10083882341;B
20240410;095958;1859;1;10083882342;B
20240410;095958;1859;5;10083882343;B
20240410;095958;1859;20;10083882344;B
20240410;095958;1859;15;10083882345;S
20240410;095958;1859;17;10083882346;S
20240410;095958;1859;1;10083882347;S
20240410;095958;1859;1;10083882348;S
20240410;095958;1859;1;10083882349;B
20240410;095958;1859;7;10083882350;B
20240410;095958;1859;120;10083882351;S
20240410;095958;1859;20;10083882352;S
20240410;095958;1859;50;10083882353;S
20240410;095958;1859;14;10083882354;B
20240410;095958;1859;2;10083882355;B
20240410;095958;1859;1;10083882356;B
20240410;095958;1859;6;10083882357;B
20240410;095958;1859;10;10083882358;B
20240410;095958;1859;8;10083882359;B
20240410;095958;1859;1;10083882360;B
20240410;095958;1859;30;10083882361;B
20240410;095958;1859;3;10083882362;B
20240410;095958;1859;23;10083882363;B
20240410;095958;1859;27;10083882364;B
20240410;095958;1859;1;10083882365;B
20240410;095958;1859;50;10083882366;B
20240410;095958;1859;260;10083882367;B
20240410;095958;1859;1;10083882368;B
20240410;095958;1859;25;10083882369;B
20240410;095958;1859;104;10083882370;B
20240410;095958;1859;4;10083882371;B
20240410;095958;1859;241;10083882372;B
20240410;095958;1859;5;10083882373;B
20240410;095958;1859;30;10083882374;S
20240410;095958;1859;1;10083882375;S
20240410;095958;1859;41;10083882376;S
20240410;095958;1859;10;10083882377;S
20240410;095958;1859;3;10083882378;B
20240410;095958;1859;1;10083882379;B
20240410;095958;1859;1;10083882380;B
20240410;095958;1859;6;10083882381;B
20240410;095958;1859;1;10083882382;S
20240410;095958;1859;3;10083882383;S
20240410;095958;1859;1;10083882384;S
20240410;095958;1859;2;10083882385;S
20240410;095958;1859;6;10083882386;S
20240410;095958;1859;4;10083882387;S
20240410;095958;1859;26;10083882388;S
20240410;100000;1859.2;5;10083883067;B
20240410;100000;1859.2;2;10083883068;B
20240410;100000;1859.2;5;10083883069;B
20240410;100000;1859.2;5;10083883070;B
20240410;100000;1860;1;10083883273;B
20240410;100000;1860;7;10083883274;B
20240410;100000;1860;5;10083883275;B
20240410;100000;1860;10;10083883276;B
20240410;100000;1860;20;10083883277;B
20240410;100000;1860;157;10083883278;B
20240410;100001;1860;14;10083883888;B
20240410;100001;1860;1;10083883952;B
20240410;100001;1860;40;10083884034;B
20240410;100001;1860;55;10083884249;B
20240410;100001;1860;5;10083884268;B
20240410;100002;1860;15;10083884674;B
20240410;100003;1860;13;10083885051;B
20240410;100003;1860;2;10083885052;B
20240410;100003;1860.6;5;10083885083;B
20240410;100003;1860.8;13;10083885084;B
20240410;100003;1860.8;8;10083885353;B
20240410;100003;1860.8;13;10083885371;B
20240410;100003;1860.6;2;10083885382;S
20240410;100004;1860.6;3;10083885468;S
20240410;100004;1860.6;3;10083885479;S
20240410;100004;1860.8;1;10083885518;B
20240410;100004;1860.8;25;10083885519;B
20240410;100004;1860.8;13;10083885520;B
20240410;100004;1860.8;23;10083885521;B
20240410;100004;1860.8;150;10083885522;B
20240410;100004;1861;5;10083885523;B
20240410;100004;1861;18;10083885524;B
20240410;100004;1861.2;1;10083885525;B
20240410;100004;1861.8;40;10083885526;B
20240410;100004;1862;10;10083885527;B
20240410;100004;1862;5;10083885528;B
20240410;100004;1862;10;10083885529;B
20240410;100004;1862;20;10083885617;B
20240410;100004;1862;2;10083885618;B
20240410;100004;1862;9;10083885619;B
20240410;100004;1861.6;7;10083885725;S
20240410;100004;1862.2;7;10083885743;B
20240410;100004;1862.4;2;10083885744;B
20240410;100004;1862.4;21;10083885745;B
20240410;100004;1861.6;10;10083885747;S
20240410;100004;1861.4;13;10083885748;S
20240410;100004;1861.2;17;10083885749;S
20240410;100004;1862.4;25;10083885774;B
20240410;100004;1862.4;58;10083885787;B
20240410;100004;1862.6;107;10083885788;B
20240410;100004;1862.6;10;10083885861;B
20240410;100004;1862.8;16;10083885862;B
20240410;100005;1863;4;10083885972;B
20240410;100005;1862.4;17;10083886169;S
20240410;100005;1862;10;10083886170;S
20240410;100005;1862;9;10083886199;S
20240410;100005;1862;32;10083886215;S
20240410;100005;1862;5;10083886238;S
20240410;100005;1862;13;10083886248;S
20240410;100005;1862;1;10083886373;S
20240410;100005;1862;5;10083886495;S
20240410;100005;1862;5;10083886597;S
20240410;100005;1863;5;10083887093;B
20240410;100005;1863.2;1;10083887094;B
20240410;100005;1863.2;13;10083887095;B
20240410;100005;1863.2;17;10083887096;B
20240410;100005;1863.6;6;10083887097;B
20240410;100005;1863.6;65;10083887098;B
20240410;100005;1863.8;14;10083887099;B
20240410;100005;1863.8;12;10083887100;B
20240410;100005;1863.8;2;10083887101;B
20240410;100005;1862;5;10083887167;S
20240410;100005;1862.2;1;10083887341;B
20240410;100005;1863;5;10083887342;B
20240410;100005;1863.6;4;10083887343;B
20240410;100005;1863.6;1;10083887402;B
20240410;100005;1863.8;1;10083887403;B
20240410;100005;1862.4;10;10083887435;S
20240410;100005;1862.4;3;10083887605;S
20240410;100005;1862.4;10;10083887606;S
20240410;100006;1862.4;3;10083887994;S
20240410;100006;1863.2;3;10083888231;B
20240410;100006;1863.2;7;10083888236;B
20240410;100006;1863.4;65;10083888237;B
20240410;100006;1863.4;38;10083888238;B
20240410;100006;1863.4;3;10083888296;B
20240410;100006;1863.4;65;10083888297;B
20240410;100006;1863.6;132;10083888298;B
20240410;100006;1863.8;13;10083888462;B
20240410;100006;1863.8;65;10083888463;B
20240410;100006;1864;72;10083888464;B
20240410;100006;1864;1;10083889030;B
20240410;100006;1862.8;13;10083889316;S
20240410;100006;1862.8;17;10083889317;S
20240410;100006;1862.6;100;10083889318;S
20240410;100006;1862.4;120;10083889319;S
20240410;100006;1863.6;5;10083889421;B
20240410;100007;1863.6;1;10083889926;B
20240410;100007;1862.8;1;10083889927;S
20240410;100007;1863.6;2;10083889930;B
20240410;100007;1863.6;4;10083890282;B
20240410;100007;1863.6;5;10083890528;B
20240410;100007;1862.8;1;10083890529;S
20240410;100007;1862.8;3;10083890572;S
20240410;100007;1863.6;10;10083890687;B
20240410;100008;1863.6;3;10083890779;B
20240410;100008;1863.6;1;10083890780;B
20240410;100008;1863.8;6;10083890781;B
20240410;100008;1862.8;5;10083890831;S
20240410;100008;1862.6;17;10083890832;S
20240410;100008;1862.2;40;10083890833;S
20240410;100008;1862;18;10083890834;S
20240410;100008;1863.6;17;10083891036;B
20240410;100008;1863.8;59;10083891037;B
20240410;100008;1863.8;64;10083891038;B
20240410;100008;1864;260;10083891039;B
20240410;100008;1863;14;10083891204;S
20240410;100008;1862.8;17;10083891205;S
20240410;100008;1862.6;9;10083891206;S
20240410;100010;1863.8;14;10083891809;B
20240410;100010;1863.8;3;10083891825;B
20240410;100010;1863.8;2;10083891826;B
20240410;100010;1863.2;1;10083891852;S
20240410;100010;1863.8;1;10083891889;B
20240410;100010;1863.8;1;10083891922;B
20240410;100010;1863.8;1;10083891944;B
20240410;100010;1863.8;20;10083892021;B
20240410;100010;1863.2;1;10083892059;S
20240410;100010;1863.8;2;10083892072;B
20240410;100010;1863.2;1;10083892096;S
20240410;100010;1863.8;1;10083892117;B
20240410;100010;1863.8;1;10083892151;B
20240410;100010;1863.8;8;10083892169;B
20240410;100010;1863.4;4;10083892170;S
20240410;100010;1863.8;1;10083892248;B
20240410;100011;1863.8;1;10083892292;B
20240410;100011;1863.4;2;10083892334;S
20240410;100011;1863.8;1;10083892412;B
20240410;100011;1863.8;1;10083892413;B
20240410;100011;1864;17;10083892414;B
20240410;100011;1864;10;10083892415;B
20240410;100011;1864;20;10083892416;B
20240410;100011;1864;2;10083892417;B
20240410;100011;1864;3;10083892418;B
20240410;100011;1864;3;10083892419;B
20240410;100011;1864;13;10083892420;B
20240410;100011;1863.8;1;10083892444;S
20240410;100011;1864.6;1;10083892472;B
20240410;100011;1864.6;8;10083892482;B
20240410;100012;1864.6;9;10083892668;B
20240410;100012;1863.8;1;10083892716;S
20240410;100012;1864.6;7;10083892796;B
20240410;100012;1864.6;2;10083892797;B
20240410;100012;1864.6;1;10083892798;B
20240410;100012;1863.8;100;10083892802;S
20240410;100017;1863.4;10;10083893668;S
20240410;100017;1863.4;1;10083893710;B
20240410;100019;1863.4;10;10083894675;B
20240410;100020;1863.4;18;10083895132;B
20240410;100020;1863.8;1;10083895133;B
20240410;100020;1864;10;10083895134;B
20240410;100020;1864;71;10083895135;B
20240410;100021;1863.2;3;10083895363;S
20240410;100022;1863.2;9;10083895503;S
20240410;100025;1864.2;1;10083896340;B
20240410;100025;1864.2;3;10083896341;B
20240410;100025;1864.4;5;10083896342;B
20240410;100025;1864.4;6;10083896343;B
20240410;100025;1864.6;60;10083896344;B
20240410;100027;1863.8;9;10083896646;S
20240410;100027;1863.8;5;10083896671;S
20240410;100027;1863.8;5;10083896702;S
20240410;100028;1863.8;9;10083896999;S
20240410;100028;1863.8;18;10083897015;S
20240410;100028;1863.8;98;10083897174;S
20240410;100028;1863.8;17;10083897175;S
20240410;100028;1863.6;13;10083897176;S
20240410;100029;1863.2;72;10083897311;B
20240410;100029;1863.4;100;10083897440;S
20240410;100030;1863.6;1;10083897532;S
20240410;100030;1863.6;3;10083897646;S
20240410;100031;1863.6;31;10083897718;S
20240410;100031;1863.4;19;10083897719;S
20240410;100031;1863.8;17;10083897884;B
20240410;100031;1864;1;10083897885;B
20240410;100031;1863.2;9;10083897916;S
20240410;100034;1864;3;10083898318;B
20240410;100034;1864.2;5;10083898319;B
20240410;100034;1864.4;5;10083898320;B
20240410;100034;1864.4;4;10083898400;B
20240410;100034;1864.4;6;10083898401;B
20240410;100035;1863.8;5;10083898597;B
20240410;100035;1864.6;5;10083898598;B
20240410;100035;1864.6;20;10083898599;B
20240410;100038;1863.4;5;10083899337;S
20240410;100039;1864.4;4;10083899366;B
20240410;100040;1863.4;12;10083899509;S
20240410;100040;1863.4;5;10083899510;S
20240410;100040;1863.2;68;10083899511;S
20240410;100041;1864.4;6;10083899850;B
20240410;100041;1864.4;4;10083899851;B
20240410;100042;1863.4;2;10083899858;S
20240410;100042;1863.4;1;10083899961;S
20240410;100042;1863.4;3;10083900022;S
20240410;100042;1863.4;11;10083900023;S
20240410;100042;1864.4;1;10083900026;B
20240410;100042;1864.4;13;10083900027;B
20240410;100042;1864.6;23;10083900028;B
20240410;100043;1864.6;2;10083900140;B
20240410;100048;1864.4;17;10083901393;B
20240410;100048;1864.4;3;10083901394;B
20240410;100054;1864;6;10083902682;B
20240410;100054;1864.4;3;10083902683;B
20240410;100054;1864.4;4;10083902884;B
20240410;100054;1864.4;6;10083902885;B
20240410;100055;1864.6;4;10083902974;B
20240410;100055;1864.6;1;10083902975;B
20240410;100055;1864.8;1;10083902976;B
20240410;100055;1864.8;3;10083902977;B
20240410;100055;1864.8;24;10083902978;B
20240410;100055;1864;1;10083903086;S
20240410;100056;1864.8;3;10083903259;B
20240410;100056;1864.8;3;10083903286;B
20240410;100057;1864.8;1;10083903316;B
20240410;100057;1864.8;10;10083903344;B
20240410;100057;1864.8;1;10083903345;B
20240410;100057;1865;2;10083903346;B
20240410;100057;1865;1;10083903347;B
20240410;100057;1865;1;10083903348;B
20240410;100057;1865;1;10083903349;B
20240410;100057;1864.6;8;10083903417;S
20240410;100057;1864.6;1;10083903432;S
20240410;100057;1864.6;135;10083903466;S
20240410;100057;1864.4;15;10083903467;S
20240410;100058;1864.6;53;10083903759;S
20240410;100059;1864.8;1;10083903896;B
20240410;100059;1864.8;1;10083903914;B
20240410;100100;1864.6;91;10083904187;S
20240410;100100;1864.4;85;10083904188;S
20240410;100100;1864.4;17;10083904189;S
20240410;100100;1864.4;15;10083904190;S
20240410;100100;1864.4;12;10083904191;S
20240410;100100;1864;1;10083904261;S
20240410;100101;1864;2;10083904308;S
20240410;100101;1864.2;12;10083904310;B
20240410;100101;1864.2;81;10083904311;B
20240410;100101;1864.2;135;10083904312;B
20240410;100101;1864.4;70;10083904313;B
20240410;100101;1864;5;10083904393;S
20240410;100101;1864;4;10083904438;S
20240410;100101;1863.8;13;10083904439;S
20240410;100101;1863.6;12;10083904440;S
20240410;100101;1863.4;46;10083904441;S
20240410;100102;1863.2;8;10083904552;S
20240410;100103;1863.2;1;10083904873;S
20240410;100105;1863.4;4;10083905243;B
20240410;100107;1863.4;3;10083905470;B
20240410;100107;1863.4;2;10083905540;B
20240410;100107;1863.4;1;10083905589;B
20240410;100108;1863.4;8;10083905644;B
20240410;100108;1863.4;13;10083905704;B
20240410;100112;1863.2;21;10083906448;S
20240410;100112;1863.2;10;10083906551;B
20240410;100114;1863.4;1;10083906740;B
20240410;100114;1863;1;10083906844;S
20240410;100116;1862.8;1;10083907202;S
20240410;100116;1862.8;1;10083907203;S
20240410;100116;1862.6;3;10083907204;S
20240410;100116;1862.8;30;10083907256;B
20240410;100117;1862.8;10;10083907382;B
20240410;100117;1862.8;1;10083907394;B
20240410;100118;1862.8;10;10083907609;B
20240410;100119;1863.2;3;10083907815;B
20240410;100121;1863;2;10083908050;B
20240410;100121;1862.8;7;10083908054;B
20240410;100122;1862.6;11;10083908193;S
20240410;100123;1862.6;2;10083908420;S
20240410;100123;1862.6;1;10083908421;S
20240410;100123;1862.2;8;10083908422;S
20240410;100123;1862.2;12;10083908423;S
20240410;100123;1862;1;10083908424;S
20240410;100123;1862;10;10083908425;S
20240410;100123;1862;17;10083908426;S
20240410;100123;1861.8;49;10083908427;S
20240410;100123;1862.6;12;10083908436;B
20240410;100123;1862.6;10;10083908437;B
20240410;100124;1862.6;1;10083908613;B
20240410;100125;1861.8;24;10083908988;S
20240410;100125;1862;5;10083908990;B
20240410;100126;1861.8;25;10083909041;S
20240410;100126;1862;1;10083909371;B
20240410;100127;1861.8;402;10083909573;S
20240410;100127;1861.6;12;10083909574;S
20240410;100127;1861.4;1;10083909575;S
20240410;100127;1861.2;1;10083909576;S
20240410;100127;1861;18;10083909577;S
20240410;100127;1861;17;10083909578;S
20240410;100127;1861;145;10083909579;S
20240410;100127;1860.8;90;10083909580;S
20240410;100127;1860.6;220;10083909581;S
20240410;100127;1860.6;1;10083909582;S
20240410;100127;1860.4;38;10083909583;S
20240410;100127;1860.4;30;10083909584;S
20240410;100127;1860.4;46;10083909585;S
20240410;100127;1860.2;34;10083909586;S
20240410;100127;1860.2;131;10083909587;S
20240410;100127;1860;2;10083909588;S
20240410;100127;1860;62;10083909589;S
20240410;100128;1860.4;50;10083909898;S
20240410;100128;1860.2;5;10083909962;S
20240410;100129;1860.2;92;10083910084;S
20240410;100129;1860;8;10083910085;S
20240410;100132;1860.2;4;10083910661;S
20240410;100133;1860.4;4;10083910802;S
20240410;100133;1860.2;419;10083910803;S
20240410;100133;1860.2;13;10083910804;S
20240410;100133;1860;130;10083910805;S
20240410;100141;1860.6;4;10083912162;S
20240410;100141;1860.6;4;10083912163;S
20240410;100141;1860.6;13;10083912164;S
20240410;100141;1860.4;79;10083912165;S
20240410;100141;1861;1;10083912173;B
20240410;100144;1860.4;132;10083912832;S
20240410;100144;1860.4;13;10083912833;S
20240410;100144;1860.2;145;10083912834;S
20240410;100144;1860;200;10083912835;S
20240410;100144;1860;20;10083912836;S
20240410;100144;1860;4;10083912837;S
20240410;100144;1860;10;10083912838;S
20240410;100144;1860;16;10083912839;S
20240410;100144;1860;17;10083912840;S
20240410;100144;1860;1;10083912841;S
20240410;100144;1860;2;10083912842;S
20240410;100144;1859;14;10083912843;S
20240410;100144;1859;2;10083912844;S
20240410;100144;1859;3;10083912845;S
20240410;100144;1859;7;10083912846;S
20240410;100144;1859;5;10083912847;S
20240410;100144;1859;1;10083912848;S
20240410;100144;1859;1;10083912849;S
20240410;100144;1859;7;10083912850;S
20240410;100144;1859;3;10083912851;S
20240410;100144;1859;5;10083912852;S
20240410;100144;1859;10;10083912853;S
20240410;100144;1859;1;10083912854;S
20240410;100144;1859;53;10083912855;S
20240410;100144;1859;320;10083912856;S
20240410;100144;1859;8;10083912857;S
20240410;100147;1859.8;2;10083913348;B
20240410;100148;1859.8;2;10083913585;B
20240410;100148;1860;13;10083913586;B
20240410;100148;1860.2;17;10083913587;B
20240410;100148;1860.4;2;10083913588;B
20240410;100151;1860.6;2;10083913898;B
20240410;100152;1860.6;15;10083914279;B
20240410;100152;1860.8;8;10083914280;B
20240410;100152;1860.8;4;10083914281;B
20240410;100153;1860.8;2;10083914373;B
20240410;100154;1859.8;6;10083914541;S
20240410;100155;1859.8;1;10083914675;S
20240410;100155;1859.8;10;10083914749;S
20240410;100155;1859.8;10;10083914750;S
20240410;100156;1860.8;6;10083914762;B
20240410;100159;1860;2;10083915364;S
20240410;100200;1860.8;1;10083915382;B
20240410;100201;1860.8;8;10083915648;B
20240410;100201;1860.8;8;10083915649;B
20240410;100201;1860.6;4;10083915650;B
20240410;100202;1860.6;2;10083915753;B
20240410;100203;1860.6;8;10083915934;B
20240410;100206;1860.4;7;10083916481;S
20240410;100206;1860.4;12;10083916482;S
20240410;100206;1860.2;1;10083916483;S
20240410;100206;1860.4;3;10083916531;S
20240410;100210;1860.4;5;10083917047;S
20240410;100210;1860.4;1;10083917104;S
20240410;100210;1860.2;13;10083917105;S
20240410;100210;1860.2;3;10083917159;S
20240410;100210;1860.2;24;10083917160;S
20240410;100210;1860.2;19;10083917201;S
20240410;100210;1860.2;14;10083917266;S
20240410;100210;1860.2;9;10083917303;S
20240410;100211;1860.2;33;10083917499;S
20240410;100211;1860;5;10083917500;S
20240410;100211;1860;6;10083917501;S
20240410;100211;1860;4;10083917545;S
20240410;100211;1859.8;42;10083917546;S
20240410;100212;1860.4;1;10083917768;B
20240410;100212;1859.8;58;10083917811;S
20240410;100212;1859.6;2;10083917812;S
20240410;100212;1859.6;12;10083917813;S
20240410;100212;1859.4;28;10083917814;S
20240410;100212;1860.2;17;10083917819;B
20240410;100212;1860.4;27;10083917820;B
20240410;100212;1860.4;13;10083917821;B
20240410;100212;1860.6;14;10083917822;B
20240410;100213;1859.4;1;10083918050;S
20240410;100216;1859.6;3;10083918522;B
20240410;100216;1859.4;1;10083918572;S
20240410;100216;1859.2;9;10083918573;S
20240410;100216;1859.6;5;10083918616;B
20240410;100219;1859.6;1;10083919253;B
20240410;100219;1859.6;12;10083919254;B
20240410;100219;1859.8;25;10083919255;B
20240410;100221;1859.6;4;10083919562;B
20240410;100221;1859.2;5;10083919661;S
20240410;100224;1859.4;1;10083920153;B
20240410;100225;1859.2;1;10083920413;S
20240410;100227;1859.2;20;10083920716;S
20240410;100227;1859.2;20;10083920744;S
20240410;100228;1859.4;1;10083920953;B
20240410;100234;1859.2;4;10083922242;S
20240410;100237;1859.2;1;10083922822;B
20240410;100237;1859;3;10083922901;S
20240410;100237;1859;3;10083922902;S
20240410;100237;1859;1;10083922903;S
20240410;100237;1859;3;10083922904;S
20240410;100238;1859.2;32;10083923006;B
20240410;100238;1859;47;10083923017;S
20240410;100238;1859;7;10083923018;S
20240410;100240;1859.2;63;10083923241;B
20240410;100240;1859.2;30;10083923242;B
20240410;100240;1859.2;18;10083923361;S
20240410;100243;1859.2;1;10083923780;S
20240410;100243;1859;1;10083923880;S
20240410;100248;1859.4;1;10083924549;B
20240410;100248;1859.4;9;10083924611;B
20240410;100248;1859.4;1;10083924612;B
20240410;100250;1859.6;4;10083924846;B
20240410;100252;1859.6;2;10083925133;B
20240410;100253;1859.4;1;10083925255;S
20240410;100253;1859.4;3;10083925271;S
20240410;100254;1859.6;1;10083925564;B
20240410;100301;1859.6;12;10083926467;S
20240410;100301;1859.4;25;10083926468;S
20240410;100301;1859.2;17;10083926469;S
20240410;100301;1859;4;10083926470;S
20240410;100301;1859;5;10083926471;S
20240410;100301;1859;10;10083926472;S
20240410;100301;1859;60;10083926473;S
20240410;100301;1858.8;4;10083926474;S
20240410;100301;1858.8;60;10083926475;S
20240410;100301;1858.6;3;10083926476;S
20240410;100301;1858.6;100;10083926477;S
20240410;100301;1858.6;3;10083926489;S
20240410;100301;1858.6;5;10083926513;S
20240410;100301;1858.4;12;10083926514;S
20240410;100301;1858.2;25;10083926515;S
20240410;100301;1858.2;8;10083926516;S
20240410;100301;1858.2;17;10083926517;S
20240410;100301;1858.2;12;10083926518;S
20240410;100301;1858;21;10083926519;S
20240410;100301;1858;30;10083926529;S
20240410;100301;1858.8;1;10083926584;S
20240410;100301;1858.2;6;10083926585;S
20240410;100301;1858;100;10083926586;S
20240410;100302;1858.2;3;10083926712;S
20240410;100302;1858;37;10083926713;S
20240410;100306;1858.2;2;10083927627;S
20240410;100306;1858.2;12;10083927628;S
20240410;100306;1858.2;56;10083927629;B
20240410;100307;1858.8;2;10083927663;B
20240410;100311;1858.6;60;10083928165;S
20240410;100311;1858.6;13;10083928166;S
20240410;100311;1858.6;60;10083928167;S
20240410;100311;1858.2;1;10083928168;S
20240410;100311;1858;33;10083928169;S
20240410;100311;1858;10;10083928170;S
20240410;100311;1858;1;10083928171;S
20240410;100311;1858;10;10083928172;S
20240410;100311;1858;400;10083928173;S
20240410;100313;1858.4;3;10083928532;B
20240410;100314;1858.4;2;10083928707;B
20240410;100314;1858.6;8;10083928708;B
20240410;100315;1858;10;10083928876;S
20240410;100316;1858;3;10083928956;S
20240410;100316;1858.2;81;10083928974;B
20240410;100316;1858.2;63;10083928975;B
20240410;100316;1858;44;10083929006;S
20240410;100318;1858.2;1;10083929275;B
20240410;100318;1858.2;2;10083929277;B
20240410;100318;1858;5;10083929281;S
20240410;100318;1858;30;10083929290;S
20240410;100319;1858;5;10083929456;S
20240410;100320;1858.2;78;10083929591;B
20240410;100320;1858.2;145;10083929592;B
20240410;100320;1858.2;135;10083929593;B
20240410;100322;1858.2;10;10083930130;S
20240410;100324;1858.4;16;10083930662;B
20240410;100327;1858.4;1;10083931040;B
20240410;100327;1858.4;6;10083931110;B
20240410;100327;1858.4;200;10083931190;B
20240410;100328;1858.4;1;10083931220;B
20240410;100329;1858.2;20;10083931419;S
20240410;100329;1858.2;1;10083931454;S
20240410;100329;1858.4;10;10083931490;B
20240410;100331;1858.2;1;10083931857;S
20240410;100334;1858.2;20;10083932210;S
20240410;100334;1858.2;514;10083932249;S
20240410;100334;1858.4;1;10083932266;B
20240410;100336;1858.4;35;10083932731;B
20240410;100337;1858.4;10;10083932871;B
20240410;100338;1858.2;10;10083932971;S
20240410;100342;1858.2;4;10083933571;S
20240410;100346;1858.4;1;10083934085;B
20240410;100347;1858.4;5;10083934175;B
20240410;100348;1858.2;70;10083934354;S
20240410;100348;1858.4;1;10083934463;B
20240410;100349;1858.2;992;10083934567;S
20240410;100349;1858.2;8;10083934568;S
20240410;100349;1858.2;1;10083934606;B
20240410;100350;1858;1;10083934720;S
20240410;100351;1858.2;1;10083934856;B
20240410;100351;1858;1;10083934916;S
20240410;100354;1858.2;1;10083935485;B
20240410;100356;1858;1;10083935639;S
20240410;100358;1858.2;1;10083936036;B
20240410;100359;1858;3;10083936143;S
20240410;100359;1858.2;15;10083936255;B
20240410;100400;1858;1;10083936477;S
20240410;100402;1858.2;5;10083936845;B
20240410;100402;1858.2;63;10083936878;B
20240410;100402;1858.2;1;10083936879;B
20240410;100402;1858.2;21;10083936880;B
20240410;100402;1858.2;113;10083936881;B
20240410;100404;1858.4;5;10083937150;B
20240410;100407;1858.4;28;10083937488;B
20240410;100407;1858.4;44;10083937489;B
20240410;100407;1858.4;18;10083937490;B
20240410;100407;1858.4;1;10083937495;B
20240410;100411;1858.2;102;10083938042;S
20240410;100411;1858.2;81;10083938043;S
20240410;100411;1858;35;10083938044;S
20240410;100411;1858;1;10083938045;S
20240410;100411;1858;8;10083938046;S
20240410;100411;1858;1;10083938047;S
20240410;100411;1858;1;10083938048;S
20240410;100411;1858;3;10083938049;S
20240410;100411;1858;21;10083938050;S
20240410;100411;1858;47;10083938051;S
20240410;100413;1858;1;10083938447;S
20240410;100413;1857.8;2;10083938448;S
20240410;100413;1857.8;79;10083938557;S
20240410;100413;1857.8;21;10083938558;S
20240410;100414;1857.8;44;10083938621;S
20240410;100414;1857.8;81;10083938622;S
20240410;100414;1857.6;60;10083938623;S
20240410;100414;1857.6;21;10083938624;S
20240410;100414;1857.4;109;10083938625;S
20240410;100414;1857.2;12;10083938760;S
20240410;100414;1857;10;10083938761;S
20240410;100414;1857;8;10083938762;S
20240410;100414;1857;17;10083938763;S
20240410;100414;1857;28;10083938764;S
20240410;100418;1857;66;10083939377;S
20240410;100418;1857;60;10083939378;S
20240410;100418;1857;20;10083939379;S
20240410;100418;1856.8;20;10083939380;S
20240410;100418;1856.6;17;10083939381;S
20240410;100418;1856.6;20;10083939382;S
20240410;100418;1856.6;135;10083939383;S
20240410;100418;1856.6;60;10083939384;S
20240410;100418;1856.4;65;10083939385;S
20240410;100418;1856.4;145;10083939386;S
20240410;100418;1856.2;43;10083939387;S
20240410;100418;1856.2;8;10083939388;S
20240410;100418;1856;2;10083939389;S
20240410;100418;1856;3;10083939390;S
20240410;100418;1856;136;10083939391;S
20240410;100418;1856.4;12;10083939413;S
20240410;100418;1856.4;2;10083939425;S
20240410;100419;1856.4;1;10083939611;S
20240410;100419;1856.6;1;10083939620;B
20240410;100420;1856.6;1;10083939802;S
20240410;100420;1856.2;18;10083939803;S
20240410;100420;1856;64;10083939804;S
20240410;100420;1855.8;200;10083939805;S
20240410;100420;1855.8;15;10083939806;S
20240410;100420;1856.4;1;10083939810;B
20240410;100429;1856;50;10083941236;B
20240410;100436;1856.4;1;10083942219;B
20240410;100438;1856.4;15;10083942482;B
20240410;100439;1856.4;15;10083942688;S
20240410;100440;1856.4;1;10083942828;S
20240410;100443;1856.4;2;10083943158;S
20240410;100443;1856;19;10083943159;S
20240410;100443;1855.8;65;10083943160;S
20240410;100443;1855.6;6;10083943161;S
20240410;100443;1855.6;63;10083943162;S
20240410;100443;1855.6;145;10083943163;S
20240410;100443;1855.6;49;10083943164;S
20240410;100443;1855.6;9;10083943182;S
20240410;100445;1855.6;50;10083943411;S
20240410;100446;1855.6;18;10083943482;S
20240410;100446;1855.4;32;10083943483;S
20240410;100446;1855.2;18;10083943484;S
20240410;100446;1855.2;1;10083943485;S
20240410;100446;1855.2;1;10083943486;S
20240410;100446;1855.2;30;10083943487;S
20240410;100446;1855.2;10;10083943501;S
20240410;100446;1855.2;24;10083943502;S
20240410;100448;1855.2;1;10083943778;S
20240410;100449;1855.2;32;10083943964;S
20240410;100451;1856;1;10083944247;B
20240410;100453;1855.2;33;10083944464;S
20240410;100453;1855.2;67;10083944465;S
20240410;100453;1855.2;8;10083944497;S
20240410;100453;1855.2;60;10083944498;S
20240410;100453;1855.2;60;10083944499;S
20240410;100453;1855.2;18;10083944500;S
20240410;100453;1855.2;74;10083944501;S
20240410;100454;1855.2;5;10083944641;S
20240410;100455;1855.2;21;10083944768;S
20240410;100455;1855.2;32;10083944769;S
20240410;100455;1855.2;6;10083944773;S
20240410;100456;1855.2;22;10083944988;S
20240410;100456;1855.2;31;10083944989;S
20240410;100456;1855.2;15;10083944991;S
20240410;100457;1855.4;1;10083945125;B
20240410;100458;1855.4;1;10083945191;B
20240410;100458;1855.4;2;10083945281;B
20240410;100458;1855.2;50;10083945293;S
20240410;100459;1855.4;1;10083945345;B
20240410;100502;1855.2;20;10083945689;S
20240410;100502;1855.8;1;10083945706;B
20240410;100508;1855.2;30;10083946851;S
20240410;100509;1855.2;1;10083947102;S
20240410;100510;1855.2;49;10083947232;S
20240410;100511;1855.2;1;10083947422;B
20240410;100511;1855.2;1;10083947547;B
20240410;100512;1855.2;111;10083947637;B
20240410;100513;1855.2;1;10083947742;B
20240410;100515;1855.2;5;10083947988;B
20240410;100515;1855.2;3;10083948003;B
20240410;100515;1855;2;10083948008;S
20240410;100515;1855;6;10083948009;S
20240410;100515;1855;4;10083948010;S
20240410;100515;1855;100;10083948011;S
20240410;100515;1855;1;10083948012;S
20240410;100515;1855;387;10083948013;S
20240410;100515;1855;30;10083948014;S
20240410;100516;1855;360;10083948237;S
20240410;100519;1855.2;1;10083948603;B
20240410;100522;1855;1;10083949096;S
20240410;100525;1855.2;27;10083949630;B
20240410;100526;1855;25;10083949702;S
20240410;100527;1855;1;10083949934;S
20240410;100528;1855;196;10083949974;S
20240410;100528;1855;4;10083949975;S
20240410;100529;1855.2;10;10083950287;B
20240410;100530;1855;6;10083950376;S
20240410;100530;1855;1;10083950377;S
20240410;100530;1855;5;10083950378;S
20240410;100530;1855;3;10083950379;S
20240410;100530;1855;1;10083950380;S
20240410;100530;1855;10;10083950381;S
20240410;100533;1855;1;10083950785;B
20240410;100533;1855;3;10083950897;B
20240410;100535;1854.8;1;10083951193;S
20240410;100535;1854.6;1;10083951194;S
20240410;100535;1854.6;3;10083951195;S
20240410;100536;1854.6;10;10083951220;S
20240410;100536;1854.6;1;10083951269;S
20240410;100536;1854.6;2;10083951274;S
20240410;100536;1854.8;13;10083951280;B
20240410;100537;1854.8;10;10083951388;B
20240410;100537;1854.6;16;10083951458;S
20240410;100542;1854.6;1;10083952541;S
20240410;100543;1854.6;6;10083952615;S
20240410;100546;1854.6;11;10083953100;S
20240410;100546;1854.2;1;10083953101;S
20240410;100546;1854.2;3;10083953102;S
20240410;100549;1854.4;5;10083953691;B
20240410;100551;1854.4;1;10083954092;B
20240410;100551;1854.2;5;10083954104;S
20240410;100551;1854.2;2;10083954170;S
20240410;100551;1854.2;5;10083954171;S
20240410;100551;1854;63;10083954172;S
20240410;100552;1854;37;10083954311;S
20240410;100552;1854;2;10083954312;S
20240410;100552;1854;16;10083954313;S
20240410;100552;1854;5;10083954314;S
20240410;100552;1854;5;10083954328;S
20240410;100552;1854;15;10083954331;S
20240410;100554;1854;175;10083954716;S
20240410;100555;1854;25;10083954906;S
20240410;100600;1854;3;10083955538;S
20240410;100600;1854;3;10083955556;S
20240410;100602;1854;45;10083956061;S
20240410;100604;1854.2;1;10083956236;B
20240410;100604;1854;10;10083956313;S
20240410;100604;1854.2;4;10083956366;B
20240410;100604;1854.2;26;10083956367;B
20240410;100607;1854;400;10083956795;S
20240410;100608;1854;1;10083956945;S
20240410;100610;1854.2;1;10083957210;B
20240410;100610;1854;50;10083957211;S
20240410;100611;1854.2;2;10083957421;B
20240410;100612;1854;2;10083957595;S
20240410;100614;1854.2;28;10083958043;B
20240410;100616;1854;16;10083958412;S
20240410;100617;1854;49;10083958499;S
20240410;100617;1854;271;10083958523;S
20240410;100619;1854.2;88;10083959001;B
20240410;100619;1854.2;23;10083959002;B
20240410;100619;1854.2;1;10083959003;B
20240410;100619;1854.2;20;10083959004;B
20240410;100619;1854.2;20;10083959005;B
20240410;100619;1854.6;1;10083959006;B
20240410;100619;1854.8;1;10083959007;B
20240410;100619;1854.8;17;10083959008;B
20240410;100619;1854.8;29;10083959009;B
20240410;100620;1854;30;10083959240;S
20240410;100622;1854;1;10083959598;S
20240410;100624;1854.2;1;10083959930;B
20240410;100625;1854.2;1;10083960148;B
20240410;100626;1854;8;10083960415;S
20240410;100626;1854;26;10083960486;S
20240410;100628;1854;60;10083960921;S
20240410;100628;1854.2;16;10083960946;B
20240410;100629;1854;2;10083960972;S
20240410;100632;1854.2;2;10083961578;B
20240410;100635;1854;2;10083962260;S
20240410;100636;1854;1;10083962486;S
20240410;100637;1854;250;10083962720;S
20240410;100637;1854.2;33;10083962886;B
20240410;100638;1854.2;1;10083963076;B
20240410;100640;1854;1;10083963539;S
20240410;100641;1854;3;10083963566;S
20240410;100641;1854.2;5;10083963655;B
20240410;100642;1854.2;5;10083963767;B
20240410;100642;1854.2;10;10083963799;B
20240410;100642;1854;100;10083963866;S
20240410;100643;1854.2;71;10083964106;B
20240410;100643;1854.2;28;10083964107;B
20240410;100643;1854.6;17;10083964108;B
20240410;100643;1854.6;135;10083964109;B
20240410;100643;1854.6;60;10083964110;B
20240410;100643;1854.8;81;10083964111;B
20240410;100643;1854.8;60;10083964112;B
20240410;100643;1855;48;10083964113;B
20240410;100647;1854.2;1;10083964780;B
20240410;100648;1854.2;80;10083965122;B
20240410;100648;1854.2;30;10083965123;B
20240410;100652;1854.2;1;10083965959;B
20240410;100653;1854.2;1;10083966124;B
20240410;100655;1854.2;3;10083966398;B
20240410;100655;1854;3;10083966399;S
20240410;100655;1854;13;10083966400;S
20240410;100657;1854.2;1;10083966850;B
20240410;100700;1854.2;4;10083967339;B
20240410;100701;1854;50;10083967604;S
20240410;100703;1854;100;10083967955;S
20240410;100704;1854.2;1;10083968239;B
20240410;100704;1854.2;6;10083968247;B
20240410;100709;1854;18;10083969475;S
20240410;100712;1854.2;5;10083969818;B
20240410;100713;1854;4;10083970131;S
20240410;100715;1854;1;10083970517;S
20240410;100716;1854;108;10083970653;S
20240410;100716;1854;24;10083970654;S
20240410;100719;1854;1;10083971414;S
20240410;100721;1854;100;10083971724;S
20240410;100723;1854.2;1;10083972240;B
20240410;100724;1854;1;10083972380;S
20240410;100724;1854.2;6;10083972470;B
20240410;100725;1854;5;10083972554;S
20240410;100728;1854.2;60;10083973202;B
20240410;100728;1854;5;10083973282;S
20240410;100729;1854.2;26;10083973424;B
20240410;100729;1854.2;5;10083973425;B
20240410;100729;1854.4;23;10083973426;B
20240410;100730;1854.2;1;10083973653;B
20240410;100734;1854;13;10083974970;S
20240410;100738;1854.2;130;10083975803;B
20240410;100739;1854;15;10083976049;S
20240410;100742;1854;100;10083976680;S
20240410;100743;1854;55;10083976873;S
20240410;100743;1854;107;10083976874;S
20240410;100744;1854;4;10083976982;S
20240410;100744;1854;1;10083976983;S
20240410;100744;1854;95;10083976984;S
20240410;100744;1854;50;10083977153;S
20240410;100745;1854.2;2;10083977187;B
20240410;100745;1854.2;1;10083977294;B
20240410;100745;1854.2;3;10083977370;B
20240410;100746;1854;1;10083977514;S
20240410;100751;1854.2;8;10083978618;B
20240410;100751;1854.2;32;10083978619;B
20240410;100751;1854.2;60;10083978620;B
20240410;100752;1854;1;10083978897;S
20240410;100758;1854;20;10083979946;S
20240410;100758;1854;33;10083980075;S
20240410;100758;1854;1;10083980076;S
20240410;100758;1854;20;10083980077;S
20240410;100758;1854;6;10083980078;S
20240410;100758;1854;2;10083980079;S
20240410;100758;1854;1;10083980101;B
20240410;100800;1854;37;10083980309;B
20240410;100800;1854;17;10083980310;B
20240410;100803;1854;1;10083980882;B
20240410;100806;1854;1;10083981243;B
20240410;100809;1854;2;10083981728;B
20240410;100812;1853.8;1;10083982195;S
20240410;100812;1853.6;10;10083982196;S
20240410;100812;1853.6;2;10083982197;S
20240410;100812;1853.4;3;10083982198;S
20240410;100812;1853.4;10;10083982199;S
20240410;100812;1853.4;3;10083982309;B
20240410;100815;1853.4;6;10083982881;B
20240410;100815;1853.4;2;10083982936;B
20240410;100823;1853.2;4;10083985147;S
20240410;100823;1853.4;31;10083985213;B
20240410;100823;1853.4;19;10083985214;B
20240410;100824;1853.6;1;10083985437;B
20240410;100828;1853.4;2;10083986187;B
20240410;100832;1853.2;3;10083987457;S
20240410;100835;1853.2;2;10083988061;S
20240410;100835;1853.4;1;10083988081;B
20240410;100836;1853.4;10;10083988092;B
20240410;100838;1853.4;33;10083988612;B
20240410;100840;1853.2;2;10083989020;S
20240410;100840;1853.2;2;10083989021;S
20240410;100842;1853.4;12;10083989474;B
20240410;100843;1853.4;87;10083989643;B
20240410;100843;1853.4;30;10083989644;B
20240410;100843;1853.4;1;10083989645;B
20240410;100843;1853.4;1;10083989646;B
20240410;100843;1853.6;1;10083989647;B
20240410;100843;1853.6;1;10083989648;B
20240410;100843;1854;12;10083989649;B
20240410;100843;1853.2;7;10083989699;S
20240410;100843;1853.2;8;10083989700;S
20240410;100844;1853.2;73;10083989993;S
20240410;100844;1853.2;65;10083989994;S
20240410;100844;1853;1;10083989995;S
20240410;100844;1853;1;10083989996;S
20240410;100844;1853;50;10083989997;S
20240410;100844;1853;1;10083989998;S
20240410;100844;1853;1;10083989999;S
20240410;100844;1853;1;10083990000;S
20240410;100844;1853;1;10083990001;S
20240410;100844;1853;30;10083990002;S
20240410;100844;1853;60;10083990003;S
20240410;100844;1853;60;10083990004;S
20240410;100844;1852.6;1;10083990008;S
20240410;100847;1852.6;1;10083990533;S
20240410;100848;1853;5;10083990693;B
20240410;100853;1852.8;3;10083991765;B
20240410;100853;1853;1;10083991766;B
20240410;100854;1852.8;30;10083991894;S
20240410;100854;1852.8;16;10083991895;S
20240410;100855;1852.8;3;10083992075;S
20240410;100856;1852.8;1;10083992114;S
20240410;100902;1853;154;10083993515;B
20240410;100902;1853;14;10083993516;B
20240410;100902;1853;5;10083993517;B
20240410;100902;1853;1;10083993518;B
20240410;100903;1852.8;60;10083993751;S
20240410;100906;1853;2;10083994274;B
20240410;100907;1852.8;7;10083994438;S
20240410;100907;1852.8;3;10083994439;S
20240410;100910;1852.6;3;10083995195;S
20240410;100913;1852.6;10;10083995702;S
20240410;100914;1852.6;50;10083995735;S
20240410;100914;1852.4;5;10083995736;S
20240410;100915;1852.4;27;10083995918;S
20240410;100919;1852.4;3;10083996610;S
20240410;100926;1852.4;2;10083998929;S
20240410;100930;1852.8;1;10083999645;B
20240410;100930;1852.8;3;10083999646;B
20240410;100932;1852.8;81;10084000069;B
20240410;100932;1852.8;30;10084000070;B
20240410;100932;1853;203;10084000071;B
20240410;100932;1853;1;10084000072;B
20240410;100932;1853;260;10084000073;B
20240410;100932;1853;52;10084000074;B
20240410;100932;1853;145;10084000075;B
20240410;100932;1853.2;17;10084000076;B
20240410;100932;1853.2;3;10084000077;B
20240410;100932;1853.4;10;10084000078;B
20240410;100932;1853.4;20;10084000079;B
20240410;100932;1853.6;13;10084000080;B
20240410;100932;1853.6;60;10084000081;B
20240410;100932;1853.8;105;10084000082;B
20240410;100933;1852.6;17;10084000383;S
20240410;100933;1852.6;13;10084000384;S
20240410;100933;1852.6;60;10084000385;S
20240410;100933;1852.6;60;10084000386;S
20240410;100933;1852.6;13;10084000387;S
20240410;100938;1853;1;10084001117;B
20240410;100943;1853;9;10084002239;B
20240410;100943;1853;29;10084002240;B
20240410;100943;1853;2;10084002241;B
20240410;100945;1852.8;1;10084002677;S
20240410;100945;1852.8;9;10084002678;S
20240410;100947;1853.4;81;10084002992;B
20240410;100947;1853.4;135;10084002993;B
20240410;100947;1853.4;20;10084002994;B
20240410;100947;1853.4;29;10084002995;B
20240410;100947;1853.6;145;10084002996;B
20240410;100947;1853.6;17;10084002997;B
20240410;100947;1853.8;13;10084002998;B
20240410;100947;1853.8;2;10084002999;B
20240410;100947;1854;8;10084003000;B
20240410;100947;1854;20;10084003001;B
20240410;100947;1854;40;10084003002;B
20240410;100947;1854;48;10084003003;S
20240410;100948;1854.4;1;10084003101;B
20240410;100948;1854.6;4;10084003102;B
20240410;100948;1854.6;60;10084003152;B
20240410;100950;1854;442;10084003301;S
20240410;100950;1853.8;29;10084003302;S
20240410;100950;1853.6;17;10084003303;S
20240410;100950;1853.6;12;10084003304;S
20240410;100952;1854;1;10084003591;B
20240410;100959;1853.2;17;10084004920;S
20240410;100959;1853.2;1;10084004921;S
20240410;100959;1853;1;10084004922;S
20240410;100959;1853;59;10084004923;S
20240410;100959;1853.2;10;10084004973;S
20240410;100959;1853;1;10084004974;S
20240410;100959;1853;9;10084004975;S
20240410;101002;1852.8;10;10084005777;S
20240410;101006;1853.2;10;10084006479;B
20240410;101010;1853;2;10084007100;S
20240410;101012;1853;2;10084007433;S
20240410;101017;1853.2;1;10084008085;B
20240410;101019;1853;9;10084008415;S
20240410;101019;1853;12;10084008503;S
20240410;101019;1853;28;10084008504;S
20240410;101019;1853;50;10084008505;S
20240410;101019;1853;60;10084008506;S
20240410;101019;1853;10;10084008507;S
20240410;101022;1853;1;10084008977;B
20240410;101023;1853;5;10084009124;B
20240410;101024;1853;10;10084009378;B
20240410;101026;1852.8;1;10084009649;S
20240410;101026;1852.8;20;10084009650;S
20240410;101027;1853;14;10084009795;B
20240410;101027;1853;310;10084009822;B
20240410;101033;1853;90;10084010750;S
20240410;101033;1853;10;10084010751;S
20240410;101033;1853.2;60;10084010752;B
20240410;101038;1853.2;32;10084011454;B
20240410;101042;1853.2;10;10084012076;B
20240410;101042;1853.2;8;10084012089;B
20240410;101044;1853.2;17;10084012352;B
20240410;101044;1853.2;3;10084012486;B
20240410;101045;1853.2;1;10084012607;B
20240410;101046;1853;50;10084012735;S
20240410;101046;1853;10;10084012736;S
20240410;101046;1853;28;10084012737;S
20240410;101046;1853;876;10084012738;S
20240410;101046;1853;81;10084012739;S
20240410;101046;1853;65;10084012740;S
20240410;101046;1853;100;10084012741;S
20240410;101046;1853;10;10084012742;S
20240410;101046;1853;135;10084012743;S
20240410;101046;1853;145;10084012744;S
20240410;101047;1853.2;10;10084012916;B
20240410;101049;1853.2;7;10084013203;B
20240410;101049;1853.2;11;10084013204;B
20240410;101049;1853.2;1;10084013205;B
20240410;101049;1853.2;17;10084013206;B
20240410;101049;1853.2;1;10084013207;B
20240410;101050;1853.8;1;10084013636;S
20240410;101050;1853.6;2;10084013637;S
20240410;101057;1854.2;5;10084015069;B
20240410;101100;1854.2;3;10084015846;B
20240410;101106;1854.6;1;10084017077;B
20240410;101106;1854.6;19;10084017078;B
20240410;101107;1854.6;10;10084017123;S
20240410;101112;1854.8;1;10084018077;B
20240410;101112;1854.8;17;10084018078;B
20240410;101112;1855;4;10084018079;B
20240410;101112;1855;54;10084018080;B
20240410;101114;1855;70;10084018307;B
20240410;101114;1855;17;10084018373;B
20240410;101121;1854.8;1;10084019622;S
20240410;101121;1854.6;10;10084019623;S
20240410;101121;1854.6;16;10084019624;S
20240410;101121;1854.4;19;10084019659;S
20240410;101122;1854.4;30;10084019944;S
20240410;101123;1855;128;10084020109;B
20240410;101123;1855;5;10084020110;B
20240410;101123;1855.2;91;10084020111;B
20240410;101123;1855.2;1133;10084020112;B
20240410;101125;1855.2;567;10084020398;B
20240410;101125;1855.2;13;10084020399;B
20240410;101125;1855.2;1;10084020400;B
20240410;101125;1855.2;1;10084020401;B
20240410;101125;1855.4;6;10084020402;B
20240410;101126;1855.4;44;10084020782;S
20240410;101127;1855.2;26;10084020916;S
20240410;101127;1855;20;10084020917;S
20240410;101127;1855;6;10084020918;S
20240410;101136;1855;71;10084022572;S
20240410;101136;1855;26;10084022573;S
20240410;101136;1855;10;10084022574;S
20240410;101136;1855;100;10084022575;S
20240410;101136;1854.8;8;10084022576;S
20240410;101137;1855;14;10084022738;B
20240410;101140;1855;10;10084023049;B
20240410;101141;1855;8;10084023340;B
20240410;101141;1855;50;10084023470;B
20240410;101144;1854.6;13;10084024008;S
20240410;101145;1855;20;10084024137;B
20240410;101151;1854.6;1;10084025269;S
20240410;101155;1855;1;10084025858;B
20240410;101156;1855;30;10084025973;B
20240410;101158;1855;214;10084026239;B
20240410;101200;1855;1;10084026574;B
20240410;101200;1855;31;10084026590;B
20240410;101200;1855;32;10084026591;B
20240410;101202;1855.6;1;10084026850;S
20240410;101205;1856;1;10084027222;B
20240410;101211;1856;1;10084028074;B
20240410;101211;1855.8;1;10084028125;S
20240410;101213;1856;1;10084028307;B
20240410;101214;1855.8;3;10084028455;S
20240410;101214;1855.8;17;10084028536;S
20240410;101217;1856;5;10084029005;B
20240410;101218;1855.8;17;10084029143;S
20240410;101218;1855.8;1;10084029175;S
20240410;101221;1855.8;12;10084029446;S
20240410;101221;1855.8;10;10084029447;S
20240410;101221;1855.6;26;10084029448;S
20240410;101221;1855.4;17;10084029449;S
20240410;101221;1855.2;3;10084029450;S
20240410;101223;1855.8;100;10084030002;S
20240410;101223;1855.4;15;10084030013;S
20240410;101229;1856;1;10084031081;B
20240410;101232;1856.4;1;10084031571;B
20240410;101237;1856.4;33;10084032405;B
20240410;101245;1855.8;1;10084033627;S
20240410;101249;1856.4;5;10084034531;B
20240410;101249;1856.4;14;10084034532;B
20240410;101249;1856.4;31;10084034533;B
20240410;101251;1855.8;1;10084034828;S
20240410;101253;1855.8;3;10084035398;S
20240410;101253;1855.6;11;10084035399;S
20240410;101253;1855.4;17;10084035400;S
20240410;101253;1855.2;65;10084035401;S
20240410;101253;1855;1;10084035402;S
20240410;101253;1855;29;10084035403;S
20240410;101253;1854.8;35;10084035404;S
20240410;101253;1854.8;4;10084035405;S
20240410;101253;1854.8;1;10084035534;S
20240410;101253;1854.6;6;10084035535;S
20240410;101253;1854.6;25;10084035536;S
20240410;101253;1854.4;18;10084035537;S
20240410;101254;1855.2;3;10084035677;B
20240410;101255;1855.2;1;10084035793;B
20240410;101308;1855.4;8;10084037986;B
20240410;101321;1855.4;50;10084039821;B
20240410;101323;1855.4;10;10084040276;B
20240410;101323;1855.4;60;10084040277;B
20240410;101323;1855.4;24;10084040278;B
20240410;101323;1855.6;17;10084040279;B
20240410;101323;1855.8;2;10084040280;B
20240410;101323;1856.2;88;10084040281;B
20240410;101326;1856;1;10084040823;B
20240410;101327;1856;5;10084040831;B
20240410;101327;1856;7;10084040916;B
20240410;101327;1856;60;10084040917;B
20240410;101327;1856;60;10084040918;B
20240410;101327;1856;24;10084040919;B
20240410;101327;1856.2;19;10084040920;B
20240410;101327;1856.2;14;10084040921;B
20240410;101327;1856.2;22;10084040922;B
20240410;101328;1855.2;1;10084041017;S
20240410;101340;1856;1;10084042774;B
20240410;101340;1856;60;10084042775;B
20240410;101340;1856;50;10084042776;B
20240410;101348;1855.4;10;10084043936;S
20240410;101352;1855.4;2;10084044409;S
20240410;101353;1855.4;21;10084044522;S
20240410;101353;1855.2;12;10084044523;S
20240410;101355;1855.2;5;10084044793;S
20240410;101355;1855.2;8;10084044794;S
20240410;101356;1855.2;20;10084045104;S
20240410;101356;1855.2;8;10084045141;S
20240410;101356;1855;1;10084045142;S
20240410;101356;1855;1;10084045143;S
20240410;101356;1855;4;10084045144;S
20240410;101358;1855;16;10084045351;S
20240410;101358;1854.8;8;10084045352;S
20240410;101358;1854.8;3;10084045353;S
20240410;101404;1855.2;4;10084046372;B
20240410;101405;1854.6;5;10084046482;S
20240410;101409;1854.6;1;10084047273;S
20240410;101412;1854.6;2;10084047885;S
20240410;101413;1854.4;2;10084048158;S
20240410;101413;1854.4;7;10084048159;S
20240410;101414;1854.4;3;10084048410;S
20240410;101414;1854.4;2;10084048411;S
20240410;101414;1854.4;6;10084048418;B
20240410;101414;1854.4;10;10084048419;B
20240410;101418;1854.2;70;10084048956;S
20240410;101418;1854.4;10;10084049043;B
20240410;101421;1854.2;78;10084049392;S
20240410;101426;1854.2;28;10084050210;S
20240410;101434;1854.6;23;10084051690;B
20240410;101434;1854.6;6;10084051691;B
20240410;101438;1854.8;33;10084052162;B
20240410;101447;1854.4;1;10084053297;S
20240410;101449;1854.2;2;10084053559;S
20240410;101451;1854.6;80;10084053926;B
20240410;101500;1854.6;2;10084055191;B
20240410;101500;1854.6;98;10084055192;B
20240410;101500;1855;17;10084055279;B
20240410;101500;1855.2;1;10084055280;B
20240410;101501;1855.2;22;10084055428;S
20240410;101501;1855;8;10084055429;S
20240410;101506;1855.4;1;10084056709;S
20240410;101518;1855.8;1;10084059485;B
20240410;101520;1855.4;11;10084060049;S
20240410;101526;1855.4;1;10084061192;S
20240410;101530;1855.8;2;10084061929;B
20240410;101535;1855.6;20;10084063139;S
20240410;101535;1855.4;16;10084063140;S
20240410;101535;1855.4;21;10084063141;S
20240410;101535;1855.2;65;10084063146;S
20240410;101535;1855.2;5;10084063147;S
20240410;101535;1855.2;29;10084063148;S
20240410;101535;1856;1;10084063216;B
20240410;101537;1856;1;10084063535;B
20240410;101538;1856;1;10084063830;B
20240410;101541;1855.8;1;10084064637;S
20240410;101548;1855.2;10;10084066111;S
20240410;101548;1855.2;36;10084066112;S
20240410;101606;1855.2;1;10084069087;B
20240410;101606;1855.4;4;10084069094;B
20240410;101613;1855;1;10084070299;S
20240410;101616;1855;1;10084070814;S
20240410;101616;1855;1;10084070842;S
20240410;101616;1855;4;10084070843;S
20240410;101620;1855.2;2;10084071356;S
20240410;101620;1855.2;1;10084071357;S
20240410;101620;1855;46;10084071358;S
20240410;101620;1855;2;10084071411;S
20240410;101620;1855.2;1;10084071475;B
20240410;101626;1855;38;10084072491;S
20240410;101630;1855.2;1;10084073058;B
20240410;101631;1855.2;1;10084073162;B
20240410;101631;1855.2;20;10084073183;B
20240410;101632;1855.2;3;10084073319;B
20240410;101632;1855;1;10084073516;S
20240410;101633;1855;1;10084073560;S
20240410;101634;1855.2;1;10084073793;B
20240410;101638;1855.2;21;10084074371;B
20240410;101638;1855.4;12;10084074372;B
20240410;101639;1855;8;10084074461;S
20240410;101639;1855;10;10084074462;S
20240410;101639;1855;2;10084074494;B
20240410;101641;1855;10;10084074860;B
20240410;101641;1855;3;10084074861;B
20240410;101644;1855.4;1;10084075418;B
20240410;101646;1854.8;12;10084075774;S
20240410;101646;1854.8;9;10084075775;S
20240410;101646;1854.8;2;10084075776;S
20240410;101646;1854.6;20;10084075777;S
20240410;101646;1854.4;188;10084075778;S
20240410;101646;1854.2;7;10084075779;S
20240410;101646;1854.2;1;10084075780;S
20240410;101646;1854.2;3;10084075781;S
20240410;101646;1854.2;29;10084075782;S
20240410;101651;1854.2;9;10084076441;S
20240410;101651;1854;14;10084076442;S
20240410;101654;1854.2;5;10084077007;B
20240410;101656;1854.2;6;10084077603;B
20240410;101657;1854;6;10084077696;S
20240410;101657;1854;1;10084077697;S
20240410;101657;1854;7;10084077698;S
20240410;101657;1854.2;6;10084077919;B
20240410;101659;1854;1;10084078203;S
20240410;101701;1854;17;10084078510;S
20240410;101701;1854;2;10084078511;S
20240410;101701;1854;1;10084078512;S
20240410;101702;1853.6;13;10084078724;S
20240410;101702;1853.6;32;10084078760;S
20240410;101703;1853.8;5;10084078995;B
20240410;101704;1853.8;4;10084079115;B
20240410;101704;1853.6;46;10084079138;S
20240410;101704;1853.6;33;10084079235;S
20240410;101704;1853.6;13;10084079320;S
20240410;101704;1853.6;1;10084079326;S
20240410;101705;1853.6;1;10084079402;S
20240410;101705;1853.6;1;10084079412;S
20240410;101705;1853.6;46;10084079466;S
20240410;101705;1853.6;1;10084079583;S
20240410;101705;1853.6;5;10084079597;S
20240410;101705;1853.6;41;10084079656;S
20240410;101705;1853.6;1;10084079685;S
20240410;101705;1853.8;2;10084079717;B
20240410;101705;1853.6;1;10084079718;S
20240410;101705;1853.6;3;10084079754;S
20240410;101705;1853.6;1;10084079805;S
20240410;101705;1853.6;1;10084079806;S
20240410;101706;1853.6;4;10084079896;S
20240410;101706;1853.6;1;10084080014;S
20240410;101707;1853.6;4;10084080069;S
20240410;101707;1853.6;1;10084080073;S
20240410;101707;1853.6;4;10084080116;S
20240410;101708;1853.6;20;10084080346;S
20240410;101711;1853.6;2;10084080787;S
20240410;101713;1853.6;24;10084081041;S
20240410;101713;1853.2;17;10084081042;S
20240410;101713;1853.2;2;10084081043;S
20240410;101713;1853;10;10084081123;S
20240410;101713;1853;4;10084081124;S
20240410;101713;1853;30;10084081125;S
20240410;101713;1853.2;3;10084081228;B
20240410;101714;1853;2;10084081381;S
20240410;101714;1853.2;1;10084081444;B
20240410;101715;1853;5;10084081481;S
20240410;101722;1853;1;10084083539;S
20240410;101724;1853;3;10084083845;S
20240410;101727;1853.2;3;10084084237;B
20240410;101727;1853;5;10084084383;S
20240410;101730;1853;8;10084084764;S
20240410;101730;1853;1;10084084765;S
20240410;101730;1852.8;13;10084084766;S
20240410;101730;1852.8;478;10084084767;S
20240410;101730;1852.8;3;10084084843;S
20240410;101731;1853;20;10084084961;B
20240410;101732;1852.8;19;10084085080;S
20240410;101732;1852.8;14;10084085126;B
20240410;101733;1852.6;4;10084085261;S
20240410;101733;1852.6;2;10084085262;S
20240410;101733;1852.6;1;10084085263;S
20240410;101733;1852.6;1;10084085264;S
20240410;101733;1852.6;3;10084085265;S
20240410;101736;1852.6;47;10084085868;S
20240410;101736;1852.6;1;10084085869;S
20240410;101736;1852.4;62;10084085870;S
20240410;101738;1852.4;1;10084086132;S
20240410;101738;1852.4;9;10084086133;S
20240410;101739;1852.6;5;10084086491;B
20240410;101740;1852.6;13;10084086631;B
20240410;101742;1852.4;15;10084086909;S
20240410;101744;1852.6;1;10084087142;B
20240410;101749;1852.6;2;10084087724;B
20240410;101749;1852.4;2;10084087753;S
20240410;101749;1852.4;125;10084087779;S
20240410;101750;1852.6;1;10084087902;B
20240410;101753;1852.4;49;10084088706;S
20240410;101753;1852.4;10;10084088707;S
20240410;101753;1852.4;1;10084088708;S
20240410;101753;1852.4;8;10084088709;S
20240410;101753;1852.4;28;10084088710;S
20240410;101753;1852.4;44;10084088711;S
20240410;101753;1852.4;1;10084088712;S
20240410;101754;1852.4;12;10084088889;B
20240410;101755;1852.2;1;10084089267;S
20240410;101755;1852.2;3;10084089268;S
20240410;101756;1852.4;7;10084089350;B
20240410;101756;1852.2;7;10084089351;S
20240410;101756;1852.2;1;10084089352;S
20240410;101756;1852.2;10;10084089353;S
20240410;101756;1852.2;3;10084089354;S
20240410;101756;1852.2;2;10084089441;S
20240410;101757;1852.2;2;10084089548;S
20240410;101759;1852.4;1;10084089773;B
20240410;101759;1852.2;2;10084089812;S
20240410;101803;1852.2;2;10084090433;S
20240410;101805;1852.2;2;10084090852;S
20240410;101805;1852.2;5;10084090853;S
20240410;101805;1852.2;1;10084090854;S
20240410;101805;1852.2;3;10084090855;S
20240410;101807;1852.4;3;10084091180;B
20240410;101807;1852.2;1;10084091209;S
20240410;101809;1852.2;16;10084091403;S
20240410;101809;1852;5;10084091404;S
20240410;101809;1852;88;10084091405;S
20240410;101809;1852;12;10084091415;S
20240410;101809;1852;1;10084091416;S
20240410;101809;1852;1;10084091417;S
20240410;101809;1852;6;10084091418;S
20240410;101809;1852.2;20;10084091442;B
20240410;101810;1852;4;10084091559;S
20240410;101810;1852;30;10084091560;S
20240410;101811;1852;20;10084091764;S
20240410;101811;1852;16;10084091765;S
20240410;101811;1852;10;10084091766;S
20240410;101811;1852;10;10084091767;S
20240410;101812;1851.8;20;10084091935;B
20240410;101812;1851.8;135;10084091936;B
20240410;101812;1851.8;21;10084091937;B
20240410;101812;1851.8;24;10084091938;B
20240410;101812;1851.8;1;10084091940;B
20240410;101812;1851.8;2;10084091952;B
20240410;101813;1851.6;10;10084092021;S
20240410;101813;1851.6;42;10084092033;S
20240410;101813;1851.4;10;10084092034;S
20240410;101813;1851.4;2;10084092035;S
20240410;101813;1851.4;10;10084092036;S
20240410;101813;1851.4;6;10084092037;S
20240410;101814;1851.2;6;10084092084;S
20240410;101814;1851.2;14;10084092152;S
20240410;101814;1851.2;25;10084092153;S
20240410;101814;1851.2;40;10084092194;S
20240410;101814;1851.2;9;10084092195;S
20240410;101815;1851.4;1;10084092273;B
20240410;101816;1851.2;9;10084092489;S
20240410;101817;1851.2;27;10084092748;S
20240410;101818;1851.2;10;10084092776;S
20240410;101818;1851.4;1;10084092837;B
20240410;101822;1851.2;1;10084093367;B
20240410;101823;1851;3;10084093614;S
20240410;101823;1851;2;10084093615;S
20240410;101823;1851;10;10084093616;S
20240410;101823;1851;1;10084093617;S
20240410;101823;1851;1;10084093618;S
20240410;101823;1851;2;10084093619;S
20240410;101823;1851;2;10084093620;S
20240410;101823;1851;1;10084093621;S
20240410;101823;1851;5;10084093622;S
20240410;101823;1850.8;17;10084093647;S
20240410;101823;1850.8;10;10084093653;S
20240410;101823;1851;2;10084093761;B
20240410;101824;1850.8;38;10084093820;S
20240410;101824;1850.6;1;10084093821;S
20240410;101824;1850.6;1;10084093822;S
20240410;101824;1850.6;10;10084093823;S
20240410;101824;1850.6;25;10084093824;S
20240410;101824;1851;100;10084093926;B
20240410;101824;1851;7;10084093932;B
20240410;101824;1850.8;50;10084093995;S
20240410;101824;1850.8;8;10084094108;S
20240410;101825;1850.8;5;10084094115;S
20240410;101827;1850.8;20;10084094679;S
20240410;101828;1850.8;20;10084094875;S
20240410;101830;1850.8;6;10084095236;S
20240410;101831;1851;1;10084095309;B
20240410;101832;1850.8;1;10084095602;S
20240410;101833;1850.8;2;10084095666;S
20240410;101833;1851;6;10084095758;B
20240410;101834;1850.8;29;10084095913;S
20240410;101835;1850.8;6;10084096038;B
20240410;101835;1850.8;64;10084096039;B
20240410;101835;1850.8;22;10084096040;B
20240410;101835;1850.8;8;10084096041;B
20240410;101837;1850.6;109;10084096550;S
20240410;101837;1850.6;1;10084096551;S
20240410;101837;1850.6;1;10084096552;S
20240410;101837;1850.4;2;10084096553;S
20240410;101837;1850.4;22;10084096554;S
20240410;101837;1850.4;15;10084096555;S
20240410;101837;1850.4;43;10084096630;S
20240410;101837;1850.4;60;10084096631;S
20240410;101837;1850.2;14;10084096632;S
20240410;101838;1850.2;1;10084096825;S
20240410;101838;1850.2;9;10084096894;S
20240410;101838;1850.4;19;10084096908;B
20240410;101838;1850.6;12;10084096909;B
20240410;101838;1850.6;1;10084096910;B
20240410;101838;1850.4;1;10084096942;S
20240410;101841;1850.8;7;10084097561;B
20240410;101843;1850.2;1;10084097949;S
20240410;101844;1850.2;5;10084098160;S
20240410;101844;1850.2;5;10084098266;S
20240410;101848;1850.4;22;10084099270;S
20240410;101848;1850.4;60;10084099271;S
20240410;101848;1850.4;62;10084099272;S
20240410;101848;1850.6;1;10084099444;B
20240410;101850;1850.4;3;10084099947;S
20240410;101851;1850.6;2;10084100166;B
20240410;101851;1850.6;4;10084100168;B
20240410;101900;1850.4;12;10084101467;S
20240410;101902;1850.4;1;10084101625;S
20240410;101903;1850.6;1;10084101879;B
20240410;101904;1850.6;5;10084101956;B
20240410;101904;1850.6;1;10084101967;B
20240410;101904;1850.4;20;10084102031;S
20240410;101908;1850.4;2;10084102526;S
20240410;101913;1850.6;1;10084103616;B
20240410;101913;1850.4;36;10084103643;S
20240410;101913;1850.4;19;10084103644;S
20240410;101917;1850.6;6;10084104279;B
20240410;101919;1850.6;4;10084104560;B
20240410;101919;1850.4;46;10084104595;S
20240410;101919;1850.4;1;10084104596;S
20240410;101919;1850.4;22;10084104597;S
20240410;101919;1850.4;3;10084104598;S
20240410;101920;1850.4;10;10084105097;S
20240410;101921;1850.4;62;10084105249;S
20240410;101921;1850.4;50;10084105281;S
20240410;101924;1850.4;22;10084106075;S
20240410;101924;1850.4;1;10084106076;S
20240410;101925;1850.2;20;10084106117;S
20240410;101929;1850.4;15;10084107217;B
20240410;101930;1850.2;2;10084107274;S
20240410;101931;1850.4;2;10084107512;B
20240410;101933;1850.4;5;10084108111;B
20240410;101935;1850.2;5;10084108327;S
20240410;101936;1850.4;1;10084108537;B
20240410;101936;1850.4;2;10084108694;B
20240410;101936;1850.2;1;10084108704;S
20240410;101937;1850.2;5;10084108974;S
20240410;101938;1850.2;5;10084109000;S
20240410;101938;1850.2;158;10084109045;S
20240410;101940;1850.4;1;10084109318;B
20240410;101941;1850.2;5;10084109672;S
20240410;101941;1850.2;50;10084109725;S
20240410;101943;1850.2;3;10084110058;S
20240410;101944;1850.4;3;10084110128;B
20240410;101945;1850.2;5;10084110259;S
20240410;101946;1850.2;10;10084110482;S
20240410;101946;1850.4;5;10084110545;B
20240410;101946;1850.4;20;10084110546;B
20240410;101946;1850.2;38;10084110609;S
20240410;101948;1850.2;3;10084110918;S
20240410;101948;1850.2;5;10084110940;S
20240410;101949;1850.4;3;10084111057;B
20240410;101949;1850.4;1;10084111058;B
20240410;101949;1850.4;86;10084111059;B
20240410;101951;1850.2;5;10084111430;S
20240410;101952;1850.2;1;10084111609;S
20240410;101953;1850.4;24;10084111687;B
20240410;101953;1850.4;190;10084111688;B
20240410;101953;1850.4;1;10084111689;B
20240410;101953;1850.4;1;10084111690;B
20240410;101954;1850.6;5;10084111870;B
20240410;101954;1850.6;10;10084111871;B
20240410;101954;1850.6;200;10084111872;B
20240410;101954;1850.8;8;10084111873;B
20240410;101954;1850.8;24;10084111874;B
20240410;101954;1850.8;5;10084111875;B
20240410;101954;1850.8;1;10084111876;B
20240410;101954;1851;5;10084111916;B
20240410;101954;1851;2;10084112104;S
20240410;101955;1851;3;10084112213;S
20240410;101955;1851;50;10084112241;S
20240410;101958;1851.2;2;10084112840;B
20240410;102000;1851.2;5;10084113375;B
20240410;102000;1851.2;11;10084113435;B
20240410;102000;1851.2;13;10084113436;B
20240410;102002;1851;5;10084113854;S
20240410;102003;1851;13;10084114027;S
20240410;102003;1851;27;10084114028;S
20240410;102004;1851;5;10084114156;S
20240410;102005;1851.8;16;10084114458;B
20240410;102005;1852;94;10084114459;B
20240410;102011;1850.8;20;10084115760;S
20240410;102011;1851.4;1;10084115919;B
20240410;102011;1851.6;1;10084115920;B
20240410;102015;1851;18;10084116758;S
20240410;102015;1850.8;45;10084116759;S
20240410;102015;1850.8;54;10084116760;S
20240410;102015;1851.8;10;10084116871;B
20240410;102020;1850.8;1;10084117588;S
20240410;102020;1850.8;1;10084117589;S
20240410;102020;1850.8;18;10084117590;S
20240410;102020;1850.6;3;10084117591;S
20240410;102020;1850.6;13;10084117592;S
20240410;102020;1850.6;135;10084117593;S
20240410;102020;1850.6;65;10084117594;S
20240410;102020;1850.6;22;10084117595;S
20240410;102020;1850.4;1;10084117596;S
20240410;102020;1850.4;60;10084117597;S
20240410;102020;1850.2;74;10084117598;S
20240410;102020;1850.2;1;10084117599;S
20240410;102020;1850.2;11;10084117600;S
20240410;102020;1850.2;1;10084117601;S
20240410;102020;1850.2;10;10084117602;S
20240410;102020;1850.2;50;10084117603;S
20240410;102020;1850.2;100;10084117604;S
20240410;102020;1850.2;70;10084117605;S
20240410;102020;1850;3;10084117606;S
20240410;102020;1850;3;10084117607;S
20240410;102020;1850;1;10084117608;S
20240410;102020;1850;4;10084117609;S
20240410;102020;1850;20;10084117610;S
20240410;102020;1850;50;10084117611;S
20240410;102020;1850;5;10084117612;S
20240410;102020;1850;3;10084117613;S
20240410;102020;1850;40;10084117614;S
20240410;102020;1850;3;10084117615;S
20240410;102020;1850;1;10084117616;S
20240410;102020;1850;10;10084117617;S
20240410;102020;1850;10;10084117618;S
20240410;102020;1850;5;10084117619;S
20240410;102020;1850;1;10084117620;S
20240410;102020;1850;1;10084117621;S
20240410;102020;1850;1;10084117622;S
20240410;102020;1850;10;10084117623;S
20240410;102020;1850;100;10084117624;S
20240410;102020;1850;10;10084117625;S
20240410;102020;1850;100;10084117626;S
20240410;102020;1850;200;10084117627;S
20240410;102020;1850;3;10084117628;S
20240410;102020;1850;1;10084117629;S
20240410;102020;1850;50;10084117630;S
20240410;102020;1850;150;10084117631;S
20240410;102020;1850;22;10084117632;S
20240410;102020;1850;5;10084117633;S
20240410;102020;1850;300;10084117634;S
20240410;102020;1850;5;10084117635;S
20240410;102020;1850;1;10084117636;S
20240410;102020;1850;1;10084117637;S
20240410;102020;1850;1;10084117638;S
20240410;102020;1850;20;10084117639;S
20240410;102020;1850;50;10084117640;S
20240410;102020;1850;1;10084117641;S
20240410;102020;1850;5;10084117642;S
20240410;102020;1850;44;10084117643;S
20240410;102020;1850;1;10084117644;S
20240410;102020;1850;11;10084117645;S
20240410;102020;1850;5;10084117646;S
20240410;102020;1850;1;10084117647;S
20240410;102020;1850;150;10084117648;S
20240410;102020;1850;1;10084117649;S
20240410;102020;1850;239;10084117650;S
20240410;102020;1850;500;10084117651;S
20240410;102020;1850;6;10084117652;S
20240410;102020;1850;5;10084117653;S
20240410;102020;1850;20;10084117654;S
20240410;102020;1850;10;10084117655;S
20240410;102020;1850;104;10084117656;S
20240410;102020;1850;2;10084117657;S
20240410;102020;1850;60;10084117658;S
20240410;102020;1850;1;10084117659;S
20240410;102020;1850;145;10084117660;S
20240410;102020;1850;60;10084117661;S
20240410;102020;1849.8;36;10084117662;S
20240410;102020;1849.6;1;10084117663;S
20240410;102020;1849.6;81;10084117664;S
20240410;102020;1849.4;600;10084117665;S
20240410;102020;1849;3;10084117666;S
20240410;102020;1849;3;10084117667;S
20240410;102020;1849;89;10084117668;S
20240410;102020;1849;1;10084117669;S
20240410;102020;1849;20;10084117670;S
20240410;102020;1849;2;10084117671;S
20240410;102020;1849;1;10084117672;S
20240410;102020;1849;1;10084117673;S
20240410;102020;1849;1;10084117674;S
20240410;102020;1849;1;10084117675;S
20240410;102020;1849;1;10084117676;S
20240410;102020;1849;1;10084117677;S
20240410;102020;1849;600;10084117678;S
20240410;102020;1849;600;10084117679;S
20240410;102020;1849;600;10084117680;S
20240410;102020;1848.8;4;10084117681;S
20240410;102020;1848.8;600;10084117682;S
20240410;102020;1848.6;1;10084117683;S
20240410;102020;1848.6;1;10084117684;S
20240410;102020;1848.6;1;10084117685;S
20240410;102020;1848.6;120;10084117686;S
20240410;102020;1848.2;1;10084117687;S
20240410;102020;1848.2;8;10084117688;S
20240410;102020;1848.2;600;10084117689;S
20240410;102020;1848.2;500;10084117690;S
20240410;102020;1848.2;107;10084117691;S
20240410;102020;1848;10;10084117692;S
20240410;102020;1848;20;10084117693;S
20240410;102020;1848;30;10084117694;S
20240410;102020;1848;1;10084117695;S
20240410;102020;1848;50;10084117696;S
20240410;102020;1848;40;10084117697;S
20240410;102020;1848;1;10084117698;S
20240410;102020;1848;30;10084117699;S
20240410;102020;1848;140;10084117700;S
20240410;102020;1849.2;80;10084117702;S
20240410;102020;1848.8;60;10084117737;B
20240410;102020;1848.8;1;10084117738;B
20240410;102020;1848.6;1;10084117739;B
20240410;102020;1848.6;1;10084117743;B
20240410;102020;1848.4;10;10084117745;S
20240410;102020;1848.4;123;10084117746;S
20240410;102020;1848.2;17;10084117747;S
20240410;102020;1848.2;33;10084117756;S
20240410;102020;1848.6;80;10084117762;B
20240410;102020;1848.6;1;10084117765;S
20240410;102020;1848.8;6;10084117766;B
20240410;102020;1848.6;10;10084117767;S
20240410;102020;1848.6;1;10084117768;S
20240410;102020;1848.2;65;10084117769;S
20240410;102020;1848;434;10084117770;S
20240410;102020;1848.2;54;10084117771;S
20240410;102020;1848.2;40;10084117772;S
20240410;102020;1848;126;10084117773;S
20240410;102020;1848;20;10084117774;S
20240410;102020;1847.6;2;10084117775;S
20240410;102020;1847.6;29;10084117776;S
20240410;102020;1847.6;5;10084117777;S
20240410;102020;1847.6;1;10084117778;S
20240410;102020;1847.6;1;10084117779;S
20240410;102020;1847.6;65;10084117780;S
20240410;102020;1847.4;146;10084117781;S
20240410;102020;1847.2;50;10084117782;S
20240410;102020;1847;5;10084117783;S
20240410;102020;1847;1;10084117784;S
20240410;102020;1847;1;10084117785;S
20240410;102020;1847;60;10084117786;S
20240410;102020;1847;1;10084117787;S
20240410;102020;1847;64;10084117788;S
20240410;102020;1847.6;52;10084117789;S
20240410;102020;1847.2;5;10084117790;S
20240410;102020;1847.2;60;10084117791;S
20240410;102020;1847;236;10084117792;S
20240410;102020;1846.4;10;10084117793;S
20240410;102020;1846.4;1;10084117794;S
20240410;102020;1846.2;1;10084117795;S
20240410;102020;1846.2;146;10084117796;S
20240410;102020;1846.2;18;10084117797;S
20240410;102020;1846;1;10084117798;S
20240410;102020;1846;2;10084117799;S
20240410;102020;1846;1;10084117800;S
20240410;102020;1846;30;10084117801;S
20240410;102020;1846;30;10084117802;S
20240410;102020;1845.8;1;10084117803;S
20240410;102020;1845.8;100;10084117804;S
20240410;102020;1845.8;1159;10084117805;S
20240410;102020;1845.8;10;10084117806;S
20240410;102020;1845.8;70;10084117807;S
20240410;102020;1847;20;10084117808;B
20240410;102020;1846;65;10084117810;S
20240410;102020;1846;20;10084117811;S
20240410;102020;1845.8;57;10084117812;S
20240410;102020;1845.8;90;10084117813;S
20240410;102020;1846.2;17;10084117819;S
20240410;102020;1846.2;69;10084117827;S
20240410;102020;1846.2;5;10084117830;S
20240410;102020;1846.2;6;10084117842;S
20240410;102020;1846.2;1;10084117843;S
20240410;102020;1846.4;5;10084117844;B
20240410;102020;1846.8;10;10084117845;B
20240410;102020;1846.2;4;10084117846;S
20240410;102020;1846.8;1;10084117847;B
20240410;102020;1846.2;14;10084117848;S
20240410;102020;1846;14;10084117849;S
20240410;102020;1845.8;10;10084117850;S
20240410;102020;1845.8;5;10084117851;S
20240410;102020;1845.8;185;10084117852;S
20240410;102020;1845.8;18;10084117853;S
20240410;102020;1845.8;12;10084117873;S
20240410;102020;1846.8;4;10084117874;B
20240410;102020;1846.8;5;10084117875;B
20240410;102020;1846.8;1;10084117907;B
20240410;102020;1845.8;77;10084118013;S
20240410;102020;1845.8;20;10084118031;S
20240410;102020;1845.8;11;10084118131;S
20240410;102020;1846.8;30;10084118256;B
20240410;102021;1845.8;27;10084118974;S
20240410;102021;1845.8;6;10084119066;S
20240410;102021;1845.8;5;10084119069;S
20240410;102021;1846;1;10084119080;B
20240410;102021;1846;1;10084119085;B
20240410;102021;1845.8;250;10084119086;S
20240410;102021;1845.8;11;10084119087;S
20240410;102021;1846;1;10084119089;B
20240410;102021;1846;2;10084119091;B
20240410;102021;1845.8;17;10084119100;S
20240410;102021;1845.8;111;10084119122;S
20240410;102021;1845.8;3;10084119125;S
20240410;102021;1845.8;150;10084119163;S
20240410;102022;1846;2;10084119223;B
20240410;102022;1846;8;10084119700;B
20240410;102022;1846;1;10084120319;B
20240410;102023;1846;1;10084121068;B
20240410;102023;1846;1;10084121280;B
20240410;102024;1846;2;10084121333;B
20240410;102025;1846;2;10084121518;B
20240410;102025;1846;1;10084121605;B
20240410;102026;1845.8;1;10084121676;S
20240410;102026;1845.8;5;10084121915;S
20240410;102027;1845.8;68;10084122215;S
20240410;102027;1845.8;42;10084122216;S
20240410;102027;1846;4;10084122230;B
20240410;102027;1846.4;1;10084122231;B
20240410;102027;1846.4;5;10084122263;B
20240410;102027;1846.4;5;10084122296;B
20240410;102027;1845.8;15;10084122309;S
20240410;102027;1846.4;5;10084122319;B
20240410;102027;1846.4;2;10084122335;B
20240410;102027;1846.4;3;10084122336;B
20240410;102027;1846.4;5;10084122349;B
20240410;102028;1846.4;5;10084122355;B
20240410;102028;1846.4;5;10084122376;B
20240410;102028;1846.4;3;10084122388;B
20240410;102028;1846.6;2;10084122389;B
20240410;102028;1846.4;5;10084122417;B
20240410;102028;1846.4;1;10084122425;B
20240410;102029;1846.4;12;10084122630;B
20240410;102029;1846.6;1;10084122631;B
20240410;102029;1846.8;45;10084122632;B
20240410;102029;1845.8;15;10084122651;S
20240410;102032;1846.6;7;10084124616;B
20240410;102032;1846.6;1;10084124621;B
20240410;102032;1846.8;6;10084124622;B
20240410;102033;1846.8;7;10084124645;B
20240410;102033;1846.8;7;10084124650;B
20240410;102033;1846.8;7;10084124652;B
20240410;102033;1846.8;7;10084124655;B
20240410;102033;1846.8;7;10084124678;B
20240410;102033;1846.8;7;10084124690;B
20240410;102033;1846.8;7;10084124701;B
20240410;102033;1846.8;3;10084124710;B
20240410;102036;1847;5;10084125231;B
20240410;102036;1846.8;4;10084125232;B
20240410;102036;1846.8;7;10084125286;B
20240410;102037;1846.2;30;10084125478;S
20240410;102038;1846.8;1;10084125592;B
20240410;102038;1846.8;9;10084125593;B
20240410;102040;1847;10;10084125889;B
20240410;102041;1846.8;5;10084128774;S
20240410;102041;1847;5;10084128797;B
20240410;102043;1846.8;5;10084129364;S
20240410;102044;1847;2;10084129529;B
20240410;102044;1847.2;8;10084129530;B
20240410;102045;1847.2;1;10084129643;B
20240410;102046;1847.2;60;10084129840;B
20240410;102046;1847.2;5;10084129846;B
20240410;102046;1847.2;1;10084129850;B
20240410;102046;1847.2;6;10084129860;B
20240410;102046;1847.2;81;10084129863;S
20240410;102047;1847.2;2;10084130204;S
20240410;102047;1847;3;10084130205;S
20240410;102047;1847;17;10084130291;S
20240410;102047;1846.8;3;10084130292;S
20240410;102048;1846.8;12;10084130418;S
20240410;102048;1846.8;1;10084130419;S
20240410;102048;1846.8;42;10084130420;S
20240410;102050;1847.8;10;10084131288;B
20240410;102052;1847;1;10084132124;S
20240410;102052;1846.8;19;10084132125;S
20240410;102052;1847;1;10084132263;S
20240410;102052;1846.8;4;10084132264;S
20240410;102052;1846.8;11;10084132289;S
20240410;102057;1846.8;11;10084133744;S
20240410;102058;1847.8;10;10084133925;B
20240410;102104;1847.2;6;10084136215;S
20240410;102104;1847.8;1;10084136338;B
20240410;102104;1847.8;10;10084136361;B
20240410;102106;1847.8;10;10084137778;B
20240410;102107;1847.2;4;10084138167;S
20240410;102107;1847;3;10084138168;S
20240410;102108;1847.8;2;10084138413;B
20240410;102109;1847;1;10084138464;S
20240410;102111;1847.8;100;10084138887;B
20240410;102111;1847.8;8;10084138893;B
20240410;102120;1847.6;1;10084142257;B
20240410;102124;1847.8;1;10084142938;B
20240410;102129;1847.8;1;10084145606;B
20240410;102130;1847.8;1;10084146080;B
20240410;102133;1847.8;1;10084146854;B
20240410;102133;1847.8;2;10084146855;B
20240410;102133;1847.8;1;10084147054;B
20240410;102135;1847.8;10;10084147694;B
20240410;102136;1847.8;5;10084148025;B
20240410;102138;1848;70;10084148686;B
20240410;102140;1848;20;10084150034;B
20240410;102142;1848;2;10084151383;B
20240410;102146;1848;1;10084152856;B
20240410;102146;1848;10;10084152872;B
20240410;102147;1848;2;10084153093;B
20240410;102151;1847.4;10;10084154489;S
20240410;102154;1847.6;7;10084156120;S
20240410;102154;1847.4;8;10084156121;S
20240410;102200;1847.4;19;10084159630;S
20240410;102203;1847.4;44;10084160327;S
20240410;102203;1847.4;6;10084160328;S
20240410;102214;1848;20;10084165558;B
20240410;102215;1848;1;10084166246;B
20240410;102216;1848;3;10084166324;B
20240410;102217;1848;18;10084166506;B
20240410;102217;1848;8;10084166678;B
20240410;102218;1848.2;3;10084166715;S
20240410;102223;1848.4;1;10084168149;B
20240410;102223;1848.6;6;10084168150;B
20240410;102223;1848.6;7;10084168151;B
20240410;102225;1848.6;1;10084169179;B
20240410;102227;1848.8;1;10084170403;B
20240410;102229;1849;4;10084170731;B
20240410;102229;1849;60;10084170732;B
20240410;102229;1849;46;10084170733;B
20240410;102230;1848.2;7;10084171240;S
20240410;102232;1848.2;5;10084171739;S
20240410;102232;1848.8;2;10084171817;B
20240410;102235;1848.8;120;10084172891;B
20240410;102239;1849.4;33;10084174398;B
20240410;102241;1849.6;10;10084175184;B
20240410;102244;1849.6;2;10084176703;B
20240410;102245;1849.6;17;10084177133;B
20240410;102246;1849.4;40;10084177363;S
20240410;102246;1849.2;26;10084177364;S
20240410;102249;1849.2;81;10084178714;S
20240410;102249;1849;33;10084178715;S
20240410;102249;1849;20;10084178716;S
20240410;102249;1848.8;18;10084178717;S
20240410;102249;1848.6;3;10084178718;S
20240410;102249;1848.4;3;10084178719;S
20240410;102249;1848.4;4;10084178720;S
20240410;102249;1848.4;2;10084178721;S
20240410;102249;1848.4;10;10084178722;S
20240410;102249;1848.4;135;10084178723;S
20240410;102249;1848.2;10;10084178724;S
20240410;102249;1848.2;146;10084178725;S
20240410;102249;1847.8;10;10084178726;S
20240410;102249;1847.8;47;10084178727;S
20240410;102249;1847.4;4;10084178728;S
20240410;102249;1847.4;1;10084178729;S
20240410;102249;1847.4;1;10084178730;S
20240410;102249;1847.4;30;10084178731;S
20240410;102249;1847.2;10;10084178732;S
20240410;102249;1847.2;1;10084178733;S
20240410;102249;1847.2;30;10084178734;S
20240410;102249;1847;7;10084178735;S
20240410;102249;1847;1;10084178736;S
20240410;102249;1847;1;10084178737;S
20240410;102249;1847;155;10084178738;S
20240410;102249;1847;20;10084178739;S
20240410;102249;1847;1;10084178740;S
20240410;102249;1846.8;8;10084178741;S
20240410;102249;1846.8;600;10084178742;S
20240410;102249;1846.8;1;10084178743;S
20240410;102249;1846.6;60;10084178744;S
20240410;102249;1846.6;600;10084178745;S
20240410;102249;1846.6;600;10084178746;S
20240410;102249;1846.4;600;10084178747;S
20240410;102249;1846.2;15;10084178748;S
20240410;102249;1846.2;100;10084178749;S
20240410;102249;1846;1;10084178750;S
20240410;102249;1846;10;10084178751;S
20240410;102249;1846;3;10084178752;S
20240410;102249;1845.8;50;10084178753;S
20240410;102249;1845.8;600;10084178754;S
20240410;102249;1845.6;25;10084178755;S
20240410;102249;1845.6;1;10084178756;S
20240410;102249;1845.6;1;10084178757;S
20240410;102249;1845.6;5;10084178758;S
20240410;102249;1845.6;1;10084178759;S
20240410;102249;1845.6;5;10084178760;S
20240410;102249;1845.6;30;10084178761;S
20240410;102249;1845.4;90;10084178762;S
20240410;102249;1845.4;60;10084178763;S
20240410;102249;1845.4;203;10084178764;S
20240410;102249;1845.2;1;10084178765;S
20240410;102249;1845.2;2939;10084178766;S
20240410;102249;1845.2;100;10084178767;S
20240410;102249;1845.2;1;10084178768;S
20240410;102249;1845.2;20;10084178769;S
20240410;102249;1845.2;1;10084178770;S
20240410;102249;1845.2;600;10084178771;S
20240410;102249;1845.4;81;10084178773;S
20240410;102249;1845.4;26;10084178774;S
20240410;102249;1845.4;145;10084178775;S
20240410;102249;1845.8;1;10084178786;B
20240410;102249;1845.8;4;10084178802;B
20240410;102249;1845.8;2;10084178804;B
20240410;102249;1845.8;11;10084178810;B
20240410;102249;1846;9;10084178811;B
20240410;102249;1846.2;4;10084178814;B
20240410;102249;1846.2;2;10084178815;B
20240410;102249;1846.2;4;10084178828;B
20240410;102249;1846.2;2;10084178837;B
20240410;102249;1846.2;4;10084178861;B
20240410;102249;1846.4;2;10084178876;B
20240410;102249;1846.4;4;10084178877;B
20240410;102249;1846.4;2;10084178896;B
20240410;102249;1846.4;4;10084178902;B
20240410;102250;1846.4;2;10084178914;B
20240410;102250;1846.4;4;10084178917;B
20240410;102250;1846.4;2;10084178926;B
20240410;102250;1846.4;4;10084178930;B
20240410;102250;1846.4;2;10084178935;B
20240410;102250;1846.2;4;10084178961;B
20240410;102250;1846.4;2;10084178963;B
20240410;102250;1846.4;3;10084178972;B
20240410;102250;1846.4;1;10084178974;B
20240410;102250;1845.6;1;10084179152;B
20240410;102251;1846.2;25;10084179259;B
20240410;102252;1846.2;40;10084179538;B
20240410;102254;1846.6;1;10084180875;B
20240410;102254;1846.6;27;10084180957;B
20240410;102254;1846.6;16;10084180958;B
20240410;102256;1846.6;1;10084181415;B
20240410;102256;1846;20;10084181419;S
20240410;102256;1846;10;10084181420;S
20240410;102300;1846.6;30;10084183795;B
20240410;102300;1846.6;1;10084183841;B
20240410;102301;1846.4;28;10084184013;S
20240410;102301;1846.6;2;10084184060;B
20240410;102306;1846.4;2;10084185633;S
20240410;102308;1846.6;1;10084186645;B
20240410;102312;1846.6;1;10084188347;B
20240410;102313;1846.4;5;10084188860;S
20240410;102313;1846.2;16;10084188861;S
20240410;102313;1845.6;24;10084188862;S
20240410;102313;1845.4;1;10084188863;S
20240410;102313;1845.4;1;10084188864;S
20240410;102313;1845.4;8;10084188865;S
20240410;102313;1845.4;135;10084188866;S
20240410;102313;1845.4;81;10084188867;S
20240410;102313;1845.2;561;10084188868;S
20240410;102313;1845.2;5;10084188869;S
20240410;102313;1845.2;10;10084188870;S
20240410;102313;1845.2;13;10084188871;S
20240410;102313;1845;1;10084188872;S
20240410;102313;1845;10;10084188873;S
20240410;102313;1845;5;10084188874;S
20240410;102313;1845;100;10084188875;S
20240410;102313;1845;1;10084188876;S
20240410;102313;1845;1;10084188877;S
20240410;102313;1845;1;10084188878;S
20240410;102313;1845;100;10084188879;S
20240410;102313;1845;20;10084188880;S
20240410;102313;1845;5;10084188881;S
20240410;102313;1845;1;10084188882;S
20240410;102313;1845;1;10084188883;S
20240410;102313;1845;20;10084188884;S
20240410;102313;1845;15;10084188885;S
20240410;102313;1845;1;10084188886;S
20240410;102313;1845;1;10084188887;S
20240410;102313;1845;30;10084188888;S
20240410;102313;1845;6;10084188889;S
20240410;102313;1845;50;10084188890;S
20240410;102313;1845;2;10084188891;S
20240410;102313;1845;20;10084188892;S
20240410;102313;1845;1;10084188893;S
20240410;102313;1845;13;10084188894;S
20240410;102313;1845;18;10084188895;S
20240410;102313;1845;500;10084188896;S
20240410;102313;1845;3;10084188897;S
20240410;102313;1845;2;10084188898;S
20240410;102313;1845;146;10084188899;S
20240410;102313;1844.8;1;10084188900;S
20240410;102313;1844.8;13;10084188901;S
20240410;102313;1844.8;13;10084188902;S
20240410;102313;1844.8;1;10084188903;S
20240410;102313;1844.8;4;10084188904;S
20240410;102313;1844.8;1;10084188905;S
20240410;102313;1844.6;1;10084188906;S
20240410;102313;1844.6;1;10084188907;S
20240410;102313;1844.4;6;10084188908;S
20240410;102313;1844.4;111;10084188909;S
20240410;102313;1844.2;10;10084188910;S
20240410;102313;1844.2;10;10084188911;S
20240410;102313;1844.2;10;10084188912;S
20240410;102313;1844.2;5;10084188913;S
20240410;102313;1844.2;8;10084188914;S
20240410;102313;1844.2;100;10084188915;S
20240410;102313;1844.2;1;10084188916;S
20240410;102313;1844.2;16;10084188917;S
20240410;102313;1844;3;10084188918;S
20240410;102313;1844;50;10084188919;S
20240410;102313;1844;55;10084188920;S
20240410;102313;1844;1;10084188921;S
20240410;102313;1844;3;10084188922;S
20240410;102313;1844;1;10084188923;S
20240410;102313;1844;1;10084188924;S
20240410;102313;1844;2;10084188925;S
20240410;102313;1843.8;1;10084188926;S
20240410;102313;1843.8;1;10084188927;S
20240410;102313;1843.8;600;10084188928;S
20240410;102313;1843.8;600;10084188929;S
20240410;102313;1843.6;54;10084188930;S
20240410;102313;1843.6;7;10084188931;S
20240410;102313;1843.6;600;10084188932;S
20240410;102313;1843.4;5;10084188933;S
20240410;102313;1843.2;7;10084188934;S
20240410;102313;1843.2;1;10084188935;S
20240410;102313;1843.2;50;10084188936;S
20240410;102313;1843.2;50;10084188937;S
20240410;102313;1843;35;10084188938;S
20240410;102313;1843;11;10084188939;S
20240410;102313;1843;1;10084188940;S
20240410;102313;1843;5;10084188941;S
20240410;102313;1843;1000;10084188942;S
20240410;102313;1843;70;10084188943;S
20240410;102313;1842.8;10;10084188944;S
20240410;102313;1842.8;1;10084188945;S
20240410;102313;1842.8;1;10084188946;S
20240410;102313;1842.8;1;10084188947;S
20240410;102313;1842.6;2;10084188948;S
20240410;102313;1842.6;1;10084188949;S
20240410;102313;1842.4;3;10084188950;S
20240410;102313;1842.4;1;10084188951;S
20240410;102313;1842.2;1000;10084188952;S
20240410;102313;1842.2;200;10084188953;S
20240410;102313;1842;1;10084188954;S
20240410;102313;1842;45;10084188955;S
20240410;102313;1842;40;10084188956;S
20240410;102313;1842;1;10084188957;S
20240410;102313;1842;1;10084188958;S
20240410;102313;1842;1;10084188959;S
20240410;102313;1842;600;10084188960;S
20240410;102313;1841.8;1;10084188961;S
20240410;102313;1841.8;600;10084188962;S
20240410;102313;1841.6;5;10084188963;S
20240410;102313;1841.6;20;10084188964;S
20240410;102313;1841.6;128;10084188965;S
20240410;102313;1842.2;168;10084188968;S
20240410;102313;1841.8;146;10084188969;S
20240410;102313;1841.6;286;10084188970;S
20240410;102313;1842.2;40;10084188978;B
20240410;102313;1841.8;13;10084188979;S
20240410;102313;1841.8;62;10084188980;S
20240410;102313;1841.8;20;10084188988;S
20240410;102313;1841.8;50;10084188994;S
20240410;102313;1841.8;30;10084188999;S
20240410;102313;1841.8;20;10084189005;S
20240410;102313;1841.8;7;10084189006;S
20240410;102313;1841.8;3;10084189013;S
20240410;102313;1841.8;75;10084189014;S
20240410;102313;1841.8;33;10084189015;S
20240410;102313;1842.8;45;10084189016;B
20240410;102313;1842.4;1;10084189022;S
20240410;102313;1841.8;2;10084189026;S
20240410;102313;1841.6;7;10084189027;S
20240410;102313;1841.6;24;10084189028;S
20240410;102313;1841.6;36;10084189029;S
20240410;102313;1841.6;81;10084189042;S
20240410;102313;1841.4;219;10084189043;S
20240410;102313;1841.8;7;10084189044;B
20240410;102313;1842;12;10084189045;B
20240410;102313;1841.4;3;10084189050;S
20240410;102313;1842;3;10084189053;B
20240410;102313;1842;3;10084189054;B
20240410;102313;1842;35;10084189055;B
20240410;102313;1841.4;4;10084189061;S
20240410;102313;1842;6;10084189065;B
20240410;102313;1842;8;10084189067;B
20240410;102314;1841.4;14;10084189092;S
20240410;102314;1841.4;1;10084189093;S
20240410;102314;1841.4;15;10084189094;S
20240410;102314;1841.2;76;10084189095;S
20240410;102314;1841.2;5;10084189096;S
20240410;102314;1841.2;10;10084189097;S
20240410;102314;1841.2;15;10084189098;S
20240410;102314;1841.2;22;10084189099;S
20240410;102314;1841.2;32;10084189100;S
20240410;102314;1841;1;10084189101;S
20240410;102314;1841;20;10084189102;S
20240410;102314;1841;1;10084189103;S
20240410;102314;1841;50;10084189104;S
20240410;102314;1841;1;10084189105;S
20240410;102314;1841;1;10084189106;S
20240410;102314;1841;1;10084189107;S
20240410;102314;1841;21;10084189108;S
20240410;102314;1841;369;10084189109;S
20240410;102314;1841.8;2;10084189117;B
20240410;102314;1841.8;17;10084189122;B
20240410;102314;1842;10;10084189123;B
20240410;102314;1841;14;10084189124;S
20240410;102314;1841;90;10084189125;S
20240410;102314;1841;150;10084189194;S
20240410;102314;1841.6;60;10084189221;B
20240410;102314;1841.8;3;10084189222;B
20240410;102314;1841.8;60;10084189223;B
20240410;102314;1842;1;10084189224;B
20240410;102314;1842;3;10084189225;B
20240410;102314;1842.2;27;10084189226;B
20240410;102314;1842.2;46;10084189227;B
20240410;102314;1841.2;27;10084189247;S
20240410;102314;1841.2;146;10084189248;S
20240410;102314;1841;375;10084189249;S
20240410;102314;1842;27;10084189269;B
20240410;102314;1842.2;173;10084189270;B
20240410;102314;1842.4;200;10084189279;B
20240410;102314;1842.4;20;10084189320;B
20240410;102314;1842.8;20;10084189321;B
20240410;102314;1842.8;27;10084189322;B
20240410;102314;1842.8;148;10084189323;B
20240410;102314;1842.8;85;10084189324;B
20240410;102314;1841.2;47;10084189349;S
20240410;102314;1842.4;1;10084189373;B
20240410;102314;1842.2;1;10084189398;S
20240410;102314;1842;1;10084189399;S
20240410;102314;1841.8;14;10084189400;S
20240410;102314;1842.8;10;10084189407;B
20240410;102314;1842.8;17;10084189412;B
20240410;102314;1842.8;3;10084189413;B
20240410;102314;1842.8;1;10084189418;B
20240410;102314;1842;2;10084189498;S
20240410;102314;1841.8;3;10084189499;S
20240410;102314;1842.4;60;10084189714;B
20240410;102315;1842;1;10084189980;B
20240410;102315;1841.8;64;10084190017;S
20240410;102315;1841.8;135;10084190018;S
20240410;102315;1841.8;1;10084190019;S
20240410;102315;1841.8;52;10084190032;S
20240410;102315;1842;169;10084190034;B
20240410;102315;1842;31;10084190043;S
20240410;102315;1841.8;83;10084190044;S
20240410;102315;1841.8;20;10084190045;S
20240410;102315;1842.8;1;10084190046;B
20240410;102315;1842.4;60;10084190107;B
20240410;102315;1842.6;60;10084190108;B
20240410;102315;1842.6;5;10084190207;S
20240410;102315;1842.6;3;10084190288;B
20240410;102315;1842.6;7;10084190289;B
20240410;102315;1842.6;25;10084190414;B
20240410;102316;1842.6;20;10084191413;B
20240410;102316;1842;10;10084191460;S
20240410;102316;1842.6;1;10084191529;B
20240410;102317;1842.8;2;10084192268;B
20240410;102317;1842.8;2;10084192269;B
20240410;102317;1842.8;16;10084192270;B
20240410;102317;1842.8;43;10084192350;B
20240410;102318;1842.8;1;10084193598;B
20240410;102318;1842.8;7;10084193599;B
20240410;102319;1841.8;81;10084194165;S
20240410;102319;1841.8;146;10084194166;S
20240410;102319;1841.6;27;10084194167;S
20240410;102319;1841.6;46;10084194168;S
20240410;102320;1842.6;1;10084194742;B
20240410;102320;1842.6;7;10084194795;B
20240410;102321;1842.6;1;10084194949;B
20240410;102322;1842.6;5;10084195209;B
20240410;102322;1842.4;30;10084195403;B
20240410;102323;1841.8;24;10084195778;S
20240410;102323;1841.6;86;10084195779;S
20240410;102326;1842;10;10084196549;B
20240410;102327;1841.6;27;10084196628;S
20240410;102328;1841.8;7;10084197458;B
20240410;102328;1841.8;5;10084197565;B
20240410;102329;1841.8;10;10084197590;B
20240410;102329;1841.8;3;10084197671;B
20240410;102329;1841.6;6;10084197706;S
20240410;102329;1841.8;50;10084197751;B
20240410;102330;1841.6;20;10084197815;S
20240410;102330;1841.6;20;10084198513;S
20240410;102332;1841.8;2;10084198856;B
20240410;102334;1841.6;9;10084199376;S
20240410;102334;1841.6;62;10084199385;S
20240410;102337;1841.8;50;10084200666;B
20240410;102338;1841.8;1;10084200924;B
20240410;102338;1841.6;1;10084200941;S
20240410;102339;1841.8;10;10084201300;B
20240410;102339;1841.8;5;10084201301;B
20240410;102340;1841.8;1;10084201512;B
20240410;102340;1841.8;2;10084201515;B
20240410;102340;1841.8;10;10084201649;B
20240410;102341;1841.8;2;10084201862;B
20240410;102341;1841.8;100;10084201985;B
20240410;102342;1841.6;18;10084202247;S
20240410;102343;1841.8;25;10084203090;B
20240410;102344;1841.6;10;10084203554;S
20240410;102344;1841.8;100;10084203763;B
20240410;102344;1841.8;80;10084203844;B
20240410;102345;1841.8;3;10084203945;B
20240410;102346;1841.8;16;10084204806;B
20240410;102346;1841.8;1;10084204904;B
20240410;102347;1841.8;50;10084205116;B
20240410;102347;1841.6;3;10084205135;S
20240410;102348;1841.8;25;10084205275;B
20240410;102348;1841.6;30;10084205316;S
20240410;102349;1841.8;42;10084205860;B
20240410;102349;1841.8;15;10084205861;B
20240410;102349;1842;27;10084205862;B
20240410;102349;1842.4;60;10084205863;B
20240410;102349;1842.4;56;10084205864;B
20240410;102350;1842.8;1;10084206192;B
20240410;102351;1841.8;23;10084207160;S
20240410;102354;1843;10;10084207985;B
20240410;102355;1842.2;1;10084208168;S
20240410;102357;1842.2;7;10084208603;S
20240410;102357;1842;45;10084208604;S
20240410;102357;1841.8;112;10084208605;S
20240410;102357;1841.8;1;10084208606;S
20240410;102402;1842.2;1;10084210575;S
20240410;102402;1842.2;2;10084210576;S
20240410;102402;1842.8;1;10084210605;B
20240410;102403;1842.2;3;10084211495;B
20240410;102403;1842.6;2;10084211496;B
20240410;102404;1842.8;146;10084211864;B
20240410;102405;1842.8;110;10084212338;S
20240410;102406;1843;35;10084212527;B
20240410;102406;1843;1;10084212528;B
20240410;102406;1843.2;16;10084212529;B
20240410;102406;1843.2;30;10084212530;B
20240410;102406;1843.4;27;10084212531;B
20240410;102406;1843.6;60;10084212532;B
20240410;102406;1843.6;2;10084212533;B
20240410;102406;1843.6;29;10084212534;B
20240410;102407;1843.8;1;10084212788;B
20240410;102407;1843.8;1;10084212789;B
20240410;102407;1843.2;1;10084212812;S
20240410;102407;1843.8;1;10084212822;B
20240410;102412;1843.8;2;10084215119;B
20240410;102412;1843.8;4;10084215120;B
20240410;102412;1843.8;8;10084215121;B
20240410;102412;1844;1;10084215122;B
20240410;102412;1844;20;10084215123;B
20240410;102412;1844;7;10084215124;B
20240410;102416;1843.2;8;10084217118;S
20240410;102418;1843.2;12;10084218383;S
20240410;102418;1843.2;30;10084218384;S
20240410;102418;1843;8;10084218385;S
20240410;102428;1843.2;111;10084223235;B
20240410;102430;1843;27;10084224523;S
20240410;102431;1843.2;1;10084224533;B
20240410;102431;1843.2;1;10084224711;B
20240410;102434;1843;3;10084225644;S
20240410;102435;1843;1;10084225774;S
20240410;102435;1843;75;10084226456;S
20240410;102436;1843.2;2;10084226463;B
20240410;102436;1843.2;1;10084226548;B
20240410;102436;1843.2;2;10084226549;B
20240410;102438;1843.2;3;10084227216;B
20240410;102438;1843.4;30;10084227217;B
20240410;102443;1843.6;2;10084228749;B
20240410;102444;1843.6;6;10084229078;B
20240410;102444;1843.8;30;10084229079;B
20240410;102444;1844;3;10084229080;B
20240410;102444;1844;5;10084229081;B
20240410;102444;1844;60;10084229082;B
20240410;102444;1844;146;10084229083;B
20240410;102444;1844.2;50;10084229084;B
20240410;102447;1844;2;10084230096;B
20240410;102449;1844;3;10084230326;B
20240410;102449;1844;17;10084230327;B
20240410;102449;1843.2;1;10084230470;S
20240410;102453;1843.2;79;10084232913;S
20240410;102454;1843.2;1;10084233185;S
20240410;102457;1843.2;26;10084233672;S
20240410;102457;1843.2;20;10084233673;S
20240410;102457;1843.2;4;10084233674;S
20240410;102500;1843.8;1;10084234878;B
20240410;102509;1843.6;1;10084238168;B
20240410;102509;1843.6;4;10084238229;B
20240410;102509;1843.6;30;10084238230;B
20240410;102509;1843.6;10;10084238231;B
20240410;102510;1843.8;4;10084238509;B
20240410;102510;1843.8;1;10084238510;B
20240410;102512;1843.6;7;10084239007;S
20240410;102512;1843.6;33;10084239065;S
20240410;102513;1843.8;1;10084239244;B
20240410;102514;1843.8;23;10084239573;B
20240410;102514;1843.8;30;10084239574;B
20240410;102514;1843.8;5;10084239575;B
20240410;102521;1844;1;10084241948;B
20240410;102525;1844;1;10084243598;B
20240410;102525;1844;1;10084243600;B
20240410;102525;1843.8;3;10084243794;S
20240410;102527;1844;1;10084244673;B
20240410;102527;1844;14;10084244735;B
20240410;102528;1844;4;10084245042;B
20240410;102528;1843.8;8;10084245091;S
20240410;102529;1844;1;10084245237;B
20240410;102529;1844;2;10084245242;B
20240410;102530;1844;2;10084245480;B
20240410;102530;1844;2;10084245530;B
20240410;102531;1844;171;10084245609;B
20240410;102531;1844;32;10084245610;B
20240410;102531;1844.6;75;10084245611;B
20240410;102531;1844.6;83;10084245612;B
20240410;102531;1844.6;8;10084245613;B
20240410;102531;1844.6;146;10084245614;B
20240410;102531;1844.8;57;10084245615;B
20240410;102532;1844.4;20;10084246100;S
20240410;102532;1844;18;10084246101;S
20240410;102532;1844;135;10084246102;S
20240410;102532;1844;5;10084246103;S
20240410;102532;1844;32;10084246104;S
20240410;102532;1843.8;448;10084246105;S
20240410;102533;1844.4;2;10084246247;B
20240410;102534;1844;13;10084246681;S
20240410;102535;1844.4;1;10084246889;B
20240410;102537;1844;9;10084247822;S
20240410;102537;1844;37;10084247855;S
20240410;102537;1844;19;10084247903;S
20240410;102537;1844;3;10084247929;S
20240410;102537;1844;24;10084247972;S
20240410;102537;1844;20;10084247973;S
20240410;102537;1844;3;10084247974;S
20240410;102537;1844;66;10084248007;S
20240410;102537;1843.8;9;10084248035;S
20240410;102537;1843.8;23;10084248079;S
20240410;102537;1844.2;29;10084248226;B
20240410;102537;1844.2;6;10084248227;B
20240410;102538;1843.8;1;10084248567;S
20240410;102539;1843.8;10;10084248789;S
20240410;102540;1844;2;10084249033;B
20240410;102540;1844;20;10084249042;B
20240410;102541;1844;1;10084249186;B
20240410;102542;1844;1;10084249404;B
20240410;102543;1844;20;10084249525;B
20240410;102543;1844;11;10084249549;B
20240410;102545;1844;5;10084249876;B
20240410;102546;1844;61;10084249991;B
20240410;102550;1844;5;10084250674;B
20240410;102550;1844;5;10084250675;B
20240410;102550;1844;10;10084250676;B
20240410;102550;1844;2;10084250773;B
20240410;102550;1844;15;10084250775;B
20240410;102552;1843.8;2;10084251017;S
20240410;102552;1844;2;10084251193;B
20240410;102552;1843.8;2;10084251210;S
20240410;102552;1843.8;12;10084251213;S
20240410;102555;1843.8;2;10084251589;S
20240410;102556;1844;20;10084251790;B
20240410;102556;1843.8;2;10084252012;S
20240410;102557;1844;1;10084252110;B
20240410;102558;1843.8;1;10084252363;S
20240410;102558;1844;4;10084252433;B
20240410;102559;1844;3;10084252554;B
20240410;102559;1843.8;1;10084252603;S
20240410;102559;1844;40;10084252633;B
20240410;102600;1843.8;100;10084252655;S
20240410;102600;1844;5;10084252699;B
20240410;102600;1844;5;10084252777;B
20240410;102601;1844;1;10084252814;B
20240410;102601;1843.8;491;10084252857;S
20240410;102601;1843.8;10;10084252866;S
20240410;102601;1843.8;1;10084252880;S
20240410;102601;1843.8;1;10084252918;S
20240410;102601;1844;2;10084252920;B
20240410;102601;1844;3;10084252921;B
20240410;102602;1844;5;10084253135;B
20240410;102603;1844;5;10084253229;B
20240410;102603;1843.8;2;10084254475;S
20240410;102603;1843.8;2;10084254604;S
20240410;102604;1844;5;10084256250;B
20240410;102605;1843.8;1;10084257484;S
20240410;102605;1843.8;3;10084257605;S
20240410;102605;1843.8;1;10084257621;S
20240410;102606;1844;20;10084257648;B
20240410;102606;1843.8;5;10084257817;S
20240410;102606;1843.8;3;10084257823;S
20240410;102608;1843.8;1;10084258292;S
20240410;102609;1843.8;1;10084258488;S
20240410;102609;1844;2;10084258518;B
20240410;102610;1843.8;1;10084258684;S
20240410;102610;1843.8;1;10084258685;S
20240410;102610;1843.8;1;10084258688;S
20240410;102610;1843.8;1;10084258724;S
20240410;102611;1843.8;3;10084258861;S
20240410;102612;1843.8;1;10084259005;S
20240410;102612;1843.8;1;10084259006;S
20240410;102612;1843.8;1;10084259024;S
20240410;102612;1843.8;1;10084259082;S
20240410;102612;1843.8;1;10084259164;S
20240410;102612;1843.8;1;10084259188;S
20240410;102614;1843.8;1;10084259548;S
20240410;102614;1843.8;1;10084259567;S
20240410;102614;1843.8;5;10084259606;S
20240410;102614;1843.8;1;10084259610;S
20240410;102615;1843.8;28;10084259696;S
20240410;102615;1844;5;10084259846;B
20240410;102616;1843.8;1;10084259988;S
20240410;102616;1843.8;1;10084259989;S
20240410;102617;1843.8;1;10084260324;S
20240410;102618;1843.8;2;10084260364;S
20240410;102619;1843.8;1;10084260602;S
20240410;102619;1843.8;1;10084260637;S
20240410;102620;1843.8;1;10084260810;S
20240410;102622;1843.8;13;10084261137;S
20240410;102622;1844;27;10084261210;B
20240410;102623;1844;1;10084261290;B
20240410;102623;1844;2;10084261291;B
20240410;102625;1843.8;1;10084261743;S
20240410;102626;1844;2;10084262079;B
20240410;102631;1843.8;2;10084263009;S
20240410;102632;1843.8;4;10084263254;S
20240410;102638;1844;32;10084264949;B
20240410;102638;1844;2;10084265011;B
20240410;102641;1844;10;10084265451;B
20240410;102642;1843.8;2;10084265623;S
20240410;102642;1844;5;10084265661;B
20240410;102643;1843.8;2;10084265868;S
20240410;102644;1844;5;10084265911;B
20240410;102646;1844;1;10084266411;B
20240410;102647;1843.8;7;10084266521;S
20240410;102647;1843.8;3;10084266565;S
20240410;102647;1843.8;44;10084266667;S
20240410;102649;1843.8;1;10084267195;S
20240410;102649;1843.8;1;10084267196;S
20240410;102649;1843.8;9;10084267205;S
20240410;102650;1843.8;1;10084267246;S
20240410;102650;1843.8;1;10084267592;S
20240410;102650;1843.8;1;10084267593;S
20240410;102650;1844;1;10084267607;B
20240410;102650;1844;1;10084267660;B
20240410;102654;1843.8;10;10084268272;S
20240410;102655;1844;1;10084268468;B
20240410;102657;1844;1;10084268663;B
20240410;102657;1843.8;2;10084268703;S
20240410;102659;1844;5;10084268910;B
20240410;102659;1844;4;10084268911;B
20240410;102659;1844;1;10084268912;B
20240410;102700;1844;1;10084269102;B
20240410;102700;1844.2;1;10084269103;B
20240410;102700;1843.8;1;10084269109;S
20240410;102702;1843.8;54;10084269681;S
20240410;102702;1843.8;20;10084269682;S
20240410;102702;1843.8;10;10084269683;S
20240410;102702;1843.8;2;10084269684;S
20240410;102702;1843.8;10;10084269685;S
20240410;102702;1843.8;4;10084269686;S
20240410;102703;1844;81;10084269908;B
20240410;102703;1844;19;10084269909;B
20240410;102703;1843.8;9;10084269921;S
20240410;102703;1843.8;91;10084269922;S
20240410;102705;1844;1;10084270112;B
20240410;102708;1843.8;1;10084271581;S
20240410;102709;1844;2;10084272187;B
20240410;102709;1844;1;10084272282;B
20240410;102710;1843.8;25;10084272426;S
20240410;102711;1844;1;10084273058;B
20240410;102711;1844;2;10084273059;B
20240410;102714;1843.8;10;10084273898;S
20240410;102714;1844;1;10084273961;B
20240410;102716;1844;1;10084274355;B
20240410;102718;1844;1;10084274710;B
20240410;102720;1843.8;1;10084275085;S
20240410;102723;1843.8;33;10084275434;S
20240410;102726;1844;1;10084276074;B
20240410;102728;1844;1;10084276387;B
20240410;102728;1844;23;10084276451;B
20240410;102728;1844.2;27;10084276452;B
20240410;102729;1843.8;19;10084276689;S
20240410;102735;1844;1;10084277656;B
20240410;102742;1844;10;10084278713;B
20240410;102744;1843.8;54;10084279026;S
20240410;102748;1844;14;10084279760;B
20240410;102748;1844;2;10084279761;B
20240410;102748;1844;5;10084279796;B
20240410;102751;1844;1;10084280172;B
20240410;102751;1843.8;15;10084280259;S
20240410;102752;1844;2;10084280392;B
20240410;102752;1844;1;10084280393;B
20240410;102752;1844;1;10084280394;B
20240410;102753;1844;10;10084280511;B
20240410;102758;1844;5;10084281208;B
20240410;102758;1843.8;2;10084281305;S
20240410;102759;1844;19;10084281416;B
20240410;102759;1844.2;1;10084281478;B
20240410;102800;1844;1;10084281522;S
20240410;102801;1844;4;10084281860;S
20240410;102801;1843.8;10;10084281898;S
20240410;102802;1844;2;10084281957;B
