<DATE>;<TIME>;<LAST>;<VOL>;<ID>;<OPER>
20240425;095941;1864;1;10207350186;B
20240425;095941;1864;20;10207350187;B
20240425;095941;1864;5;10207350188;B
20240425;095941;1864;2;10207350189;B
20240425;095941;1864;10;10207350190;B
20240425;095941;1864;1;10207350191;B
20240425;095941;1864;2;10207350192;B
20240425;095941;1864;5;10207350193;B
20240425;095941;1864;2;10207350194;B
20240425;095941;1864;1;10207350195;B
20240425;095941;1864;38;10207350196;B
20240425;095941;1864;10;10207350197;B
20240425;095941;1864;2;10207350198;B
20240425;095941;1864;20;10207350199;B
20240425;095941;1864;5;10207350200;B
20240425;095941;1864;7;10207350201;B
20240425;095941;1864;6;10207350202;B
20240425;095941;1864;1;10207350203;B
20240425;095941;1864;1;10207350204;B
20240425;095941;1864;2;10207350205;B
20240425;095941;1864;1;10207350206;B
20240425;095941;1864;1;10207350207;B
20240425;095941;1864;1;10207350208;B
20240425;095941;1864;1;10207350209;B
20240425;095941;1864;1;10207350210;B
20240425;095941;1864;3;10207350211;B
20240425;095941;1864;2;10207350212;B
20240425;095941;1864;1;10207350213;B
20240425;095941;1864;1;10207350214;B
20240425;095941;1864;2;10207350215;B
20240425;095941;1864;1;10207350216;B
20240425;095941;1864;6;10207350217;B
20240425;095941;1864;4;10207350218;B
20240425;095941;1864;1;10207350219;B
20240425;095941;1864;1;10207350220;B
20240425;095941;1864;2;10207350221;B
20240425;095941;1864;10;10207350222;B
20240425;095941;1864;1;10207350223;B
20240425;095941;1864;1;10207350224;B
20240425;095941;1864;2;10207350225;B
20240425;095941;1864;1;10207350226;B
20240425;095941;1864;2;10207350227;B
20240425;095941;1864;7;10207350228;B
20240425;095941;1864;1;10207350229;B
20240425;095941;1864;12;10207350230;B
20240425;095941;1864;10;10207350231;B
20240425;095941;1864;19;10207350232;B
20240425;095941;1864;24;10207350233;B
20240425;095941;1864;5;10207350234;S
20240425;095941;1864;1;10207350235;S
20240425;095941;1864;1;10207350236;S
20240425;095941;1864;4;10207350237;S
20240425;095941;1864;20;10207350238;S
20240425;095941;1864;10;10207350239;S
20240425;095941;1864;1;10207350240;S
20240425;095941;1864;1;10207350241;B
20240425;095941;1864;5;10207350242;B
20240425;095941;1864;50;10207350243;B
20240425;095941;1864;1;10207350244;B
20240425;095941;1864;1;10207350245;B
20240425;095941;1864;1;10207350246;B
20240425;095941;1864;10;10207350247;B
20240425;095941;1864;1;10207350248;B
20240425;095941;1864;1;10207350249;B
20240425;095941;1864;2;10207350250;B
20240425;095941;1864;1;10207350251;B
20240425;095941;1864;2;10207350252;B
20240425;095941;1864;18;10207350253;B
20240425;095941;1864;10;10207350254;B
20240425;095941;1864;4;10207350255;S
20240425;095941;1864;2;10207350256;S
20240425;095941;1864;1;10207350257;S
20240425;095941;1864;3;10207350258;S
20240425;095941;1864;69;10207350259;S
20240425;095941;1864;40;10207350260;S
20240425;095941;1864;7;10207350261;S
20240425;095941;1864;1;10207350262;S
20240425;095941;1864;1;10207350263;S
20240425;095941;1864;2;10207350264;S
20240425;095941;1864;1;10207350265;S
20240425;095941;1864;19;10207350266;S
20240425;095941;1864;25;10207350267;S
20240425;095941;1864;5;10207350268;S
20240425;095941;1864;2;10207350269;S
20240425;095941;1864;31;10207350270;S
20240425;095941;1864;1;10207350271;S
20240425;095941;1864;2;10207350272;B
20240425;095941;1864;15;10207350273;B
20240425;095941;1864;2;10207350274;S
20240425;095941;1864;10;10207350275;S
20240425;095941;1864;15;10207350276;B
20240425;095941;1864;2;10207350277;B
20240425;095941;1864;77;10207350278;B
20240425;095941;1864;3;10207350279;B
20240425;095941;1864;3;10207350280;B
20240425;095941;1864;2;10207350281;S
20240425;095941;1864;2;10207350282;S
20240425;095941;1864;179;10207350283;B
20240425;095941;1864;91;10207350284;B
20240425;095941;1864;3;10207350285;B
20240425;100000;1864;51;10207353449;B
20240425;100000;1864;1;10207353450;B
20240425;100000;1864;1;10207353451;B
20240425;100000;1864;2;10207353452;B
20240425;100000;1864;3;10207353453;B
20240425;100000;1864;10;10207353454;B
20240425;100000;1865;25;10207353582;B
20240425;100000;1866;1;10207353698;B
20240425;100000;1867.8;90;10207353922;S
20240425;100000;1867;1;10207353957;S
20240425;100001;1868;1;10207354173;B
20240425;100001;1868;3;10207354174;B
20240425;100002;1868;23;10207354652;B
20240425;100002;1868.2;24;10207354653;B
20240425;100002;1868.8;2;10207354654;B
20240425;100002;1868.8;5;10207354655;B
20240425;100002;1869;1;10207354656;B
20240425;100002;1869;1;10207354657;B
20240425;100002;1869;50;10207354658;B
20240425;100002;1869.8;30;10207354659;B
20240425;100002;1870;12;10207354660;B
20240425;100002;1870;12;10207354661;B
20240425;100002;1869.2;7;10207354902;B
20240425;100003;1868;17;10207355121;S
20240425;100003;1868.4;15;10207355176;B
20240425;100004;1868;17;10207355615;S
20240425;100004;1867.8;65;10207355624;S
20240425;100004;1867.8;13;10207355625;S
20240425;100005;1866.2;1;10207356004;S
20240425;100005;1867.4;8;10207356319;S
20240425;100005;1868.8;1;10207356325;B
20240425;100005;1867.4;1;10207356856;S
20240425;100006;1867.2;1;10207357265;B
20240425;100006;1867.2;1;10207357516;B
20240425;100006;1867.2;1;10207357517;B
20240425;100006;1867.2;1;10207357518;B
20240425;100006;1867.2;5;10207357985;B
20240425;100006;1867;5;10207358232;S
20240425;100007;1868;1;10207358707;B
20240425;100007;1868;1;10207358709;B
20240425;100007;1867.8;1;10207359085;B
20240425;100007;1867.8;1;10207359219;B
20240425;100007;1867.8;1;10207359413;B
20240425;100008;1867;2;10207359776;S
20240425;100008;1866.8;1;10207359777;S
20240425;100008;1866.8;3;10207359781;S
20240425;100008;1867.8;5;10207359798;B
20240425;100008;1868;15;10207359799;B
20240425;100008;1868;80;10207359800;B
20240425;100008;1868;1;10207359804;B
20240425;100008;1867.8;11;10207359867;B
20240425;100008;1867.8;6;10207359868;B
20240425;100008;1867.4;1;10207359952;S
20240425;100008;1869;1;10207360486;B
20240425;100009;1868.2;17;10207360597;S
20240425;100009;1867.4;1;10207360656;S
20240425;100010;1869;100;10207361006;S
20240425;100010;1868.8;6;10207361114;B
20240425;100010;1868;1;10207361132;S
20240425;100010;1868;1;10207361189;S
20240425;100010;1868.8;3;10207361229;B
20240425;100010;1868.8;6;10207361321;B
20240425;100011;1869.4;4;10207361454;B
20240425;100011;1869.4;11;10207361465;B
20240425;100011;1870.2;1;10207361485;B
20240425;100011;1870.2;1;10207361566;B
20240425;100011;1870.2;2;10207361567;B
20240425;100011;1870.6;2;10207361568;B
20240425;100011;1870.2;4;10207361619;B
20240425;100011;1870.2;6;10207361622;B
20240425;100011;1870.2;2;10207361625;B
20240425;100011;1870.4;2;10207361627;B
20240425;100011;1870.4;11;10207361649;B
20240425;100011;1870.4;12;10207361662;B
20240425;100011;1870.4;1;10207361676;B
20240425;100011;1870.4;5;10207361730;B
20240425;100011;1870;6;10207361829;B
20240425;100012;1870.2;17;10207362021;S
20240425;100012;1870;2;10207362022;S
20240425;100012;1869.8;17;10207362024;B
20240425;100012;1869.4;17;10207362034;S
20240425;100013;1869;144;10207362259;S
20240425;100017;1868.6;10;10207362961;B
20240425;100018;1868.6;5;10207363178;B
20240425;100025;1868;498;10207364923;S
20240425;100025;1867.4;2;10207364924;S
20240425;100025;1867.4;8;10207364938;S
20240425;100025;1867.2;19;10207365039;B
20240425;100025;1867;11;10207365082;S
20240425;100026;1867;7;10207365267;S
20240425;100030;1867;1;10207366406;S
20240425;100031;1866.8;10;10207366553;B
20240425;100031;1866.4;1;10207366705;B
20240425;100035;1866;1;10207368119;B
20240425;100036;1865.6;5;10207368454;B
20240425;100036;1865.8;4;10207368499;S
20240425;100038;1866;3;10207368754;S
20240425;100038;1865.6;9;10207368755;S
20240425;100039;1866.2;1;10207368919;B
20240425;100040;1865.4;17;10207369260;S
20240425;100040;1865.2;1;10207369261;S
20240425;100041;1865.8;3;10207369397;B
20240425;100044;1865.6;130;10207369930;S
20240425;100046;1866;1;10207370280;B
20240425;100049;1865.6;15;10207370754;S
20240425;100052;1865.2;46;10207371371;S
20240425;100054;1865.4;1;10207371693;S
20240425;100055;1865.8;1;10207371827;B
20240425;100056;1865.8;1;10207372167;B
20240425;100057;1865.8;1;10207372375;B
20240425;100057;1865.4;24;10207372406;S
20240425;100103;1865.6;1;10207373624;B
20240425;100104;1865.6;8;10207373692;B
20240425;100104;1865.8;14;10207373693;B
20240425;100104;1865.8;26;10207373694;B
20240425;100104;1866;81;10207373695;B
20240425;100104;1866;65;10207373696;B
20240425;100104;1866.2;17;10207373697;B
20240425;100104;1866.2;90;10207373698;B
20240425;100104;1866.4;13;10207373699;B
20240425;100104;1866.6;42;10207373700;B
20240425;100104;1866.6;600;10207373701;B
20240425;100104;1867;3;10207373702;B
20240425;100104;1867;144;10207373703;B
20240425;100104;1867.8;19;10207373704;B
20240425;100104;1868;387;10207373705;B
20240425;100109;1867.6;2;10207374559;S
20240425;100116;1866.8;8;10207375719;B
20240425;100116;1867;2;10207375720;B
20240425;100116;1866.6;25;10207375756;S
20240425;100117;1866.6;13;10207375808;S
20240425;100119;1866.8;3;10207376074;B
20240425;100125;1866.8;7;10207376854;B
20240425;100125;1866.8;74;10207376918;B
20240425;100125;1866.8;144;10207376919;B
20240425;100125;1867;400;10207376920;B
20240425;100125;1867.2;160;10207376921;B
20240425;100125;1867;81;10207376922;B
20240425;100126;1867.2;172;10207377037;B
20240425;100127;1867.4;81;10207377143;B
20240425;100127;1867.4;15;10207377144;B
20240425;100137;1867.4;6;10207378505;S
20240425;100147;1867.6;1;10207379968;B
20240425;100153;1867.4;4;10207380509;S
20240425;100153;1867.4;1;10207380510;S
20240425;100153;1867.4;37;10207380511;S
20240425;100200;1867.8;1;10207381508;B
20240425;100201;1867.6;3;10207381582;S
20240425;100204;1868;1;10207382033;B
20240425;100204;1868;4;10207382100;B
20240425;100208;1869.2;2;10207382909;B
20240425;100208;1869.6;2;10207382910;B
20240425;100208;1869.6;8;10207382911;B
20240425;100208;1869.8;13;10207382912;B
20240425;100208;1869.8;13;10207382913;B
20240425;100208;1870;2;10207382914;B
20240425;100208;1870;4;10207382915;B
20240425;100208;1870;26;10207382916;B
20240425;100208;1869.2;2;10207382937;S
20240425;100212;1870;5;10207383529;S
20240425;100217;1870.2;13;10207384379;S
20240425;100217;1870;17;10207384380;S
20240425;100220;1870.2;1;10207384764;B
20240425;100227;1870;7;10207385930;S
20240425;100227;1870;10;10207385931;S
20240425;100227;1870;2;10207385932;S
20240425;100227;1870;1;10207385933;S
20240425;100233;1869.2;1;10207386934;S
20240425;100233;1869;3;10207386935;S
20240425;100235;1869.6;1;10207387214;B
20240425;100238;1869.6;1;10207387597;B
20240425;100239;1869.2;12;10207387761;S
20240425;100240;1869.6;3;10207388107;B
20240425;100240;1869.6;5;10207388108;B
20240425;100240;1869.6;50;10207388109;B
20240425;100240;1869.8;65;10207388110;B
20240425;100240;1869.8;135;10207388111;B
20240425;100240;1869.8;81;10207388112;B
20240425;100240;1869.8;13;10207388113;B
20240425;100240;1870;515;10207388114;B
20240425;100240;1870;60;10207388115;B
20240425;100240;1870;73;10207388116;B
20240425;100244;1869.8;13;10207388771;S
20240425;100244;1869.8;87;10207388772;S
20240425;100244;1869.6;5;10207388859;S
20240425;100246;1869.8;1;10207389130;B
20240425;100249;1869.6;2;10207389553;S
20240425;100250;1869.8;42;10207389711;B
20240425;100254;1869.6;57;10207390279;S
20240425;100255;1869.8;2;10207390401;B
20240425;100256;1869.8;8;10207390636;B
20240425;100256;1869.8;55;10207390645;B
20240425;100256;1869.8;45;10207390646;B
20240425;100256;1869.8;11;10207390654;B
20240425;100257;1869.8;20;10207390684;B
20240425;100257;1869.8;2;10207390693;B
20240425;100301;1869.6;80;10207391708;S
20240425;100301;1869.6;1;10207391709;S
20240425;100301;1869.6;19;10207391710;S
20240425;100301;1869.8;102;10207391711;B
20240425;100301;1870;194;10207391712;B
20240425;100301;1870;61;10207391713;B
20240425;100301;1870;50;10207391714;B
20240425;100301;1870;15;10207391715;B
20240425;100301;1870;2;10207391716;B
20240425;100301;1870;79;10207391717;B
20240425;100301;1870.2;19;10207391775;B
20240425;100302;1870.2;2;10207391959;B
20240425;100303;1870.2;3;10207392013;B
20240425;100303;1870.2;55;10207392148;B
20240425;100304;1870.2;121;10207392294;B
20240425;100305;1871;55;10207392447;B
20240425;100305;1871;11;10207392518;B
20240425;100305;1870.8;9;10207392521;S
20240425;100307;1871;34;10207392906;B
20240425;100307;1871;11;10207392907;B
20240425;100307;1871;50;10207392908;B
20240425;100307;1871;350;10207392909;B
20240425;100307;1871;230;10207392910;B
20240425;100308;1871.6;26;10207393113;S
20240425;100309;1871.8;3;10207393215;B
20240425;100309;1872;1;10207393216;B
20240425;100310;1872;4;10207393414;B
20240425;100310;1872;1;10207393416;B
20240425;100310;1872;1;10207393418;B
20240425;100310;1872;1;10207393421;B
20240425;100310;1872;1;10207393422;B
20240425;100310;1872;1;10207393445;B
20240425;100310;1872;10;10207393446;B
20240425;100310;1872;50;10207393447;B
20240425;100310;1872;50;10207393448;B
20240425;100310;1872.4;7;10207393564;B
20240425;100311;1872.4;3;10207393672;B
20240425;100311;1872.4;11;10207393732;S
20240425;100311;1872.4;81;10207393733;S
20240425;100311;1872.4;42;10207393734;S
20240425;100311;1872.2;47;10207393735;S
20240425;100311;1872;60;10207393736;S
20240425;100311;1871.8;17;10207393737;S
20240425;100311;1871.6;65;10207393738;S
20240425;100311;1871.6;144;10207393739;S
20240425;100311;1871.4;14;10207393740;S
20240425;100311;1871;19;10207393741;S
20240425;100313;1872;1;10207394152;B
20240425;100315;1872.6;5;10207394769;B
20240425;100316;1872.6;6;10207394905;B
20240425;100316;1872.6;1;10207394906;B
20240425;100316;1872.8;1;10207394907;B
20240425;100318;1872.8;1;10207395247;B
20240425;100321;1872.8;3;10207396073;B
20240425;100323;1872.4;14;10207396512;S
20240425;100323;1872.2;47;10207396513;S
20240425;100323;1872;81;10207396514;S
20240425;100323;1872;60;10207396515;S
20240425;100323;1871.8;42;10207396516;S
20240425;100323;1871.6;17;10207396517;S
20240425;100323;1871.6;9;10207396518;S
20240425;100323;1871.6;97;10207396519;S
20240425;100323;1871.4;135;10207396520;S
20240425;100323;1871.4;65;10207396521;S
20240425;100323;1871.4;144;10207396522;S
20240425;100323;1871;90;10207396523;S
20240425;100323;1870.8;199;10207396524;S
20240425;100327;1872.2;1;10207397138;B
20240425;100328;1872.2;16;10207397532;B
20240425;100328;1872.4;17;10207397533;B
20240425;100328;1872.4;14;10207397534;B
20240425;100328;1872.4;5;10207397535;B
20240425;100328;1872.6;58;10207397536;B
20240425;100330;1872.4;1;10207397726;B
20240425;100331;1872.4;11;10207397929;B
20240425;100331;1872.4;14;10207397930;B
20240425;100331;1872.6;1;10207397931;B
20240425;100331;1872.6;10;10207397966;B
20240425;100332;1872.6;1;10207398150;B
20240425;100340;1872;81;10207399415;S
20240425;100340;1872;10;10207399419;B
20240425;100341;1872;9;10207399466;B
20240425;100341;1872.2;11;10207399467;B
20240425;100341;1872.4;1000;10207399500;B
20240425;100341;1872.4;60;10207399501;B
20240425;100341;1872.6;144;10207399502;B
20240425;100341;1872.6;42;10207399503;B
20240425;100341;1872.6;14;10207399504;B
20240425;100341;1872.8;50;10207399505;B
20240425;100341;1872.8;81;10207399506;B
20240425;100341;1872.8;65;10207399507;B
20240425;100341;1872.8;90;10207399508;B
20240425;100341;1872.8;44;10207399509;B
20240425;100341;1873;1;10207399510;B
20240425;100341;1873;1;10207399511;B
20240425;100341;1873;15;10207399512;B
20240425;100341;1873;1000;10207399513;B
20240425;100341;1873.2;3;10207399514;B
20240425;100341;1873.2;14;10207399515;B
20240425;100341;1873.4;15;10207399516;B
20240425;100341;1873.4;6;10207399517;B
20240425;100341;1873.8;5;10207399518;B
20240425;100341;1873.8;21;10207399519;B
20240425;100341;1873.8;14;10207399520;B
20240425;100341;1874;1;10207399521;B
20240425;100341;1874;25;10207399522;B
20240425;100341;1874;34;10207399523;B
20240425;100341;1874;1;10207399524;B
20240425;100341;1874;400;10207399525;B
20240425;100341;1874;1;10207399526;B
20240425;100341;1874;200;10207399527;B
20240425;100341;1874.2;10;10207399528;B
20240425;100341;1874.2;62;10207399529;B
20240425;100341;1874.4;3;10207399530;B
20240425;100341;1874.4;1;10207399531;B
20240425;100341;1874.4;275;10207399532;B
20240425;100341;1873.8;1;10207399581;B
20240425;100341;1872.6;1;10207399604;S
20240425;100341;1872.6;14;10207399605;S
20240425;100341;1872.4;24;10207399606;S
20240425;100341;1872.4;16;10207399607;S
20240425;100341;1873.6;5;10207399613;B
20240425;100341;1873.6;1;10207399617;B
20240425;100342;1872.6;1;10207399715;S
20240425;100345;1872.6;1;10207400117;S
20240425;100347;1872.6;2;10207400261;S
20240425;100347;1872.4;48;10207400262;S
20240425;100347;1872.4;5;10207400263;S
20240425;100349;1872.8;1;10207400558;B
20240425;100350;1872.8;20;10207400668;B
20240425;100353;1872.6;1;10207401411;B
20240425;100353;1872.8;9;10207401412;B
20240425;100359;1872.8;3;10207402360;B
20240425;100400;1872;7;10207402450;S
20240425;100400;1872;8;10207402451;S
20240425;100400;1872;2;10207402452;S
20240425;100400;1872;5;10207402453;S
20240425;100400;1871.8;48;10207402454;S
20240425;100400;1871.8;17;10207402455;S
20240425;100400;1871.6;60;10207402456;S
20240425;100400;1871.4;48;10207402457;S
20240425;100401;1871.6;10;10207402728;S
20240425;100411;1871.6;6;10207404495;S
20240425;100411;1871.6;14;10207404496;S
20240425;100412;1871.2;4;10207404558;S
20240425;100413;1871;3;10207404657;S
20240425;100413;1871;1;10207404658;S
20240425;100413;1871;2;10207404659;S
20240425;100413;1871;5;10207404660;S
20240425;100413;1871;1;10207404661;S
20240425;100413;1871;23;10207404662;S
20240425;100413;1871;2;10207404663;S
20240425;100413;1871;3;10207404664;S
20240425;100413;1871;2;10207404665;S
20240425;100413;1871;11;10207404666;S
20240425;100413;1871;3;10207404667;S
20240425;100413;1871;4;10207404668;S
20240425;100413;1871;4;10207404669;S
20240425;100413;1871;2;10207404670;S
20240425;100413;1871;11;10207404671;S
20240425;100413;1871;2;10207404672;S
20240425;100413;1871;2;10207404673;S
20240425;100413;1871;1;10207404674;S
20240425;100413;1871;6;10207404675;S
20240425;100413;1871;28;10207404676;S
20240425;100413;1871;1;10207404677;S
20240425;100413;1871;3;10207404678;S
20240425;100413;1871;2;10207404679;S
20240425;100413;1871;2;10207404680;S
20240425;100413;1871;2;10207404681;S
20240425;100413;1871;2;10207404682;S
20240425;100413;1871;4;10207404683;S
20240425;100413;1871;4;10207404684;S
20240425;100413;1871;3;10207404685;S
20240425;100413;1871;11;10207404686;S
20240425;100413;1871;3;10207404687;S
20240425;100413;1871;2;10207404688;S
20240425;100413;1871.4;6;10207404689;B
20240425;100413;1871.4;4;10207404690;B
20240425;100413;1871.4;11;10207404691;B
20240425;100413;1871;14;10207404692;S
20240425;100413;1871;2;10207404693;S
20240425;100413;1871;12;10207404694;S
20240425;100413;1871;7;10207404695;S
20240425;100413;1871;3;10207404696;S
20240425;100413;1871;7;10207404697;S
20240425;100413;1871;2;10207404698;S
20240425;100413;1871;1;10207404699;S
20240425;100413;1871;2;10207404700;S
20240425;100413;1871;2;10207404701;S
20240425;100413;1871.4;3;10207404702;B
20240425;100413;1871;1;10207404703;S
20240425;100413;1871;1;10207404704;S
20240425;100413;1871;3;10207404705;S
20240425;100413;1871.4;8;10207404707;B
20240425;100413;1871.4;2;10207404728;B
20240425;100413;1870.6;2;10207404729;S
20240425;100414;1870.4;115;10207404981;S
20240425;100414;1870.4;1;10207404982;S
20240425;100414;1870.4;3;10207404984;S
20240425;100414;1870.4;5;10207404987;S
20240425;100414;1870.4;9;10207404988;S
20240425;100414;1870.4;2;10207404989;S
20240425;100414;1870.4;5;10207404994;S
20240425;100414;1870.4;4;10207404995;S
20240425;100414;1870.4;2;10207404996;S
20240425;100414;1870.6;1;10207404997;S
20240425;100414;1870.6;5;10207404998;S
20240425;100414;1870.6;6;10207405000;S
20240425;100414;1870.6;3;10207405001;S
20240425;100414;1870.6;53;10207405002;S
20240425;100414;1870.6;27;10207405003;S
20240425;100414;1870.6;5;10207405004;S
20240425;100414;1870.2;21;10207405005;S
20240425;100414;1870.2;12;10207405006;S
20240425;100414;1870.2;2;10207405007;S
20240425;100414;1870.2;1;10207405008;S
20240425;100414;1870.2;5;10207405009;S
20240425;100414;1870.2;3;10207405010;S
20240425;100414;1870.2;3;10207405011;S
20240425;100414;1870.2;2;10207405012;S
20240425;100414;1870.2;1;10207405013;S
20240425;100416;1870;4;10207405271;S
20240425;100416;1870;6;10207405274;S
20240425;100416;1870;18;10207405275;S
20240425;100416;1870;43;10207405276;S
20240425;100416;1870;4;10207405277;S
20240425;100416;1870;1;10207405278;S
20240425;100416;1870;2;10207405279;S
20240425;100416;1870;8;10207405280;S
20240425;100416;1870;11;10207405295;S
20240425;100416;1870;2;10207405301;S
20240425;100416;1870;5;10207405303;S
20240425;100416;1870;6;10207405307;S
20240425;100416;1870;10;10207405308;S
20240425;100416;1870;14;10207405309;S
20240425;100416;1870;3;10207405311;S
20240425;100416;1870;10;10207405313;S
20240425;100416;1870;3;10207405317;S
20240425;100416;1870;2;10207405318;S
20240425;100416;1870;1;10207405319;S
20240425;100416;1870;1;10207405320;S
20240425;100416;1870;2;10207405322;S
20240425;100416;1870;1;10207405323;S
20240425;100416;1870;7;10207405324;S
20240425;100416;1870;2;10207405326;S
20240425;100416;1870;1;10207405327;S
20240425;100416;1870;4;10207405328;S
20240425;100416;1870;4;10207405329;S
20240425;100416;1870;2;10207405330;S
20240425;100416;1870;3;10207405331;S
20240425;100416;1870;12;10207405332;S
20240425;100416;1870;4;10207405333;S
20240425;100416;1870;3;10207405334;S
20240425;100416;1870;6;10207405335;S
20240425;100416;1870;2;10207405336;S
20240425;100416;1870;11;10207405337;S
20240425;100416;1870;5;10207405338;S
20240425;100416;1870;7;10207405339;S
20240425;100416;1870;3;10207405340;S
20240425;100416;1870;2;10207405341;S
20240425;100416;1870;3;10207405342;S
20240425;100416;1870;6;10207405343;S
20240425;100416;1870;1;10207405344;S
20240425;100416;1870;7;10207405345;S
20240425;100416;1870;3;10207405346;S
20240425;100416;1870;1;10207405347;S
20240425;100416;1870;6;10207405348;S
20240425;100416;1870;1;10207405349;S
20240425;100416;1870;5;10207405350;S
20240425;100416;1870;3;10207405351;S
20240425;100416;1870;4;10207405352;S
20240425;100416;1870;1;10207405353;S
20240425;100416;1870;11;10207405354;S
20240425;100416;1870;1;10207405355;S
20240425;100416;1870;3;10207405356;S
20240425;100416;1870.8;1;10207405445;B
20240425;100417;1870;2;10207405461;S
20240425;100417;1870;1;10207405462;S
20240425;100417;1870;12;10207405463;S
20240425;100417;1870;2;10207405464;S
20240425;100417;1870;2;10207405469;S
20240425;100417;1870;5;10207405471;S
20240425;100417;1870;2;10207405472;S
20240425;100417;1870;10;10207405473;S
20240425;100417;1870;1;10207405474;S
20240425;100417;1870;3;10207405475;S
20240425;100417;1870;1;10207405476;S
20240425;100417;1870;12;10207405482;S
20240425;100417;1870;7;10207405483;S
20240425;100417;1870;1;10207405484;S
20240425;100417;1870;1;10207405486;S
20240425;100417;1870;2;10207405487;S
20240425;100417;1870;4;10207405489;S
20240425;100417;1870;1;10207405490;S
20240425;100417;1870;36;10207405491;S
20240425;100417;1870;3;10207405492;S
20240425;100417;1870;2;10207405497;S
20240425;100417;1870;1;10207405498;S
20240425;100417;1870;1;10207405499;S
20240425;100417;1870;6;10207405500;S
20240425;100417;1870;12;10207405501;S
20240425;100417;1870;8;10207405502;S
20240425;100417;1870;4;10207405503;S
20240425;100417;1870;1;10207405504;S
20240425;100417;1870;3;10207405505;S
20240425;100417;1870;18;10207405506;S
20240425;100417;1870;1;10207405507;S
20240425;100417;1870;64;10207405509;S
20240425;100417;1869.8;14;10207405510;S
20240425;100417;1869.8;33;10207405511;S
20240425;100417;1869.8;2;10207405512;S
20240425;100417;1869.8;10;10207405515;S
20240425;100417;1869.8;10;10207405517;S
20240425;100419;1869.8;2;10207405724;S
20240425;100419;1869.8;10;10207405725;S
20240425;100419;1869.8;2;10207405726;S
20240425;100419;1869.8;2;10207405728;S
20240425;100419;1869.6;10;10207405732;S
20240425;100419;1869.6;5;10207405733;S
20240425;100419;1869.6;1;10207405734;S
20240425;100419;1869.6;2;10207405735;S
20240425;100419;1869.6;12;10207405736;S
20240425;100419;1869.6;3;10207405737;S
20240425;100419;1869.6;1;10207405739;S
20240425;100419;1869.6;3;10207405740;S
20240425;100419;1869.6;4;10207405741;S
20240425;100419;1869.6;6;10207405745;S
20240425;100419;1869.6;3;10207405748;S
20240425;100419;1869.6;46;10207405749;S
20240425;100419;1869.6;2;10207405750;S
20240425;100419;1869.6;2;10207405751;S
20240425;100419;1869.6;23;10207405757;S
20240425;100419;1869.2;2;10207405758;S
20240425;100419;1869.2;2;10207405759;S
20240425;100419;1869.2;12;10207405760;S
20240425;100419;1869.2;1;10207405762;S
20240425;100419;1869.2;2;10207405763;S
20240425;100419;1869.2;9;10207405765;S
20240425;100419;1869.2;3;10207405766;S
20240425;100419;1869.2;3;10207405767;S
20240425;100419;1869.2;9;10207405768;S
20240425;100419;1869.2;2;10207405769;S
20240425;100419;1869.2;2;10207405770;S
20240425;100419;1869.2;1;10207405771;S
20240425;100419;1869.2;12;10207405772;S
20240425;100419;1869.2;26;10207405773;S
20240425;100419;1869.2;1;10207405774;S
20240425;100419;1869.2;14;10207405775;S
20240425;100419;1869.2;3;10207405776;S
20240425;100419;1869.2;14;10207405777;S
20240425;100419;1869.2;2;10207405778;S
20240425;100419;1869.2;7;10207405779;S
20240425;100419;1869.2;3;10207405782;S
20240425;100419;1869.2;3;10207405783;S
20240425;100419;1869.2;1;10207405784;S
20240425;100419;1869.2;10;10207405785;S
20240425;100419;1869.2;1;10207405786;S
20240425;100419;1869.2;1;10207405787;S
20240425;100419;1869;7;10207405873;S
20240425;100419;1869;18;10207405874;S
20240425;100419;1868.8;50;10207405875;S
20240425;100419;1868.8;31;10207405876;S
20240425;100420;1869;1;10207405957;B
20240425;100420;1869.4;17;10207405958;B
20240425;100420;1869.8;12;10207405959;B
20240425;100420;1868.8;2;10207405979;S
20240425;100421;1869.6;1;10207406081;B
20240425;100422;1868.6;5;10207406153;S
20240425;100422;1868.4;13;10207406154;S
20240425;100422;1868.4;20;10207406155;S
20240425;100422;1868.4;3;10207406156;S
20240425;100422;1868.4;2;10207406157;S
20240425;100422;1868.4;12;10207406158;S
20240425;100422;1868.4;3;10207406159;S
20240425;100422;1868.4;3;10207406160;S
20240425;100422;1868.4;1;10207406161;S
20240425;100422;1868.4;1;10207406162;S
20240425;100422;1868.4;23;10207406164;S
20240425;100422;1868.4;1;10207406165;S
20240425;100422;1868.4;3;10207406166;S
20240425;100422;1868.4;1;10207406167;S
20240425;100422;1868.4;24;10207406168;S
20240425;100422;1868.4;3;10207406169;S
20240425;100422;1868.4;9;10207406171;S
20240425;100422;1868.4;14;10207406172;S
20240425;100422;1868.4;24;10207406173;S
20240425;100422;1868.4;2;10207406174;S
20240425;100422;1868.4;6;10207406175;S
20240425;100422;1868.4;45;10207406176;S
20240425;100422;1868.4;8;10207406177;S
20240425;100422;1868.4;29;10207406180;S
20240425;100422;1868.4;24;10207406181;S
20240425;100422;1868.2;5;10207406182;S
20240425;100422;1868.2;3;10207406183;S
20240425;100422;1868.2;2;10207406184;S
20240425;100422;1868.2;3;10207406185;S
20240425;100422;1868.2;2;10207406186;S
20240425;100422;1868.2;3;10207406187;S
20240425;100422;1868.2;2;10207406188;S
20240425;100422;1868.2;1;10207406189;S
20240425;100422;1868.2;44;10207406267;S
20240425;100422;1868.2;17;10207406268;S
20240425;100422;1868.2;55;10207406269;S
20240425;100422;1868.2;70;10207406270;S
20240425;100422;1868.2;14;10207406271;S
20240425;100422;1868;1;10207406272;S
20240425;100422;1868;99;10207406273;S
20240425;100425;1869;45;10207406577;S
20240425;100425;1869;2;10207406579;S
20240425;100425;1869;28;10207406581;S
20240425;100425;1869;2;10207406582;S
20240425;100425;1869;2;10207406583;S
20240425;100425;1869;2;10207406585;S
20240425;100425;1869;5;10207406586;S
20240425;100425;1869;2;10207406587;S
20240425;100425;1869;7;10207406588;S
20240425;100425;1869;2;10207406589;S
20240425;100425;1869;1;10207406590;S
20240425;100425;1869;1;10207406591;S
20240425;100425;1869;1;10207406592;S
20240425;100425;1868.8;1;10207406593;S
20240425;100425;1868.8;5;10207406594;S
20240425;100425;1868.8;2;10207406595;S
20240425;100425;1868.8;3;10207406605;S
20240425;100425;1868.8;3;10207406606;S
20240425;100425;1868.8;3;10207406607;S
20240425;100425;1868.8;1;10207406609;S
20240425;100425;1868.6;21;10207406610;S
20240425;100425;1868.4;3;10207406611;S
20240425;100425;1868.4;1;10207406614;S
20240425;100425;1868.4;1;10207406615;S
20240425;100425;1868.4;3;10207406619;S
20240425;100425;1868.4;2;10207406620;S
20240425;100425;1868.4;4;10207406622;S
20240425;100425;1868.4;16;10207406624;S
20240425;100425;1868.4;8;10207406625;S
20240425;100425;1868.4;7;10207406626;S
20240425;100425;1868.4;5;10207406627;S
20240425;100425;1868.4;2;10207406628;S
20240425;100425;1868.4;1;10207406629;S
20240425;100425;1868.4;7;10207406630;S
20240425;100425;1868.2;8;10207406631;S
20240425;100425;1868.2;5;10207406632;S
20240425;100425;1868.2;9;10207406633;S
20240425;100425;1868.2;14;10207406634;S
20240425;100425;1868;25;10207406635;S
20240425;100425;1867.8;17;10207406636;S
20240425;100425;1867.8;3;10207406637;S
20240425;100425;1867.8;2;10207406638;S
20240425;100425;1867.8;10;10207406639;S
20240425;100425;1867.8;2;10207406640;S
20240425;100425;1867.8;5;10207406642;S
20240425;100426;1867.8;2;10207406705;S
20240425;100426;1867.8;36;10207406706;S
20240425;100426;1867.8;2;10207406707;S
20240425;100426;1867.8;2;10207406709;S
20240425;100426;1867.8;2;10207406710;S
20240425;100426;1867.8;4;10207406711;S
20240425;100426;1867.8;2;10207406713;S
20240425;100426;1867.8;3;10207406714;S
20240425;100426;1867.8;12;10207406715;S
20240425;100426;1867.8;7;10207406716;S
20240425;100426;1867.8;3;10207406717;S
20240425;100426;1867.8;8;10207406718;S
20240425;100426;1867.8;1;10207406719;S
20240425;100426;1867.8;1;10207406720;S
20240425;100426;1867.8;1;10207406721;S
20240425;100426;1867.8;2;10207406722;S
20240425;100426;1867.8;2;10207406723;S
20240425;100426;1867.8;4;10207406724;S
20240425;100426;1867.8;7;10207406725;S
20240425;100426;1867.8;3;10207406726;S
20240425;100426;1867.8;3;10207406728;S
20240425;100426;1867.8;1;10207406729;S
20240425;100426;1867.8;2;10207406731;S
20240425;100426;1867.8;2;10207406732;S
20240425;100426;1867.8;11;10207406733;S
20240425;100426;1867.8;3;10207406736;S
20240425;100426;1867.8;9;10207406737;S
20240425;100426;1867.6;4;10207406738;S
20240425;100426;1867.6;13;10207406739;S
20240425;100426;1867.6;16;10207406740;S
20240425;100426;1867.6;6;10207406742;S
20240425;100426;1867.6;1;10207406743;S
20240425;100426;1867.6;3;10207406745;S
20240425;100426;1867.6;9;10207406746;S
20240425;100426;1867.6;31;10207406747;S
20240425;100426;1867.6;40;10207406748;S
20240425;100426;1867.6;2;10207406749;S
20240425;100426;1867.6;2;10207406750;S
20240425;100426;1867.6;5;10207406751;S
20240425;100426;1867.4;2;10207406752;S
20240425;100426;1867.4;4;10207406753;S
20240425;100426;1868.6;1;10207406832;B
20240425;100427;1867.6;1;10207406900;S
20240425;100427;1867.6;1;10207406901;S
20240425;100427;1867.6;2;10207406902;S
20240425;100427;1867.6;9;10207406903;S
20240425;100427;1867.6;60;10207406904;S
20240425;100427;1867.6;12;10207406905;S
20240425;100427;1867.4;4;10207406906;S
20240425;100427;1867.4;2;10207406907;S
20240425;100427;1867.4;13;10207406908;S
20240425;100427;1867.4;1;10207406909;S
20240425;100427;1867.4;5;10207406910;S
20240425;100427;1867.4;2;10207406911;S
20240425;100427;1867.4;2;10207406913;S
20240425;100427;1867.4;3;10207406915;S
20240425;100427;1867.4;1;10207406916;S
20240425;100427;1867.4;10;10207406917;S
20240425;100427;1867.4;14;10207406918;S
20240425;100427;1867.4;10;10207406919;S
20240425;100427;1867.2;2;10207406920;S
20240425;100427;1867.2;4;10207406921;S
20240425;100427;1867.2;1;10207406922;S
20240425;100427;1867.2;2;10207406923;S
20240425;100427;1867.2;1;10207406924;S
20240425;100427;1867.2;3;10207406925;S
20240425;100427;1867.2;3;10207406926;S
20240425;100427;1867.2;4;10207406930;S
20240425;100427;1867.2;20;10207406931;S
20240425;100427;1867;3;10207406932;S
20240425;100427;1867;2;10207406933;S
20240425;100427;1867;12;10207406934;S
20240425;100427;1867;1;10207406935;S
20240425;100427;1867;2;10207406936;S
20240425;100427;1867;6;10207406937;S
20240425;100427;1867;2;10207406938;S
20240425;100427;1867;2;10207406939;S
20240425;100427;1867;1;10207406940;S
20240425;100427;1867;3;10207406941;S
20240425;100427;1867;3;10207406942;S
20240425;100427;1867;2;10207406943;S
20240425;100427;1867;2;10207406945;S
20240425;100427;1867;3;10207406946;S
20240425;100427;1867;2;10207406947;S
20240425;100427;1867;2;10207406948;S
20240425;100427;1867;8;10207406949;S
20240425;100427;1867;1;10207406952;S
20240425;100427;1867;1;10207406957;S
20240425;100427;1867;10;10207406958;S
20240425;100429;1867;3;10207407073;S
20240425;100429;1867;2;10207407074;S
20240425;100429;1867;4;10207407075;S
20240425;100429;1867;2;10207407076;S
20240425;100429;1866.8;2;10207407078;S
20240425;100429;1866.6;15;10207407079;S
20240425;100429;1866.6;2;10207407081;S
20240425;100429;1866.6;26;10207407082;S
20240425;100429;1866.6;69;10207407083;S
20240425;100429;1866.6;20;10207407084;S
20240425;100429;1866.6;1;10207407085;S
20240425;100429;1866.6;5;10207407093;S
20240425;100429;1866.6;12;10207407094;S
20240425;100429;1866.6;3;10207407095;S
20240425;100429;1866.6;1;10207407103;S
20240425;100429;1866.6;18;10207407104;S
20240425;100429;1866.6;2;10207407105;S
20240425;100429;1866.6;1;10207407106;S
20240425;100429;1866.6;4;10207407107;S
20240425;100429;1866.6;1;10207407108;S
20240425;100429;1866.6;11;10207407109;S
20240425;100429;1866.6;2;10207407110;S
20240425;100429;1866.6;3;10207407111;S
20240425;100429;1866.6;10;10207407112;S
20240425;100429;1866.6;3;10207407113;S
20240425;100429;1866.6;14;10207407114;S
20240425;100429;1866.6;29;10207407115;S
20240425;100429;1866.6;7;10207407116;S
20240425;100429;1866.6;3;10207407117;S
20240425;100429;1866.6;3;10207407118;S
20240425;100429;1866.6;3;10207407119;S
20240425;100429;1866.6;3;10207407120;S
20240425;100430;1866.8;1;10207407415;S
20240425;100430;1866.8;4;10207407424;S
20240425;100430;1866.8;1;10207407425;S
20240425;100430;1866.8;5;10207407426;S
20240425;100430;1866.8;4;10207407441;S
20240425;100430;1866.6;15;10207407442;S
20240425;100430;1866.6;1;10207407443;S
20240425;100430;1866.6;2;10207407444;S
20240425;100430;1866.6;3;10207407445;S
20240425;100430;1866.6;3;10207407446;S
20240425;100430;1866.6;3;10207407448;S
20240425;100430;1866.6;18;10207407449;S
20240425;100430;1866.6;3;10207407455;S
20240425;100430;1866.6;3;10207407456;S
20240425;100430;1866.6;4;10207407458;S
20240425;100430;1866.6;1;10207407460;S
20240425;100430;1866.6;2;10207407461;S
20240425;100430;1866.6;2;10207407462;S
20240425;100430;1866.6;43;10207407463;S
20240425;100430;1866.6;11;10207407465;S
20240425;100430;1866.6;4;10207407466;S
20240425;100430;1866.6;2;10207407467;S
20240425;100430;1866.6;7;10207407468;S
20240425;100430;1866.4;10;10207407469;S
20240425;100430;1866.4;12;10207407470;S
20240425;100430;1866.4;6;10207407471;S
20240425;100430;1866.4;1;10207407472;S
20240425;100430;1866.4;15;10207407473;S
20240425;100430;1866.4;4;10207407474;S
20240425;100430;1866.4;3;10207407476;S
20240425;100430;1866.4;10;10207407477;S
20240425;100430;1866.4;15;10207407478;S
20240425;100430;1866.4;1;10207407479;S
20240425;100430;1866.4;2;10207407480;S
20240425;100430;1866.4;2;10207407481;S
20240425;100430;1866.4;3;10207407482;S
20240425;100430;1866.4;1;10207407483;S
20240425;100430;1866.4;1;10207407484;S
20240425;100430;1866.4;1;10207407485;S
20240425;100430;1866.4;1;10207407486;S
20240425;100430;1866.4;2;10207407487;S
20240425;100430;1866.4;1;10207407488;S
20240425;100430;1866.4;11;10207407491;S
20240425;100430;1866.4;2;10207407492;S
20240425;100430;1866.4;4;10207407493;S
20240425;100430;1866.4;6;10207407494;S
20240425;100430;1866.4;3;10207407496;S
20240425;100430;1866.4;1;10207407497;S
20240425;100430;1866.4;6;10207407498;S
20240425;100430;1866.4;3;10207407499;S
20240425;100430;1866.4;2;10207407500;S
20240425;100430;1866.4;3;10207407501;S
20240425;100430;1866.4;4;10207407502;S
20240425;100430;1866.4;2;10207407503;S
20240425;100430;1866.4;1;10207407504;S
20240425;100430;1866.4;19;10207407505;S
20240425;100432;1866.4;2;10207407757;S
20240425;100432;1866.4;9;10207407759;S
20240425;100432;1866.4;10;10207407760;S
20240425;100432;1866.4;2;10207407761;S
20240425;100432;1866.4;1;10207407763;S
20240425;100432;1866.4;2;10207407764;S
20240425;100432;1866.4;2;10207407765;S
20240425;100432;1866.4;4;10207407766;S
20240425;100432;1866.4;4;10207407767;S
20240425;100432;1866.4;3;10207407768;S
20240425;100432;1866.4;3;10207407769;S
20240425;100432;1866.4;3;10207407770;S
20240425;100432;1866.4;2;10207407772;S
20240425;100432;1866.4;3;10207407773;S
20240425;100432;1866.4;3;10207407782;S
20240425;100432;1866.4;2;10207407784;S
20240425;100432;1866.4;11;10207407785;S
20240425;100432;1866.4;6;10207407786;S
20240425;100432;1866.4;2;10207407787;S
20240425;100432;1866.4;14;10207407789;S
20240425;100432;1866.4;12;10207407790;S
20240425;100432;1866.4;3;10207407791;S
20240425;100432;1866.4;9;10207407792;S
20240425;100432;1866.4;3;10207407793;S
20240425;100432;1866.4;27;10207407794;S
20240425;100432;1866.4;3;10207407795;S
20240425;100432;1866.4;3;10207407796;S
20240425;100432;1866.4;5;10207407797;S
20240425;100432;1866.4;1;10207407798;S
20240425;100432;1866.4;8;10207407802;S
20240425;100432;1866.4;1;10207407803;S
20240425;100432;1866.4;4;10207407804;S
20240425;100432;1866.4;16;10207407805;S
20240425;100432;1866.4;2;10207407808;S
20240425;100432;1866.4;3;10207407809;S
20240425;100432;1866.4;4;10207407810;S
20240425;100432;1866.4;8;10207407811;S
20240425;100432;1866.4;6;10207407812;S
20240425;100432;1866.2;15;10207407813;S
20240425;100432;1866.2;2;10207407814;S
20240425;100432;1866.2;12;10207407815;S
20240425;100432;1866.2;3;10207407816;S
20240425;100432;1866.2;10;10207407817;S
20240425;100432;1866.2;4;10207407818;S
20240425;100432;1866.2;2;10207407819;S
20240425;100432;1866.2;3;10207407820;S
20240425;100432;1866.2;4;10207407821;S
20240425;100432;1866.2;4;10207407822;S
20240425;100432;1866.2;11;10207407823;S
20240425;100432;1866.2;74;10207407895;S
20240425;100432;1866.2;8;10207407896;S
20240425;100432;1866;28;10207407897;S
20240425;100433;1865.8;2;10207407958;S
20240425;100433;1865.8;1;10207407960;S
20240425;100433;1865.6;19;10207407961;S
20240425;100433;1865.6;1;10207407963;S
20240425;100433;1865.6;2;10207407964;S
20240425;100433;1865.6;1;10207407965;S
20240425;100433;1865.6;39;10207407966;S
20240425;100433;1865.6;28;10207407967;S
20240425;100433;1865.6;2;10207407970;S
20240425;100433;1865.6;1;10207407971;S
20240425;100433;1865.6;1;10207407972;S
20240425;100433;1865.6;15;10207407975;S
20240425;100433;1865.6;3;10207407976;S
20240425;100433;1865.6;5;10207407977;S
20240425;100433;1865.6;1;10207407979;S
20240425;100433;1865.6;9;10207407981;S
20240425;100433;1865.6;15;10207407982;S
20240425;100433;1865.6;8;10207407983;S
20240425;100433;1865.6;2;10207407984;S
20240425;100433;1865.6;3;10207407985;S
20240425;100433;1865.6;4;10207407986;S
20240425;100433;1865.6;9;10207407987;S
20240425;100433;1865.6;3;10207407989;S
20240425;100433;1865.6;3;10207407990;S
20240425;100433;1865.6;16;10207407991;S
20240425;100433;1865.6;2;10207407992;S
20240425;100433;1865.6;26;10207407993;S
20240425;100433;1865.6;2;10207407994;S
20240425;100433;1865.6;1;10207407995;S
20240425;100433;1865.6;2;10207407996;S
20240425;100433;1865.6;3;10207407997;S
20240425;100433;1865.6;17;10207407998;S
20240425;100433;1865.6;9;10207407999;S
20240425;100433;1865.6;8;10207408000;S
20240425;100433;1865.6;1;10207408001;S
20240425;100433;1865.6;4;10207408002;S
20240425;100433;1865.6;2;10207408003;S
20240425;100433;1865.6;3;10207408004;S
20240425;100433;1865.6;7;10207408005;S
20240425;100433;1865.6;6;10207408006;S
20240425;100433;1865.6;4;10207408007;S
20240425;100433;1865.6;2;10207408008;S
20240425;100433;1865.6;6;10207408009;S
20240425;100433;1865.6;2;10207408018;S
20240425;100433;1866.6;17;10207408028;B
20240425;100433;1866.8;8;10207408029;B
20240425;100435;1866;27;10207408211;S
20240425;100435;1866;16;10207408218;S
20240425;100435;1866;1;10207408219;S
20240425;100435;1866;6;10207408220;S
20240425;100435;1866;2;10207408221;S
20240425;100435;1866;1;10207408223;S
20240425;100435;1866;1;10207408226;S
20240425;100435;1866;3;10207408227;S
20240425;100435;1866;4;10207408228;S
20240425;100435;1866;6;10207408229;S
20240425;100435;1866;1;10207408230;S
20240425;100435;1866;5;10207408231;S
20240425;100435;1866;10;10207408233;S
20240425;100435;1866;2;10207408234;S
20240425;100435;1866;3;10207408235;S
20240425;100435;1866;5;10207408236;S
20240425;100435;1866;2;10207408237;S
20240425;100435;1866;1;10207408238;S
20240425;100435;1866;7;10207408239;S
20240425;100435;1866;7;10207408240;S
20240425;100435;1866;4;10207408243;S
20240425;100435;1866;12;10207408244;S
20240425;100435;1865.8;8;10207408245;S
20240425;100435;1865.8;11;10207408246;S
20240425;100435;1866;8;10207408247;S
20240425;100435;1866;2;10207408248;S
20240425;100435;1866;6;10207408250;S
20240425;100435;1866;1;10207408251;S
20240425;100435;1866;1;10207408252;S
20240425;100435;1866;10;10207408253;S
20240425;100435;1866;4;10207408254;S
20240425;100435;1866;2;10207408255;S
20240425;100435;1866;10;10207408256;S
20240425;100435;1865.8;2;10207408257;S
20240425;100435;1866;1;10207408259;S
20240425;100435;1866;4;10207408260;S
20240425;100435;1866;3;10207408261;S
20240425;100435;1866;22;10207408262;S
20240425;100435;1866;3;10207408263;S
20240425;100435;1866;2;10207408264;S
20240425;100435;1866;3;10207408266;S
20240425;100435;1866;1;10207408267;S
20240425;100435;1866;28;10207408268;S
20240425;100435;1865.8;2;10207408269;S
20240425;100435;1865.8;8;10207408270;S
20240425;100435;1865.8;1;10207408271;S
20240425;100435;1865.8;1;10207408272;S
20240425;100435;1865.8;3;10207408276;S
20240425;100435;1865.8;27;10207408277;S
20240425;100436;1865.8;6;10207408533;S
20240425;100436;1866;10;10207408534;B
20240425;100436;1865.8;3;10207408535;S
20240425;100436;1865.8;3;10207408537;S
20240425;100436;1865.8;3;10207408538;S
20240425;100436;1865.8;6;10207408540;S
20240425;100436;1865.8;3;10207408542;S
20240425;100436;1865.8;4;10207408544;S
20240425;100436;1865.8;34;10207408546;S
20240425;100436;1865.8;4;10207408547;S
20240425;100436;1865.8;53;10207408548;S
20240425;100436;1865.8;3;10207408550;S
20240425;100436;1865.8;6;10207408551;S
20240425;100436;1865.8;1;10207408558;S
20240425;100436;1865.8;16;10207408559;S
20240425;100436;1865.8;2;10207408560;S
20240425;100436;1865.8;17;10207408561;S
20240425;100436;1865.8;1;10207408563;S
20240425;100436;1865.8;1;10207408564;S
20240425;100436;1865.8;3;10207408565;S
20240425;100436;1865.8;2;10207408568;S
20240425;100436;1865.8;3;10207408569;S
20240425;100436;1865.8;4;10207408570;S
20240425;100436;1865.8;19;10207408571;S
20240425;100436;1865.8;2;10207408572;S
20240425;100436;1865.8;1;10207408573;S
20240425;100436;1865.8;3;10207408574;S
20240425;100436;1865.8;2;10207408575;S
20240425;100436;1865.8;2;10207408576;S
20240425;100436;1865.6;2;10207408577;S
20240425;100436;1865.6;2;10207408578;S
20240425;100436;1865.4;2;10207408579;S
20240425;100436;1865.4;10;10207408580;S
20240425;100436;1865.4;1;10207408581;S
20240425;100436;1865.4;68;10207408582;S
20240425;100436;1865.4;2;10207408583;S
20240425;100438;1865.6;3;10207408838;S
20240425;100438;1865.6;2;10207408839;S
20240425;100438;1865.6;6;10207408840;S
20240425;100438;1865.6;4;10207408841;S
20240425;100438;1865.6;50;10207408842;S
20240425;100438;1865.6;2;10207408843;S
20240425;100438;1865.6;1;10207408845;S
20240425;100438;1865.6;3;10207408846;S
20240425;100438;1865.6;2;10207408847;S
20240425;100438;1865.6;34;10207408848;S
20240425;100438;1865.6;1;10207408849;S
20240425;100438;1865.6;16;10207408850;S
20240425;100438;1865.6;1;10207408851;S
20240425;100438;1865.4;18;10207408852;S
20240425;100438;1865.4;1;10207408853;S
20240425;100438;1865.4;1;10207408855;S
20240425;100438;1865.4;2;10207408856;S
20240425;100438;1865.4;3;10207408857;S
20240425;100438;1865.4;6;10207408859;S
20240425;100438;1865.4;3;10207408860;S
20240425;100438;1865.4;3;10207408862;S
20240425;100438;1865.4;2;10207408864;S
20240425;100438;1865.4;3;10207408865;S
20240425;100438;1865.4;6;10207408866;S
20240425;100438;1865.4;13;10207408867;S
20240425;100438;1865.4;4;10207408868;S
20240425;100438;1865.4;3;10207408869;S
20240425;100438;1865.4;1;10207408875;S
20240425;100438;1865.4;1;10207408876;S
20240425;100438;1865.4;2;10207408878;S
20240425;100438;1865.4;3;10207408879;S
20240425;100438;1865.4;1;10207408883;S
20240425;100438;1865.4;2;10207408887;S
20240425;100438;1865.4;3;10207408888;S
20240425;100438;1865.4;1;10207408889;S
20240425;100438;1865.4;8;10207408890;S
20240425;100438;1865.4;8;10207408891;S
20240425;100438;1865.4;8;10207408892;S
20240425;100438;1865.4;2;10207408893;S
20240425;100438;1865.4;1;10207408894;S
20240425;100438;1865.4;1;10207408895;S
20240425;100438;1865.4;8;10207408896;S
20240425;100438;1865.4;2;10207408897;S
20240425;100438;1865.4;3;10207408898;S
20240425;100438;1865.4;4;10207408899;S
20240425;100438;1865.4;4;10207408900;S
20240425;100438;1865.4;4;10207408901;S
20240425;100438;1865.4;2;10207408902;S
20240425;100438;1865.4;3;10207408903;S
20240425;100438;1865.4;2;10207408904;S
20240425;100438;1865.4;4;10207408906;S
20240425;100438;1865.4;2;10207408907;S
20240425;100438;1865.4;18;10207408908;S
20240425;100438;1865.4;3;10207408909;S
20240425;100438;1865.4;3;10207408910;S
20240425;100438;1865.4;3;10207408911;S
20240425;100439;1865.6;1;10207408989;S
20240425;100439;1865.4;25;10207408990;S
20240425;100439;1865.4;1;10207408991;S
20240425;100439;1865.4;1;10207408993;S
20240425;100439;1865.4;1;10207408994;S
20240425;100439;1865.4;2;10207408995;S
20240425;100439;1865.4;6;10207408996;S
20240425;100439;1865.4;10;10207408997;S
20240425;100439;1865.4;4;10207408998;S
20240425;100439;1865.4;14;10207408999;S
20240425;100439;1865.4;1;10207409000;S
20240425;100439;1865.4;10;10207409008;S
20240425;100439;1865.4;3;10207409010;S
20240425;100439;1865.4;3;10207409011;S
20240425;100439;1865.4;1;10207409013;S
20240425;100439;1865.4;1;10207409014;S
20240425;100439;1865.4;1;10207409015;S
20240425;100439;1865.4;1;10207409017;S
20240425;100439;1865.4;5;10207409018;S
20240425;100439;1865.4;2;10207409019;S
20240425;100439;1865.4;5;10207409020;S
20240425;100439;1865.4;6;10207409021;S
20240425;100439;1865.4;3;10207409022;S
20240425;100439;1865.4;7;10207409023;S
20240425;100439;1865.4;2;10207409024;S
20240425;100439;1865.4;25;10207409027;S
20240425;100439;1865.4;12;10207409028;S
20240425;100439;1865.4;5;10207409029;S
20240425;100439;1865.4;6;10207409030;S
20240425;100439;1865.4;1;10207409034;S
20240425;100439;1865.4;7;10207409035;S
20240425;100439;1865.4;3;10207409036;S
20240425;100439;1865.4;6;10207409037;S
20240425;100439;1865.4;3;10207409038;S
20240425;100439;1865.4;3;10207409039;S
20240425;100439;1865.4;1;10207409040;S
20240425;100439;1865.4;8;10207409041;S
20240425;100439;1865.4;3;10207409042;S
20240425;100439;1865.4;2;10207409043;S
20240425;100439;1865.4;3;10207409044;S
20240425;100439;1865.4;1;10207409045;S
20240425;100439;1865.4;3;10207409046;S
20240425;100439;1865.4;10;10207409047;S
20240425;100439;1865.4;3;10207409049;S
20240425;100439;1865.4;2;10207409050;S
20240425;100439;1865.4;1;10207409051;S
20240425;100439;1865.4;3;10207409054;S
20240425;100439;1865.4;3;10207409055;S
20240425;100439;1865.4;1;10207409056;S
20240425;100439;1865.4;13;10207409057;S
20240425;100439;1865.4;1;10207409058;S
20240425;100439;1865.4;1;10207409059;S
20240425;100439;1865.4;39;10207409060;S
20240425;100439;1865.4;6;10207409061;S
20240425;100439;1865.4;2;10207409062;S
20240425;100439;1865.4;3;10207409064;S
20240425;100441;1865.4;3;10207409247;S
20240425;100441;1865.4;6;10207409248;S
20240425;100441;1865.4;1;10207409249;S
20240425;100441;1865.4;1;10207409253;S
20240425;100441;1865.4;19;10207409254;S
20240425;100441;1865.4;39;10207409255;S
20240425;100441;1865.4;11;10207409256;S
20240425;100441;1865.4;2;10207409257;S
20240425;100441;1865.4;18;10207409259;S
20240425;100441;1865.4;6;10207409260;S
20240425;100441;1865.4;1;10207409262;S
20240425;100441;1865.4;1;10207409264;S
20240425;100441;1865.4;2;10207409265;S
20240425;100441;1865.4;2;10207409266;S
20240425;100441;1865.4;1;10207409267;S
20240425;100441;1865.4;2;10207409270;S
20240425;100441;1865.4;1;10207409271;S
20240425;100441;1865.4;3;10207409273;S
20240425;100441;1865.4;4;10207409274;S
20240425;100441;1865.4;3;10207409275;S
20240425;100441;1865.4;4;10207409276;S
20240425;100441;1865.4;4;10207409277;S
20240425;100441;1865.4;8;10207409279;S
20240425;100441;1865.4;19;10207409280;S
20240425;100441;1865.4;8;10207409281;S
20240425;100441;1865.4;1;10207409282;S
20240425;100441;1865.4;25;10207409283;S
20240425;100441;1865.4;1;10207409284;S
20240425;100441;1865.4;1;10207409285;S
20240425;100441;1865.4;14;10207409286;S
20240425;100441;1865.4;1;10207409294;S
20240425;100441;1865.4;2;10207409295;S
20240425;100441;1865.4;1;10207409296;S
20240425;100441;1865.4;18;10207409297;S
20240425;100441;1865.4;5;10207409298;S
20240425;100441;1865.4;13;10207409299;S
20240425;100441;1865.4;4;10207409300;S
20240425;100441;1865.4;1;10207409301;S
20240425;100441;1865.4;19;10207409302;S
20240425;100441;1865.4;2;10207409303;S
20240425;100441;1865.4;11;10207409305;S
20240425;100441;1865.4;1;10207409308;S
20240425;100441;1865.4;8;10207409309;S
20240425;100441;1865.4;3;10207409311;S
20240425;100441;1866.4;1;10207409340;B
20240425;100442;1865.6;1;10207409421;S
20240425;100442;1865.6;15;10207409422;S
20240425;100442;1865.4;7;10207409423;S
20240425;100442;1865.4;1;10207409425;S
20240425;100442;1865.4;3;10207409426;S
20240425;100442;1865.4;2;10207409427;S
20240425;100442;1865.4;9;10207409431;S
20240425;100442;1865.4;5;10207409432;S
20240425;100442;1865.4;2;10207409433;S
20240425;100442;1865.4;3;10207409435;S
20240425;100442;1865.4;2;10207409436;S
20240425;100442;1865.4;3;10207409437;S
20240425;100442;1865.4;2;10207409438;S
20240425;100442;1865.4;1;10207409439;S
20240425;100442;1865.4;29;10207409440;S
20240425;100442;1865.4;4;10207409441;S
20240425;100442;1865.4;3;10207409442;S
20240425;100442;1865.4;2;10207409446;S
20240425;100442;1865.4;10;10207409447;S
20240425;100442;1865.4;3;10207409448;S
20240425;100442;1865.4;3;10207409449;S
20240425;100442;1865.4;2;10207409451;S
20240425;100442;1865.4;3;10207409452;S
20240425;100442;1865.4;5;10207409453;S
20240425;100442;1865.4;1;10207409454;S
20240425;100442;1865.4;2;10207409455;S
20240425;100442;1865.4;1;10207409456;S
20240425;100442;1865.4;3;10207409457;S
20240425;100442;1865.4;4;10207409458;S
20240425;100442;1865.4;1;10207409459;S
20240425;100442;1865.4;44;10207409460;S
20240425;100442;1865.4;9;10207409463;S
20240425;100442;1865.4;2;10207409464;S
20240425;100442;1865.4;4;10207409466;S
20240425;100442;1865.4;4;10207409467;S
20240425;100442;1865.4;1;10207409468;S
20240425;100442;1865.4;2;10207409470;S
20240425;100442;1865.4;5;10207409471;S
20240425;100442;1865.4;1;10207409472;S
20240425;100442;1865.4;2;10207409473;S
20240425;100442;1865.4;1;10207409474;S
20240425;100442;1865.4;4;10207409478;S
20240425;100442;1865.4;13;10207409479;S
20240425;100442;1865.4;3;10207409480;S
20240425;100442;1865.4;4;10207409481;S
20240425;100442;1865.4;2;10207409482;S
20240425;100442;1865.4;2;10207409483;S
20240425;100442;1865.4;1;10207409488;S
20240425;100442;1865.4;1;10207409489;S
20240425;100442;1865.4;32;10207409490;S
20240425;100442;1865.4;2;10207409491;S
20240425;100442;1865.4;11;10207409492;S
20240425;100442;1865.4;2;10207409493;S
20240425;100442;1865.4;2;10207409494;S
20240425;100442;1865.4;1;10207409495;S
20240425;100442;1865.4;1;10207409496;S
20240425;100442;1865.4;13;10207409497;S
20240425;100442;1865.4;1;10207409498;S
20240425;100442;1865.4;2;10207409499;S
20240425;100442;1865.4;9;10207409500;S
20240425;100442;1865.4;6;10207409501;S
20240425;100442;1865.4;2;10207409502;S
20240425;100442;1865.4;1;10207409504;S
20240425;100442;1865.4;10;10207409505;S
20240425;100442;1865.4;1;10207409506;S
20240425;100444;1865.4;1;10207409663;S
20240425;100444;1865.4;6;10207409664;S
20240425;100444;1865.4;12;10207409665;S
20240425;100444;1865.4;6;10207409666;S
20240425;100444;1865.4;3;10207409667;S
20240425;100444;1865.4;2;10207409668;S
20240425;100444;1865.4;2;10207409669;S
20240425;100444;1865.4;2;10207409670;S
20240425;100444;1865.4;3;10207409671;S
20240425;100444;1865.4;2;10207409672;S
20240425;100444;1865.4;1;10207409673;S
20240425;100444;1865.4;1;10207409674;S
20240425;100444;1865.4;1;10207409675;S
20240425;100444;1865.4;3;10207409676;S
20240425;100444;1865.4;2;10207409679;S
20240425;100444;1865.4;2;10207409680;S
20240425;100444;1865.4;3;10207409681;S
20240425;100444;1865.4;1;10207409683;S
20240425;100444;1865.4;3;10207409684;S
20240425;100444;1865.4;1;10207409685;S
20240425;100444;1865.4;13;10207409686;S
20240425;100444;1865.4;2;10207409687;S
20240425;100444;1865.4;2;10207409688;S
20240425;100444;1865.4;7;10207409689;S
20240425;100444;1865.4;6;10207409691;S
20240425;100444;1865.4;10;10207409693;S
20240425;100444;1865.4;14;10207409694;S
20240425;100444;1865.4;40;10207409695;S
20240425;100444;1865.2;1;10207409696;S
20240425;100444;1865;1;10207409698;S
20240425;100444;1865;2;10207409699;S
20240425;100444;1865;2;10207409700;S
20240425;100444;1865;1;10207409701;S
20240425;100444;1865;2;10207409702;S
20240425;100444;1865;14;10207409704;S
20240425;100444;1865;6;10207409705;S
20240425;100444;1865;4;10207409707;S
20240425;100444;1865;6;10207409710;S
20240425;100444;1865;1;10207409711;S
20240425;100444;1865;2;10207409712;S
20240425;100444;1865;7;10207409713;S
20240425;100444;1865;2;10207409714;S
20240425;100444;1865;15;10207409715;S
20240425;100444;1865;30;10207409716;S
20240425;100444;1865;17;10207409717;S
20240425;100444;1865;18;10207409718;S
20240425;100444;1865;13;10207409721;S
20240425;100446;1865.4;2;10207409991;S
20240425;100446;1865.4;3;10207409992;S
20240425;100446;1865.2;11;10207409999;S
20240425;100446;1865.2;2;10207410000;S
20240425;100446;1865.2;1;10207410002;S
20240425;100446;1865.2;17;10207410003;S
20240425;100446;1865.2;3;10207410004;S
20240425;100446;1865.2;40;10207410005;S
20240425;100446;1865.2;6;10207410006;S
20240425;100446;1865.2;1;10207410007;S
20240425;100446;1865.2;5;10207410008;S
20240425;100446;1865.2;1;10207410009;S
20240425;100446;1865.2;13;10207410011;S
20240425;100446;1865.2;3;10207410013;S
20240425;100446;1865.2;2;10207410014;S
20240425;100446;1865.2;21;10207410015;S
20240425;100446;1865.2;1;10207410016;S
20240425;100446;1865.2;1;10207410018;S
20240425;100446;1865.2;14;10207410019;S
20240425;100446;1865.2;3;10207410020;S
20240425;100446;1865.2;1;10207410021;S
20240425;100446;1865.2;6;10207410023;S
20240425;100446;1865.2;2;10207410024;S
20240425;100446;1865.2;2;10207410025;S
20240425;100446;1865.2;8;10207410026;S
20240425;100446;1865.2;34;10207410027;S
20240425;100446;1865;1;10207410028;S
20240425;100446;1865;2;10207410029;S
20240425;100446;1865;3;10207410030;S
20240425;100446;1865;4;10207410031;S
20240425;100446;1865;3;10207410032;S
20240425;100446;1865;2;10207410033;S
20240425;100446;1865;1;10207410038;S
20240425;100446;1865;18;10207410040;S
20240425;100446;1865;3;10207410041;S
20240425;100446;1865;2;10207410045;S
20240425;100446;1865;10;10207410046;S
20240425;100446;1865;3;10207410047;S
20240425;100446;1865;8;10207410048;S
20240425;100446;1865;1;10207410049;S
20240425;100446;1865;1;10207410050;S
20240425;100446;1865;7;10207410051;S
20240425;100446;1865;1;10207410052;S
20240425;100446;1865;1;10207410053;S
20240425;100446;1865;2;10207410054;S
20240425;100446;1865;3;10207410055;S
20240425;100446;1865;2;10207410056;S
20240425;100446;1865;2;10207410058;S
20240425;100446;1865;6;10207410059;S
20240425;100449;1865.8;1;10207410440;B
20240425;100449;1865.2;1;10207410507;S
20240425;100449;1865;4;10207410508;S
20240425;100449;1865;3;10207410509;S
20240425;100449;1865;12;10207410510;S
20240425;100449;1865;3;10207410511;S
20240425;100449;1865;4;10207410512;S
20240425;100449;1865;5;10207410513;S
20240425;100449;1865;6;10207410517;S
20240425;100449;1865;1;10207410518;S
20240425;100449;1865;1;10207410520;S
20240425;100449;1865;14;10207410523;S
20240425;100449;1865;12;10207410524;S
20240425;100449;1865;1;10207410525;S
20240425;100449;1865;13;10207410526;S
20240425;100449;1865;2;10207410527;S
20240425;100449;1865;1;10207410528;S
20240425;100449;1865;83;10207410530;S
20240425;100449;1865;7;10207410531;S
20240425;100449;1865;3;10207410532;S
20240425;100449;1865;1;10207410533;S
20240425;100449;1865;1;10207410534;S
20240425;100449;1865;19;10207410536;S
20240425;100449;1865;14;10207410537;S
20240425;100449;1865;2;10207410538;S
20240425;100449;1865;11;10207410539;S
20240425;100449;1865;2;10207410540;S
20240425;100449;1865;1;10207410541;S
20240425;100449;1865;3;10207410542;S
20240425;100449;1865;2;10207410543;S
20240425;100449;1865;1;10207410544;S
20240425;100449;1865;15;10207410545;S
20240425;100449;1865;1;10207410546;S
20240425;100449;1865;3;10207410547;S
20240425;100449;1865;26;10207410548;S
20240425;100449;1865;1;10207410549;S
20240425;100449;1865;1;10207410550;S
20240425;100449;1865;2;10207410551;S
20240425;100450;1865.4;2;10207410680;S
20240425;100450;1865.4;3;10207410681;S
20240425;100450;1865;22;10207410682;S
20240425;100450;1865;2;10207410684;S
20240425;100450;1865;3;10207410685;S
20240425;100450;1865;1;10207410687;S
20240425;100450;1865;1;10207410688;S
20240425;100450;1865;18;10207410689;S
20240425;100450;1865;12;10207410690;S
20240425;100450;1865;7;10207410691;S
20240425;100450;1865;2;10207410692;S
20240425;100450;1865;1;10207410695;S
20240425;100450;1865;2;10207410696;S
20240425;100450;1865;1;10207410697;S
20240425;100450;1865;1;10207410698;S
20240425;100450;1865;2;10207410699;S
20240425;100450;1865;3;10207410700;S
20240425;100450;1865;2;10207410702;S
20240425;100450;1865;14;10207410703;S
20240425;100450;1865;4;10207410705;S
20240425;100450;1865;1;10207410706;S
20240425;100450;1865;7;10207410707;S
20240425;100450;1865;22;10207410708;S
20240425;100450;1865;2;10207410709;S
20240425;100450;1865;2;10207410710;S
20240425;100450;1865;6;10207410711;S
20240425;100450;1865;3;10207410712;S
20240425;100450;1865;3;10207410713;S
20240425;100450;1865;2;10207410714;S
20240425;100450;1865;56;10207410715;S
20240425;100450;1865;1;10207410717;S
20240425;100450;1865;19;10207410719;S
20240425;100450;1865;1;10207410724;S
20240425;100450;1865;20;10207410725;S
20240425;100450;1865;3;10207410728;S
20240425;100450;1865;9;10207410729;S
20240425;100450;1865;2;10207410730;S
20240425;100450;1865;5;10207410731;S
20240425;100450;1865;1;10207410733;S
20240425;100450;1865;3;10207410734;S
20240425;100450;1865;3;10207410735;S
20240425;100450;1865;2;10207410736;S
20240425;100450;1865;2;10207410737;S
20240425;100450;1865;2;10207410738;S
20240425;100450;1865;6;10207410740;S
20240425;100450;1865;3;10207410741;S
20240425;100450;1865;4;10207410742;S
20240425;100450;1865;2;10207410743;S
20240425;100450;1865;1;10207410744;S
20240425;100450;1865;1;10207410746;S
20240425;100450;1865;2;10207410747;S
20240425;100450;1865.8;11;10207410753;B
20240425;100451;1865.8;5;10207410791;B
20240425;100452;1865.8;4;10207411023;S
20240425;100452;1865.8;1;10207411024;S
20240425;100452;1865.8;2;10207411025;S
20240425;100452;1865.8;15;10207411026;S
20240425;100452;1865.8;1;10207411027;S
20240425;100452;1865.8;2;10207411028;S
20240425;100452;1865.8;2;10207411031;S
20240425;100452;1865.8;2;10207411032;S
20240425;100452;1865.8;1;10207411033;S
20240425;100452;1865.8;3;10207411034;S
20240425;100452;1865.8;2;10207411035;S
20240425;100452;1865.8;3;10207411038;S
20240425;100452;1865.8;2;10207411040;S
20240425;100452;1865.8;15;10207411041;S
20240425;100452;1865.8;2;10207411042;S
20240425;100452;1865.8;3;10207411043;S
20240425;100452;1865.8;2;10207411044;S
20240425;100452;1865.8;1;10207411045;S
20240425;100452;1865.8;2;10207411052;S
20240425;100452;1865.8;2;10207411057;S
20240425;100452;1865.8;1;10207411058;S
20240425;100452;1865.8;4;10207411059;S
20240425;100452;1865.8;1;10207411060;S
20240425;100452;1865.8;3;10207411061;S
20240425;100452;1865.8;1;10207411062;S
20240425;100452;1865.8;1;10207411063;S
20240425;100452;1865.8;2;10207411064;S
20240425;100452;1865.8;3;10207411065;S
20240425;100452;1865.8;1;10207411066;S
20240425;100452;1865.8;1;10207411067;S
20240425;100452;1865.8;1;10207411069;S
20240425;100452;1865.8;2;10207411070;S
20240425;100452;1865.8;2;10207411071;S
20240425;100452;1865.8;1;10207411072;S
20240425;100452;1865.8;3;10207411074;S
20240425;100452;1865.8;2;10207411075;S
20240425;100452;1865.8;2;10207411076;S
20240425;100452;1865.8;3;10207411077;S
20240425;100453;1865.8;3;10207411078;S
20240425;100453;1865.8;2;10207411079;S
20240425;100453;1865.2;1;10207411080;S
20240425;100453;1865.2;3;10207411081;S
20240425;100453;1865.2;2;10207411082;S
20240425;100453;1865.2;1;10207411084;S
20240425;100453;1865.2;3;10207411086;S
20240425;100453;1865.2;4;10207411087;S
20240425;100453;1865.2;2;10207411088;S
20240425;100453;1865.2;1;10207411089;S
20240425;100453;1865.2;3;10207411090;S
20240425;100453;1865.2;1;10207411091;S
20240425;100453;1865.2;3;10207411092;S
20240425;100453;1865.2;1;10207411095;S
20240425;100453;1865.2;2;10207411106;S
20240425;100453;1865.2;2;10207411107;S
20240425;100453;1865.2;3;10207411108;S
20240425;100453;1865.2;2;10207411109;S
20240425;100453;1865.2;1;10207411111;S
20240425;100453;1865.2;2;10207411112;S
20240425;100453;1865.2;3;10207411113;S
20240425;100453;1865.2;3;10207411114;S
20240425;100453;1865.2;1;10207411115;S
20240425;100453;1865.2;1;10207411116;S
20240425;100453;1865.2;15;10207411117;S
20240425;100453;1865;1;10207411118;S
20240425;100453;1865;1;10207411119;S
20240425;100453;1865;1;10207411120;S
20240425;100453;1865;2;10207411121;S
20240425;100453;1865;2;10207411122;S
20240425;100453;1865;2;10207411123;S
20240425;100453;1865;20;10207411124;S
20240425;100453;1865;2;10207411125;S
20240425;100453;1865;3;10207411126;S
20240425;100453;1865;2;10207411127;S
20240425;100453;1865;3;10207411128;S
20240425;100453;1865;2;10207411129;S
20240425;100453;1865;1;10207411130;S
20240425;100453;1865;3;10207411131;S
20240425;100453;1865;2;10207411132;S
20240425;100453;1865;1;10207411133;S
20240425;100453;1865;7;10207411134;S
20240425;100453;1865;8;10207411135;S
20240425;100453;1865;2;10207411136;S
20240425;100453;1865;3;10207411137;S
20240425;100453;1865;11;10207411139;S
20240425;100453;1865;6;10207411140;S
20240425;100453;1865;2;10207411141;S
20240425;100453;1865;2;10207411142;S
20240425;100453;1865;3;10207411143;S
20240425;100453;1865;2;10207411144;S
20240425;100453;1865;2;10207411145;S
20240425;100453;1865;2;10207411146;S
20240425;100453;1865;6;10207411147;S
20240425;100453;1865;1;10207411148;S
20240425;100453;1865;5;10207411149;S
20240425;100453;1865;1;10207411150;S
20240425;100453;1865;5;10207411151;S
20240425;100453;1865;2;10207411152;S
20240425;100453;1865;2;10207411153;S
20240425;100453;1865;1;10207411154;S
20240425;100453;1865;1;10207411155;S
20240425;100453;1865;1;10207411156;S
20240425;100453;1865;1;10207411158;S
20240425;100453;1865;1;10207411159;S
20240425;100453;1865;1;10207411160;S
20240425;100453;1865;2;10207411161;S
20240425;100453;1865;2;10207411162;S
20240425;100454;1865.8;3;10207411321;B
20240425;100455;1865.4;5;10207411507;S
20240425;100455;1865.4;2;10207411508;S
20240425;100455;1865.4;3;10207411509;S
20240425;100455;1865.4;5;10207411510;S
20240425;100455;1865.4;3;10207411511;S
20240425;100455;1865.4;3;10207411512;S
20240425;100455;1865.4;5;10207411513;S
20240425;100455;1865.4;3;10207411514;S
20240425;100455;1865.4;4;10207411515;S
20240425;100455;1865.4;5;10207411516;S
20240425;100455;1865.4;3;10207411517;S
20240425;100455;1865.4;5;10207411518;S
20240425;100455;1865.4;1;10207411520;S
20240425;100455;1865.4;3;10207411521;S
20240425;100455;1865.4;1;10207411522;S
20240425;100455;1865.4;2;10207411523;S
20240425;100455;1865.4;5;10207411525;S
20240425;100455;1865.4;5;10207411526;S
20240425;100455;1865.4;2;10207411527;S
20240425;100455;1865.4;2;10207411528;S
20240425;100455;1865.4;4;10207411529;S
20240425;100455;1865.4;3;10207411530;S
20240425;100455;1865.4;3;10207411531;S
20240425;100455;1865.4;3;10207411532;S
20240425;100455;1865.4;2;10207411533;S
20240425;100455;1865.4;1;10207411534;S
20240425;100455;1865.4;3;10207411535;S
20240425;100455;1865.4;3;10207411536;S
20240425;100455;1865.4;2;10207411537;S
20240425;100455;1865.4;1;10207411540;S
20240425;100455;1865.4;2;10207411541;S
20240425;100455;1865.4;3;10207411542;S
20240425;100455;1865.4;3;10207411543;S
20240425;100455;1865.4;3;10207411544;S
20240425;100455;1865.4;1;10207411545;S
20240425;100455;1865.4;1;10207411546;S
20240425;100455;1865.4;3;10207411547;S
20240425;100455;1865.4;5;10207411548;S
20240425;100455;1865.4;3;10207411549;S
20240425;100456;1865.4;1;10207411650;S
20240425;100459;1865.8;1;10207412126;B
20240425;100502;1865.6;1;10207412598;S
20240425;100502;1865.6;2;10207412599;S
20240425;100504;1865.8;1;10207412948;B
20240425;100504;1865.8;19;10207412949;B
20240425;100505;1865.8;5;10207412965;B
20240425;100505;1865.8;6;10207412966;B
20240425;100505;1865.6;18;10207412974;S
20240425;100505;1865.6;1;10207412975;S
20240425;100505;1865.6;1;10207412976;S
20240425;100505;1865.4;9;10207412977;S
20240425;100507;1865.8;2;10207413213;B
20240425;100507;1865.6;1;10207413225;S
20240425;100508;1865.8;5;10207413324;B
20240425;100508;1865.6;1;10207413356;S
20240425;100508;1865.6;1;10207413398;S
20240425;100513;1865.8;5;10207414007;B
20240425;100514;1865.8;2;10207414138;B
20240425;100515;1865.6;10;10207414335;S
20240425;100516;1865.6;6;10207414430;S
20240425;100517;1865.8;1;10207414576;B
20240425;100518;1865.8;10;10207414633;B
20240425;100519;1865.8;1;10207414750;B
20240425;100521;1865.8;2;10207415027;B
20240425;100521;1865.8;1;10207415138;B
20240425;100522;1865.8;5;10207415218;B
20240425;100523;1865.8;1;10207415307;B
20240425;100526;1865.8;16;10207415765;B
20240425;100526;1865.8;17;10207415766;B
20240425;100527;1865.8;17;10207415869;B
20240425;100527;1865.8;3;10207415935;B
20240425;100529;1865.6;1;10207416162;S
20240425;100529;1865.8;5;10207416208;B
20240425;100530;1865.8;20;10207416458;B
20240425;100530;1865.8;20;10207416522;B
20240425;100530;1865.8;26;10207416523;B
20240425;100530;1865.8;4;10207416524;B
20240425;100530;1865.8;33;10207416525;B
20240425;100530;1865.8;2;10207416551;B
20240425;100531;1865.8;24;10207416603;B
20240425;100531;1865.8;115;10207416604;B
20240425;100531;1865.8;46;10207416605;B
20240425;100531;1865.8;65;10207416606;B
20240425;100531;1865.8;40;10207416607;B
20240425;100531;1865.8;17;10207416608;B
20240425;100531;1866;17;10207416615;B
20240425;100531;1866;36;10207416616;B
20240425;100531;1866.2;144;10207416617;B
20240425;100531;1866.4;1;10207416675;B
20240425;100532;1866.4;1;10207416704;B
20240425;100532;1866.4;142;10207416716;B
20240425;100532;1866.6;35;10207416717;B
20240425;100532;1866.8;17;10207416719;B
20240425;100532;1867;83;10207416720;B
20240425;100532;1867.2;5;10207416722;B
20240425;100534;1866.8;35;10207417077;B
20240425;100534;1867;90;10207417078;B
20240425;100537;1867.2;4;10207417365;B
20240425;100538;1866.6;2;10207417650;S
20240425;100538;1866.4;10;10207417651;S
20240425;100543;1866.6;1;10207418442;B
20240425;100545;1866.4;1;10207418707;B
20240425;100545;1866.4;2;10207418715;B
20240425;100546;1866.2;78;10207418925;S
20240425;100546;1866;65;10207418926;S
20240425;100546;1866;10;10207418927;S
20240425;100546;1866;17;10207418928;S
20240425;100546;1866;20;10207418929;S
20240425;100546;1866;10;10207418930;S
20240425;100546;1866.4;100;10207418992;B
20240425;100547;1866.4;1;10207419055;B
20240425;100549;1866.4;43;10207419317;B
20240425;100549;1866.6;4;10207419318;B
20240425;100549;1866.6;17;10207419319;B
20240425;100549;1866.2;7;10207419380;S
20240425;100552;1866.4;1;10207419910;B
20240425;100553;1866.4;50;10207420057;B
20240425;100601;1866;2;10207420872;S
20240425;100601;1865.8;8;10207420873;S
20240425;100601;1866.4;1;10207420910;B
20240425;100602;1866.4;16;10207421076;B
20240425;100602;1866.4;4;10207421077;B
20240425;100602;1866.6;20;10207421107;B
20240425;100602;1866.6;20;10207421122;B
20240425;100603;1866;3;10207421130;S
20240425;100603;1865.8;22;10207421131;S
20240425;100603;1865.8;46;10207421132;S
20240425;100603;1865.8;24;10207421133;S
20240425;100603;1866.4;20;10207421139;B
20240425;100603;1866.4;14;10207421147;B
20240425;100603;1866.4;2;10207421151;B
20240425;100604;1866.2;17;10207421273;S
20240425;100604;1866;18;10207421274;S
20240425;100606;1866.6;4;10207421596;B
20240425;100610;1866.4;1;10207421981;B
20240425;100615;1866.4;2;10207422509;B
20240425;100616;1866.4;2;10207422712;B
20240425;100620;1865.8;7;10207423115;S
20240425;100620;1865.8;1;10207423149;B
20240425;100621;1865.8;1;10207423245;B
20240425;100621;1866;44;10207423246;B
20240425;100625;1866;5;10207423651;B
20240425;100626;1865.8;5;10207423794;B
20240425;100628;1865.8;1;10207424009;B
20240425;100628;1865.8;1;10207424022;B
20240425;100629;1865.8;15;10207424100;B
20240425;100631;1865.8;2;10207424457;B
20240425;100632;1865.8;3;10207424505;B
20240425;100634;1865.8;9;10207424727;B
20240425;100634;1865.8;33;10207424728;B
20240425;100634;1865.8;28;10207424729;B
20240425;100635;1866;1;10207424895;B
20240425;100636;1866;4;10207425049;B
20240425;100636;1865.8;4;10207425086;S
20240425;100636;1865.8;91;10207425109;S
20240425;100636;1865.8;5;10207425152;B
20240425;100639;1865.8;4;10207425527;B
20240425;100641;1865.8;1;10207425761;B
20240425;100643;1865.8;1;10207425926;B
20240425;100643;1865.8;1;10207425951;B
20240425;100643;1865.8;48;10207425955;B
20240425;100643;1866;4;10207425956;B
20240425;100645;1866;1;10207426129;B
20240425;100645;1866;41;10207426167;B
20240425;100645;1866;19;10207426168;B
20240425;100645;1865.8;2;10207426185;S
20240425;100648;1865.6;1;10207426460;S
20240425;100648;1865.6;1;10207426494;S
20240425;100649;1865.8;2;10207426625;S
20240425;100650;1866;15;10207426633;B
20240425;100650;1865.8;3;10207426650;S
20240425;100650;1866;1;10207426765;B
20240425;100651;1866;1;10207426813;B
20240425;100651;1865.8;15;10207426822;S
20240425;100655;1866;2;10207427213;B
20240425;100655;1866;10;10207427301;B
20240425;100656;1865.8;21;10207427381;S
20240425;100658;1865.8;10;10207427535;S
20240425;100700;1866;2;10207427700;B
20240425;100700;1866;31;10207427701;B
20240425;100700;1866;3;10207427732;B
20240425;100704;1865.8;1;10207428180;S
20240425;100704;1865.8;3;10207428195;S
20240425;100704;1865.8;61;10207428196;S
20240425;100704;1866;16;10207428203;B
20240425;100704;1866;50;10207428204;B
20240425;100706;1866;5;10207428326;B
20240425;100706;1866;3;10207428334;B
20240425;100707;1866;1;10207428487;B
20240425;100711;1866;55;10207428835;B
20240425;100711;1866;5;10207428959;B
20240425;100715;1865.8;2;10207429386;S
20240425;100718;1865.8;12;10207429749;S
20240425;100718;1865.8;8;10207429750;S
20240425;100724;1866;1;10207430641;B
20240425;100727;1866;1;10207431188;B
20240425;100731;1866;1;10207431814;B
20240425;100731;1865.8;1;10207431870;S
20240425;100735;1866;7;10207432396;B
20240425;100737;1865.8;1;10207432692;S
20240425;100738;1865.8;3;10207432913;S
20240425;100741;1866;1;10207433189;B
20240425;100743;1866;4;10207433366;B
20240425;100744;1865.8;5;10207433513;S
20240425;100744;1865.8;6;10207433514;S
20240425;100744;1866;33;10207433520;B
20240425;100745;1866;8;10207433693;B
20240425;100751;1866;52;10207434293;B
20240425;100751;1866;1;10207434294;B
20240425;100751;1866;100;10207434295;B
20240425;100751;1866;45;10207434296;B
20240425;100751;1866;30;10207434297;B
20240425;100753;1866.6;1;10207434609;B
20240425;100753;1866.6;12;10207434653;B
20240425;100753;1866.6;4;10207434654;B
20240425;100754;1866.6;5;10207434765;B
20240425;100756;1866.6;1;10207435015;B
20240425;100802;1866.4;4;10207435767;S
20240425;100803;1866.6;3;10207435884;B
20240425;100803;1866.6;3;10207435885;B
20240425;100803;1866.6;2;10207435956;B
20240425;100804;1866.6;12;10207436030;B
20240425;100805;1866.6;1;10207436098;B
20240425;100806;1866.4;77;10207436225;S
20240425;100806;1866.4;37;10207436226;S
20240425;100806;1866.4;169;10207436227;S
20240425;100806;1866.2;34;10207436228;S
20240425;100806;1866.2;135;10207436229;S
20240425;100806;1866.2;42;10207436230;S
20240425;100806;1866.2;65;10207436231;S
20240425;100806;1866;3;10207436232;S
20240425;100806;1866;8;10207436233;S
20240425;100809;1866.6;1;10207436927;B
20240425;100812;1866.6;21;10207437216;B
20240425;100814;1866.4;21;10207437713;S
20240425;100814;1866.4;37;10207437714;S
20240425;100814;1866.4;11;10207437715;S
20240425;100814;1866.6;7;10207437737;B
20240425;100814;1867;3;10207437738;B
20240425;100815;1867;2;10207437798;B
20240425;100818;1867;1;10207438128;B
20240425;100820;1866.6;1;10207438394;S
20240425;100822;1867;14;10207438670;B
20240425;100822;1867;1;10207438671;B
20240425;100825;1867.2;1;10207439263;B
20240425;100827;1867;1;10207439455;S
20240425;100833;1867;3;10207440045;S
20240425;100833;1867.2;9;10207440083;B
20240425;100834;1867.6;2;10207440174;B
20240425;100834;1867.4;1;10207440262;S
20240425;100835;1867.6;1;10207440363;B
20240425;100835;1867.6;1;10207440368;B
20240425;100838;1867.4;4;10207440638;S
20240425;100839;1867.6;6;10207440843;B
20240425;100840;1867.8;4;10207440982;B
20240425;100840;1867.8;1;10207441016;B
20240425;100841;1868.2;3;10207441092;B
20240425;100844;1868.4;1;10207441470;B
20240425;100846;1868;81;10207441558;S
20240425;100850;1868;10;10207442097;B
20240425;100850;1868;1;10207442111;B
20240425;100852;1868;4;10207442325;B
20240425;100853;1868;10;10207442437;B
20240425;100902;1868;2;10207443552;B
20240425;100902;1867.8;28;10207443559;S
20240425;100902;1867.6;6;10207443560;S
20240425;100902;1867.8;2;10207443601;B
20240425;100911;1867.8;79;10207444639;B
20240425;100911;1867.8;89;10207444640;B
20240425;100913;1867.8;20;10207444936;B
20240425;100913;1867.8;3;10207445059;B
20240425;100916;1867.8;5;10207445363;B
20240425;100916;1867.6;100;10207445404;S
20240425;100917;1867.8;22;10207445453;B
20240425;100917;1867.8;34;10207445454;B
20240425;100917;1867.8;1500;10207445455;B
20240425;100917;1867.8;42;10207445456;B
20240425;100917;1867.8;81;10207445457;B
20240425;100917;1867.8;65;10207445458;B
20240425;100917;1867.8;60;10207445459;B
20240425;100917;1868;82;10207445460;B
20240425;100917;1868.2;144;10207445461;B
20240425;100917;1868.4;50;10207445462;B
20240425;100917;1868.6;125;10207445463;B
20240425;100917;1868.8;90;10207445464;B
20240425;100917;1868.8;70;10207445465;B
20240425;100917;1868.8;60;10207445466;B
20240425;100917;1869;197;10207445467;B
20240425;100917;1869;13;10207445468;B
20240425;100917;1869.2;340;10207445469;B
20240425;100917;1868.8;1;10207445559;B
20240425;100920;1867.8;2;10207445832;S
20240425;100920;1868.6;2;10207445835;B
20240425;100920;1868.6;1;10207445836;B
20240425;100926;1869.4;35;10207446457;B
20240425;100926;1869.6;65;10207446458;B
20240425;100926;1869.6;60;10207446459;B
20240425;100926;1869.8;84;10207446460;B
20240425;100932;1869.8;3;10207447154;B
20240425;100933;1869.8;1;10207447303;B
20240425;100935;1869.8;6;10207447469;B
20240425;100936;1869.8;8;10207447503;S
20240425;100940;1870;1;10207447955;B
20240425;100940;1870;1;10207447956;B
20240425;100940;1870;1;10207448013;S
20240425;100941;1870.2;1;10207448028;B
20240425;100941;1870.2;1;10207448029;B
20240425;100941;1870.2;1;10207448034;B
20240425;100947;1870.2;10;10207448824;S
20240425;100947;1870.4;3;10207448832;B
20240425;100950;1870.2;1;10207449365;S
20240425;100955;1870.2;70;10207450024;S
20240425;100955;1870.2;2;10207450025;S
20240425;100955;1870;2;10207450038;S
20240425;100958;1870.2;4;10207450628;B
20240425;101000;1870.2;24;10207450825;B
20240425;101000;1870.4;16;10207450826;B
20240425;101005;1870;1;10207451506;S
20240425;101006;1870.2;2;10207451655;B
20240425;101008;1870.2;1;10207451990;B
20240425;101008;1870.2;1;10207452032;B
20240425;101009;1870;1;10207452087;S
20240425;101011;1870.2;3;10207452416;B
20240425;101012;1870.2;1;10207452422;B
20240425;101018;1870.2;1;10207453324;B
20240425;101019;1870.2;72;10207453515;B
20240425;101019;1870.2;25;10207453516;B
20240425;101019;1870.2;17;10207453517;B
20240425;101019;1870.2;33;10207453518;B
20240425;101019;1870.2;137;10207453519;B
20240425;101020;1870;2;10207453589;S
20240425;101023;1870;23;10207453816;S
20240425;101023;1870;5;10207453817;S
20240425;101023;1870;1;10207453818;S
20240425;101023;1870;6;10207453838;S
20240425;101023;1870;1;10207453839;S
20240425;101023;1870;1;10207453840;S
20240425;101023;1869.8;286;10207453841;S
20240425;101023;1869.6;17;10207453842;S
20240425;101023;1869.6;14;10207453843;S
20240425;101023;1869.4;5;10207453844;S
20240425;101023;1869.2;1;10207453913;B
20240425;101030;1869.2;1;10207454796;B
20240425;101030;1869.2;3;10207454875;B
20240425;101033;1869.2;3;10207455205;B
20240425;101035;1869.2;1;10207455361;B
20240425;101036;1869.2;2;10207455445;B
20240425;101036;1869;1;10207455475;S
20240425;101036;1869;13;10207455476;S
20240425;101036;1868.8;50;10207455477;S
20240425;101036;1869.2;2;10207455482;B
20240425;101036;1868.8;2;10207455483;S
20240425;101040;1869;1;10207456091;B
20240425;101040;1868.8;248;10207456155;S
20240425;101040;1868.8;33;10207456156;S
20240425;101040;1868.6;12;10207456157;S
20240425;101040;1868.6;28;10207456158;S
20240425;101040;1868.4;4;10207456159;S
20240425;101040;1868.4;42;10207456160;S
20240425;101040;1868.4;4;10207456161;S
20240425;101040;1868.2;2;10207456162;S
20240425;101040;1868.2;5;10207456163;S
20240425;101040;1868.2;6;10207456164;S
20240425;101040;1868.2;60;10207456165;S
20240425;101040;1868;556;10207456166;S
20240425;101055;1868;35;10207458204;S
20240425;101056;1868.4;3;10207458446;B
20240425;101100;1868;100;10207458900;S
20240425;101107;1868.4;40;10207460202;B
20240425;101110;1868.4;3;10207460471;B
20240425;101112;1868.8;39;10207461025;B
20240425;101112;1868.8;65;10207461026;B
20240425;101112;1869;2;10207461027;B
20240425;101115;1868.4;50;10207461355;S
20240425;101115;1868.4;3;10207461356;S
20240425;101115;1868.2;47;10207461357;S
20240425;101121;1868.8;1;10207462014;B
20240425;101123;1869;9;10207462177;B
20240425;101127;1869;6;10207462809;B
20240425;101128;1869;1;10207462927;B
20240425;101128;1869;1;10207463037;B
20240425;101129;1869;2;10207463234;B
20240425;101130;1869;2;10207463239;B
20240425;101130;1869;1;10207463245;B
20240425;101133;1869;2;10207463833;B
20240425;101136;1869;2;10207464285;B
20240425;101139;1868.8;2;10207464747;S
20240425;101139;1868.8;9;10207464748;S
20240425;101139;1869;1;10207464751;B
20240425;101139;1869;1;10207464784;B
20240425;101143;1868.8;1;10207465150;S
20240425;101146;1869;1;10207465518;B
20240425;101148;1869;20;10207465782;B
20240425;101148;1868.8;41;10207465834;S
20240425;101148;1868.8;14;10207465835;S
20240425;101153;1869;1;10207466678;B
20240425;101157;1869;1;10207467074;B
20240425;101201;1868.8;6;10207467457;S
20240425;101201;1868.8;3;10207467474;S
20240425;101201;1868.8;3;10207467475;S
20240425;101206;1869;5;10207468258;B
20240425;101207;1868.8;6;10207468308;S
20240425;101207;1868.8;44;10207468309;S
20240425;101211;1868.8;1;10207468866;S
20240425;101211;1868.8;44;10207468867;S
20240425;101211;1868.8;55;10207468868;S
20240425;101211;1869;1;10207468891;B
20240425;101216;1869;6;10207469666;B
20240425;101218;1869;1;10207469952;B
20240425;101221;1868.6;1;10207470225;S
20240425;101225;1868.6;5;10207470863;S
20240425;101231;1868.8;3;10207471511;B
20240425;101233;1868.8;1;10207471733;B
20240425;101233;1868.8;53;10207471825;B
20240425;101234;1868.8;30;10207471852;B
20240425;101236;1868.8;13;10207472097;B
20240425;101236;1868.8;2;10207472098;B
20240425;101236;1869;45;10207472099;B
20240425;101236;1869;44;10207472100;B
20240425;101236;1869.8;6;10207472156;B
20240425;101236;1870;1;10207472157;B
20240425;101236;1870;1;10207472158;B
20240425;101236;1870;3;10207472159;B
20240425;101236;1870;9;10207472160;B
20240425;101236;1870;1;10207472161;B
20240425;101236;1870;29;10207472162;B
20240425;101236;1869.6;81;10207472204;S
20240425;101236;1869.4;17;10207472205;S
20240425;101236;1869.4;42;10207472206;S
20240425;101236;1869.4;86;10207472207;S
20240425;101236;1869.4;43;10207472208;S
20240425;101236;1869;18;10207472209;S
20240425;101236;1868.8;135;10207472210;S
20240425;101236;1868.8;60;10207472211;S
20240425;101236;1868.8;144;10207472212;S
20240425;101236;1868.4;1;10207472213;S
20240425;101236;1868.4;2;10207472214;S
20240425;101236;1868.2;5;10207472215;S
20240425;101236;1868.2;65;10207472216;S
20240425;101236;1868.2;90;10207472217;S
20240425;101236;1868;211;10207472218;S
20240425;101238;1869;2;10207472349;B
20240425;101244;1868.6;1;10207473213;S
20240425;101244;1868.4;25;10207473214;S
20240425;101247;1868.8;5;10207473571;B
20240425;101249;1868.8;48;10207473769;B
20240425;101249;1868.4;4;10207473779;S
20240425;101253;1869;5;10207474427;B
20240425;101254;1868.4;1;10207474495;S
20240425;101254;1868.8;2;10207474565;B
20240425;101255;1868.4;1;10207474600;S
20240425;101304;1868.4;1;10207475926;S
20240425;101309;1868.6;10;10207476484;B
20240425;101310;1868.6;4;10207476573;B
20240425;101311;1868.4;5;10207476735;S
20240425;101311;1868.4;81;10207476736;S
20240425;101316;1868;10;10207477391;S
20240425;101318;1868.4;1;10207477505;B
20240425;101318;1868.4;10;10207477532;B
20240425;101321;1868.4;1;10207477821;B
20240425;101330;1868;1;10207478892;S
20240425;101334;1868.2;1;10207479312;B
20240425;101334;1868.2;7;10207479340;B
20240425;101336;1868.2;1;10207479500;B
20240425;101336;1868.2;1;10207479504;B
20240425;101336;1868.2;1;10207479535;B
20240425;101336;1868.2;1;10207479545;B
20240425;101343;1868.2;1;10207480249;B
20240425;101346;1868;2;10207480640;S
20240425;101347;1868.2;1;10207480651;B
20240425;101352;1868;129;10207481466;S
20240425;101355;1868;2;10207481805;S
20240425;101355;1868;1;10207481885;S
20240425;101402;1868.2;1;10207482704;B
20240425;101403;1868.2;18;10207482897;B
20240425;101403;1868.2;25;10207482898;B
20240425;101403;1868.2;25;10207482899;B
20240425;101403;1868.2;71;10207482900;B
20240425;101403;1868.4;2;10207482901;B
20240425;101403;1868.4;52;10207482902;B
20240425;101403;1868.8;144;10207482903;B
20240425;101403;1868.8;60;10207482904;B
20240425;101403;1869;10;10207482905;B
20240425;101403;1869;1;10207482906;B
20240425;101403;1869;13;10207482907;B
20240425;101403;1869;42;10207482908;B
20240425;101403;1869.2;1;10207482909;B
20240425;101403;1869.6;55;10207482910;B
20240425;101404;1868.6;17;10207482920;S
20240425;101404;1868.4;99;10207482921;S
20240425;101404;1868.4;26;10207482922;S
20240425;101404;1868.4;81;10207482923;S
20240425;101404;1868.2;13;10207482924;S
20240425;101404;1868.2;200;10207482925;S
20240425;101404;1868;114;10207482926;S
20240425;101420;1868.2;1;10207484611;S
20240425;101422;1868;4;10207484870;S
20240425;101422;1868.2;1;10207484871;B
20240425;101422;1868.6;1;10207484872;B
20240425;101427;1868;100;10207485354;S
20240425;101429;1868.2;1;10207485576;B
20240425;101434;1868.4;2;10207486234;B
20240425;101438;1868;100;10207486795;S
20240425;101440;1868.2;1;10207486964;B
20240425;101444;1868;1;10207487631;S
20240425;101445;1868;419;10207487689;S
20240425;101445;1868;24;10207487690;S
20240425;101447;1868;80;10207487982;S
20240425;101447;1868;100;10207487993;S
20240425;101447;1868;11;10207487994;S
20240425;101447;1868;2;10207487995;S
20240425;101447;1868;1;10207487996;S
20240425;101447;1868;6;10207487997;S
20240425;101447;1868;110;10207487998;S
20240425;101447;1868;4;10207487999;S
20240425;101447;1868;4;10207488000;S
20240425;101447;1868;1;10207488001;S
20240425;101447;1868;3;10207488002;S
20240425;101447;1868;10;10207488003;S
20240425;101448;1868;5;10207488050;S
20240425;101452;1867.8;3;10207488572;S
20240425;101452;1867.8;1;10207488573;S
20240425;101452;1867.8;10;10207488574;S
20240425;101452;1867.6;44;10207488575;S
20240425;101452;1867.6;44;10207488576;S
20240425;101455;1867.6;11;10207488856;B
20240425;101457;1867.6;2;10207489168;B
20240425;101502;1867.4;54;10207489969;B
20240425;101502;1867.2;1;10207490068;S
20240425;101502;1867;1;10207490069;S
20240425;101502;1867;1;10207490070;S
20240425;101502;1867;1;10207490071;S
20240425;101502;1867;1;10207490072;S
20240425;101502;1867;1;10207490073;S
20240425;101503;1866.8;1;10207490085;B
20240425;101503;1867;1;10207490098;B
20240425;101506;1866.8;21;10207490721;B
20240425;101508;1866.8;2;10207490996;B
20240425;101509;1866.8;3;10207491249;B
20240425;101510;1866.6;1;10207491389;S
20240425;101512;1866.6;1;10207491783;S
20240425;101512;1866.6;1;10207491784;S
20240425;101512;1866.6;1;10207491785;S
20240425;101514;1866.6;10;10207492271;S
20240425;101515;1866.6;1;10207492424;S
20240425;101517;1866.8;1;10207492947;B
20240425;101517;1866.8;8;10207493077;B
20240425;101518;1866.8;1;10207493185;B
20240425;101519;1866.6;1;10207493358;S
20240425;101520;1866.8;32;10207493538;B
20240425;101523;1866.6;2;10207494013;S
20240425;101523;1866.6;5;10207494108;S
20240425;101525;1866.8;3;10207494440;B
20240425;101527;1866.8;3;10207494713;B
20240425;101527;1866.6;92;10207494787;S
20240425;101527;1866.6;8;10207494788;S
20240425;101528;1866.8;3;10207494919;B
20240425;101528;1866.8;2;10207494986;B
20240425;101529;1866.6;52;10207495141;S
20240425;101529;1866.8;10;10207495169;B
20240425;101533;1866.8;1;10207495711;B
20240425;101534;1866.8;1;10207495869;B
20240425;101536;1866.6;15;10207496206;S
20240425;101536;1866.6;10;10207496222;S
20240425;101537;1866.6;100;10207496406;S
20240425;101538;1866.8;1;10207496430;B
20240425;101544;1866.6;3;10207497403;S
20240425;101545;1866.8;7;10207497641;B
20240425;101546;1866.8;2;10207497853;B
20240425;101547;1866.6;3;10207497974;S
20240425;101547;1866.6;1;10207497987;S
20240425;101551;1866.6;23;10207498485;S
20240425;101551;1866.6;24;10207498486;S
20240425;101551;1866.6;3;10207498487;S
20240425;101551;1866.2;1;10207498488;S
20240425;101551;1866.2;49;10207498489;S
20240425;101551;1866.2;1;10207498500;B
20240425;101552;1866;1;10207498608;S
20240425;101557;1866.4;1;10207499315;B
20240425;101557;1866.4;2;10207499347;B
20240425;101558;1866;3;10207499506;S
20240425;101600;1866;7;10207499889;S
20240425;101601;1866;176;10207500083;S
20240425;101601;1866;35;10207500084;S
20240425;101601;1866;1;10207500085;S
20240425;101601;1866;1;10207500086;S
20240425;101601;1866;3;10207500087;S
20240425;101601;1866;100;10207500088;S
20240425;101601;1866;73;10207500089;S
20240425;101604;1865.8;36;10207500453;S
20240425;101607;1866;20;10207501078;B
20240425;101607;1865.8;208;10207501169;S
20240425;101607;1865.8;1;10207501170;S
20240425;101607;1865.8;10;10207501171;S
20240425;101607;1865.8;32;10207501172;S
20240425;101607;1865.8;5;10207501173;S
20240425;101607;1865.8;66;10207501174;S
20240425;101614;1865.6;1;10207502584;S
20240425;101614;1865.8;81;10207502702;B
20240425;101614;1865.8;135;10207502703;B
20240425;101615;1866;2;10207502839;B
20240425;101616;1866;5;10207503013;B
20240425;101617;1866;99;10207503312;B
20240425;101618;1866;1;10207503466;B
20240425;101620;1865.8;1;10207503792;S
20240425;101620;1866;3;10207503851;B
20240425;101621;1866;1;10207503895;B
20240425;101622;1866;5;10207504022;B
20240425;101624;1865.8;52;10207504172;S
20240425;101624;1865.8;52;10207504263;S
20240425;101625;1866;15;10207504455;B
20240425;101627;1866;25;10207504838;B
20240425;101630;1866;10;10207505372;B
20240425;101633;1866;3;10207505677;B
20240425;101633;1866;60;10207505762;B
20240425;101637;1865.8;100;10207506257;S
20240425;101637;1865.8;10;10207506258;S
20240425;101637;1865.6;40;10207506260;S
20240425;101637;1865.6;157;10207506261;S
20240425;101637;1865.6;58;10207506262;S
20240425;101637;1865.6;112;10207506263;S
20240425;101637;1865.6;10;10207506264;S
20240425;101637;1865.6;2;10207506265;S
20240425;101637;1865.6;20;10207506266;S
20240425;101637;1865.6;2;10207506267;S
20240425;101637;1865.6;1;10207506268;S
20240425;101637;1865.6;1;10207506269;S
20240425;101637;1865.6;1;10207506270;S
20240425;101637;1865.6;2;10207506271;S
20240425;101637;1865.4;60;10207506272;S
20240425;101637;1865.4;5;10207506273;S
20240425;101637;1865.4;11;10207506274;S
20240425;101637;1865.2;2;10207506276;S
20240425;101637;1865.2;1;10207506277;S
20240425;101637;1865.2;1;10207506278;S
20240425;101637;1865.2;4;10207506279;S
20240425;101637;1865.2;4;10207506280;S
20240425;101637;1865.2;19;10207506281;S
20240425;101637;1865;500;10207506282;S
20240425;101637;1865;1;10207506283;S
20240425;101637;1865;12;10207506284;S
20240425;101637;1865;2;10207506285;S
20240425;101637;1865;30;10207506286;S
20240425;101637;1865;10;10207506287;S
20240425;101637;1865;1;10207506288;S
20240425;101637;1865;1;10207506289;S
20240425;101637;1865;1;10207506290;S
20240425;101637;1865;1;10207506291;S
20240425;101637;1865;10;10207506292;S
20240425;101637;1865;1;10207506293;S
20240425;101637;1865;53;10207506294;S
20240425;101637;1865;2;10207506295;S
20240425;101637;1865;1;10207506296;S
20240425;101637;1865;5;10207506297;S
20240425;101637;1865;155;10207506298;S
20240425;101637;1865;91;10207506299;S
20240425;101637;1865;1;10207506317;S
20240425;101637;1865;1;10207506339;S
20240425;101637;1865;1;10207506343;S
20240425;101637;1865;1;10207506362;S
20240425;101637;1865.2;5;10207506380;B
20240425;101637;1865.2;22;10207506381;B
20240425;101637;1865;5;10207506382;S
20240425;101638;1865;6;10207506447;S
20240425;101638;1865;100;10207506465;S
20240425;101639;1865;3;10207506576;S
20240425;101639;1865;2;10207506599;S
20240425;101640;1865;6;10207506653;S
20240425;101640;1865;10;10207506698;S
20240425;101640;1865;6;10207506765;S
20240425;101640;1865;1;10207506772;S
20240425;101641;1865;13;10207506873;S
20240425;101641;1865;4;10207506928;S
20240425;101642;1865;4;10207507033;S
20240425;101643;1865;9;10207507294;S
20240425;101643;1865;7;10207507295;S
20240425;101644;1865;1;10207507349;S
20240425;101644;1865.2;6;10207507407;B
20240425;101644;1865;1;10207507408;S
20240425;101644;1865.2;2;10207507458;B
20240425;101644;1865;1;10207507459;S
20240425;101646;1865;1;10207507670;S
20240425;101646;1865;2;10207507671;S
20240425;101646;1865;2;10207507672;S
20240425;101646;1865;13;10207507673;S
20240425;101646;1865;1;10207507776;S
20240425;101646;1865;1;10207507777;S
20240425;101647;1865;2;10207507914;S
20240425;101647;1865;2;10207507915;S
20240425;101647;1865;2;10207507916;S
20240425;101648;1865;1;10207508010;S
20240425;101648;1865;2;10207508011;S
20240425;101648;1865;6;10207508012;S
20240425;101649;1865;1;10207508160;S
20240425;101649;1865.2;2;10207508205;B
20240425;101649;1865;1;10207508264;S
20240425;101649;1865;5;10207508265;S
20240425;101650;1865;1;10207508289;S
20240425;101650;1865;9;10207508413;S
20240425;101651;1865.2;10;10207508479;B
20240425;101651;1865;1;10207508480;S
20240425;101651;1865;4;10207508509;S
20240425;101651;1865.2;1;10207508591;B
20240425;101651;1865;1;10207508593;S
20240425;101652;1865;1;10207508601;S
20240425;101653;1865;1;10207508732;S
20240425;101653;1865;1;10207508733;S
20240425;101653;1865.2;1;10207508844;B
20240425;101653;1865;3;10207508845;S
20240425;101654;1865;2;10207508915;S
20240425;101654;1865;5;10207508916;S
20240425;101654;1865;1;10207508960;S
20240425;101700;1865.2;2;10207509780;B
20240425;101702;1865;55;10207510169;S
20240425;101703;1865;44;10207510356;S
20240425;101703;1865;1;10207510357;S
20240425;101703;1865;7;10207510358;S
20240425;101703;1865;3;10207510426;S
20240425;101706;1865.2;1;10207510721;B
20240425;101706;1865.2;1;10207510746;B
20240425;101707;1865.2;1;10207510912;B
20240425;101710;1865.2;1;10207511319;B
20240425;101711;1865;1;10207511493;S
20240425;101712;1865.2;1;10207511700;B
20240425;101713;1865.2;1;10207511786;B
20240425;101717;1865.2;2;10207512514;B
20240425;101718;1865;10;10207512620;S
20240425;101719;1865.2;3;10207512714;B
20240425;101720;1865;29;10207512862;S
20240425;101720;1865;17;10207512863;S
20240425;101720;1865;36;10207512864;S
20240425;101721;1865;1;10207512950;S
20240425;101721;1865;1;10207512951;S
20240425;101721;1865.2;1;10207512973;B
20240425;101722;1865.2;13;10207513085;B
20240425;101722;1865;1;10207513086;S
20240425;101722;1865;2;10207513087;S
20240425;101722;1865;1;10207513088;S
20240425;101723;1865;1;10207513252;S
20240425;101724;1865.2;5;10207513407;B
20240425;101724;1865.2;3;10207513464;B
20240425;101726;1865;2;10207513639;S
20240425;101728;1865.2;11;10207513944;B
20240425;101728;1865;5;10207513963;S
20240425;101729;1865.2;16;10207514021;B
20240425;101732;1865.4;1;10207514634;B
20240425;101734;1865.4;1;10207514967;B
20240425;101735;1865.6;1;10207515061;B
20240425;101744;1865.2;1;10207516221;S
20240425;101754;1865.4;2;10207517599;B
20240425;101755;1865.4;7;10207517652;B
20240425;101755;1865.2;1;10207517771;S
20240425;101755;1865.2;46;10207517772;S
20240425;101757;1865.4;37;10207518059;B
20240425;101804;1865.4;2;10207519134;B
20240425;101805;1865.4;4;10207519160;B
20240425;101805;1865.4;5;10207519181;B
20240425;101807;1865.4;1;10207519532;B
20240425;101810;1865.2;1;10207519851;S
20240425;101810;1865.2;18;10207519852;S
20240425;101810;1865.2;5;10207519853;S
20240425;101811;1865;2;10207520004;S
20240425;101811;1865;1;10207520066;S
20240425;101811;1865;73;10207520067;S
20240425;101812;1865;1;10207520127;S
20240425;101813;1865;1;10207520240;S
20240425;101813;1865;1;10207520255;S
20240425;101814;1865;1;10207520520;S
20240425;101817;1865;3;10207520975;S
20240425;101819;1865;1;10207521327;S
20240425;101819;1865;1;10207521328;S
20240425;101819;1865;1;10207521330;S
20240425;101820;1865;2;10207521446;S
20240425;101821;1865.2;10;10207521540;B
20240425;101824;1865.2;21;10207521849;B
20240425;101825;1865.2;2;10207521942;B
20240425;101833;1865;50;10207523215;S
20240425;101839;1865;245;10207523961;S
20240425;101839;1865;15;10207523962;S
20240425;101839;1865;15;10207523963;S
20240425;101839;1865;4;10207523964;S
20240425;101839;1865;2;10207523965;S
20240425;101839;1865;84;10207523966;S
20240425;101846;1865.2;6;10207524727;B
20240425;101846;1865;116;10207524759;S
20240425;101846;1865;1;10207524760;S
20240425;101846;1865;140;10207524761;S
20240425;101846;1865;493;10207524762;S
20240425;101846;1865;7;10207524801;S
20240425;101847;1865;1;10207524811;S
20240425;101847;1865.2;1;10207524818;B
20240425;101847;1865;112;10207524838;S
20240425;101847;1865;1;10207524865;S
20240425;101859;1865.2;1;10207526452;B
20240425;101859;1865.2;2;10207526460;B
20240425;101859;1865.2;1;10207526461;B
20240425;101902;1865;1;10207526787;S
20240425;101903;1865.2;35;10207526996;B
20240425;101903;1865.2;1;10207527128;B
20240425;101904;1865;5;10207527151;S
20240425;101914;1865.6;11;10207528687;B
20240425;101917;1865.6;1;10207529046;B
20240425;101923;1865.4;1;10207529763;B
20240425;101924;1865.4;1;10207529941;B
20240425;101925;1865.4;2;10207530052;B
20240425;101926;1865.4;2;10207530177;B
20240425;101929;1865.4;1;10207530676;B
20240425;101931;1865.4;1;10207531029;B
20240425;101932;1865.2;15;10207531160;S
20240425;101937;1865.2;1;10207531621;S
20240425;101940;1865.2;25;10207531868;S
20240425;101942;1865.2;10;10207532028;S
20240425;101946;1865.2;7;10207532379;S
20240425;101946;1865.2;1;10207532380;S
20240425;101946;1865.2;3;10207532381;S
20240425;101946;1865;45;10207532473;S
20240425;101948;1865.2;3;10207532584;B
20240425;101953;1865.2;1;10207532987;B
20240425;101953;1865.2;1;10207533026;B
20240425;101956;1865.2;1;10207533360;B
20240425;101959;1865.2;3;10207533541;B
20240425;101959;1865.4;1;10207533554;B
20240425;102000;1865.4;1;10207533653;B
20240425;102000;1865.6;3;10207533654;B
20240425;102000;1865.6;2;10207533655;B
20240425;102008;1865.6;3;10207534307;B
20240425;102010;1865.6;2;10207534485;B
20240425;102012;1865.6;1;10207534693;B
20240425;102013;1865.6;20;10207534859;B
20240425;102020;1865.4;1;10207537246;S
20240425;102021;1865.6;1;10207537385;B
20240425;102026;1865.6;10;10207538988;B
20240425;102026;1865.6;1;10207539058;B
20240425;102030;1865.6;1;10207540568;B
20240425;102033;1865.4;1;10207542812;S
20240425;102040;1865.6;1;10207543613;B
20240425;102040;1865.6;1;10207543646;B
20240425;102042;1865.6;6;10207544153;B
20240425;102046;1865.6;1;10207545560;B
20240425;102050;1865.6;1;10207548232;B
20240425;102051;1865.6;1;10207548346;B
20240425;102053;1865.6;6;10207548725;B
20240425;102055;1865.4;2;10207548907;S
20240425;102055;1865.4;2;10207548908;S
20240425;102104;1865.6;1;10207551082;B
20240425;102105;1865.6;7;10207552956;B
20240425;102105;1865.6;13;10207552957;B
20240425;102105;1865.6;2;10207552996;B
20240425;102114;1865.4;3;10207554271;S
20240425;102114;1865.4;2;10207554272;S
20240425;102114;1865.4;3;10207554273;S
20240425;102114;1865.4;1;10207554274;S
20240425;102114;1865.4;11;10207554275;S
20240425;102115;1865.6;13;10207554378;B
20240425;102115;1865.6;32;10207554379;B
20240425;102120;1865.6;1;10207555820;B
20240425;102123;1865.6;2;10207557682;B
20240425;102126;1865.4;19;10207557918;S
20240425;102126;1865.4;1;10207557919;S
20240425;102126;1865.4;1;10207557920;S
20240425;102126;1865.4;1;10207557921;S
20240425;102126;1865.4;6;10207557922;S
20240425;102126;1865.4;2;10207557923;S
20240425;102128;1865.6;6;10207558059;B
20240425;102130;1865.6;3;10207558438;B
20240425;102135;1865.4;1;10207559637;S
20240425;102135;1865.4;3;10207559638;S
20240425;102135;1865.4;1;10207559639;S
20240425;102135;1865.4;10;10207559640;S
20240425;102135;1865.4;5;10207559641;S
20240425;102135;1865.4;2;10207559642;S
20240425;102135;1865.4;3;10207559643;S
20240425;102135;1865.4;1;10207559644;S
20240425;102135;1865.4;1;10207559645;S
20240425;102135;1865.4;1;10207559646;S
20240425;102135;1865.4;6;10207559647;S
20240425;102135;1865.4;2;10207559648;S
20240425;102135;1865.4;24;10207559649;S
20240425;102135;1865.2;7;10207559650;S
20240425;102135;1865.2;1;10207559651;S
20240425;102135;1865.2;1;10207559652;S
20240425;102135;1865.2;31;10207559653;S
20240425;102137;1865.6;1;10207560679;B
20240425;102138;1865.4;3;10207560781;S
20240425;102138;1865.4;5;10207560782;S
20240425;102138;1865.4;2;10207560783;S
20240425;102138;1865.4;3;10207560784;S
20240425;102138;1865.4;1;10207560785;S
20240425;102138;1865.4;1;10207560786;S
20240425;102138;1865.4;1;10207560787;S
20240425;102138;1865.4;6;10207560788;S
20240425;102138;1865.4;2;10207560789;S
20240425;102138;1865.2;24;10207560790;S
20240425;102140;1865.6;2;10207560902;B
20240425;102147;1865.6;1;10207561908;B
20240425;102147;1865.6;9;10207561909;B
20240425;102147;1865.4;5;10207561948;S
20240425;102147;1865.4;2;10207561949;S
