<DATE>;<TIME>;<LAST>;<VOL>;<ID>;<OPER>
20240408;095958;1817.8;4;10058906316;S
20240408;095958;1817.8;1;10058906317;S
20240408;095958;1817.8;1;10058906318;S
20240408;095958;1817.8;100;10058906319;B
20240408;095958;1817.8;1;10058906320;B
20240408;095958;1817.8;15;10058906321;B
20240408;095958;1817.8;1;10058906322;B
20240408;095958;1817.8;3;10058906323;B
20240408;095958;1817.8;95;10058906324;B
20240408;095958;1817.8;2;10058906325;B
20240408;095958;1817.8;1;10058906326;B
20240408;095958;1817.8;50;10058906327;B
20240408;095958;1817.8;2;10058906328;B
20240408;095958;1817.8;10;10058906329;B
20240408;095958;1817.8;1;10058906330;B
20240408;095958;1817.8;1;10058906331;B
20240408;095958;1817.8;50;10058906332;B
20240408;095958;1817.8;1;10058906333;B
20240408;095958;1817.8;50;10058906334;B
20240408;095958;1817.8;1;10058906335;S
20240408;095958;1817.8;10;10058906336;B
20240408;095958;1817.8;1;10058906337;B
20240408;095958;1817.8;1;10058906338;B
20240408;095958;1817.8;1;10058906339;B
20240408;095958;1817.8;2;10058906340;S
20240408;095958;1817.8;2;10058906341;S
20240408;095958;1817.8;5;10058906342;S
20240408;095958;1817.8;1;10058906343;S
20240408;095958;1817.8;1;10058906344;S
20240408;095958;1817.8;1;10058906345;S
20240408;095958;1817.8;1;10058906346;S
20240408;095958;1817.8;2;10058906347;S
20240408;095958;1817.8;1;10058906348;S
20240408;095958;1817.8;1;10058906349;S
20240408;095958;1817.8;247;10058906350;B
20240408;095958;1817.8;20;10058906351;S
20240408;095958;1817.8;15;10058906352;S
20240408;095958;1817.8;10;10058906353;S
20240408;095958;1817.8;10;10058906354;S
20240408;095958;1817.8;2;10058906355;B
20240408;095958;1817.8;21;10058906356;B
20240408;095958;1817.8;4;10058906357;B
20240408;095958;1817.8;10;10058906358;B
20240408;095958;1817.8;1;10058906359;B
20240408;095958;1817.8;1;10058906360;B
20240408;095958;1817.8;7;10058906361;B
20240408;095958;1817.8;4;10058906362;B
20240408;095958;1817.8;1;10058906363;B
20240408;095958;1817.8;2;10058906364;B
20240408;095958;1817.8;3;10058906365;B
20240408;095958;1817.8;1;10058906366;B
20240408;095958;1817.8;1;10058906367;B
20240408;095958;1817.8;1;10058906368;B
20240408;095958;1817.8;1;10058906369;B
20240408;095958;1817.8;10;10058906370;B
20240408;095958;1817.8;2;10058906371;B
20240408;095958;1817.8;1;10058906372;S
20240408;095958;1817.8;204;10058906373;B
20240408;095958;1817.8;1;10058906374;S
20240408;095958;1817.8;45;10058906375;S
20240408;095958;1817.8;30;10058906376;S
20240408;095958;1817.8;5;10058906377;S
20240408;095958;1817.8;3;10058906378;B
20240408;095958;1817.8;1;10058906379;B
20240408;095958;1817.8;1;10058906380;B
20240408;095958;1817.8;1;10058906381;B
20240408;095958;1817.8;10;10058906382;B
20240408;095958;1817.8;6;10058906383;B
20240408;095958;1817.8;44;10058906384;B
20240408;095958;1817.8;2;10058906385;B
20240408;095958;1817.8;90;10058906386;B
20240408;095958;1817.8;2;10058906387;B
20240408;095958;1817.8;5;10058906388;B
20240408;095958;1817.8;15;10058906389;B
20240408;095958;1817.8;28;10058906390;B
20240408;095958;1817.8;5;10058906391;B
20240408;095958;1817.8;17;10058906392;B
20240408;095958;1817.8;1;10058906393;B
20240408;095958;1817.8;16;10058906394;B
20240408;095958;1817.8;7;10058906395;B
20240408;095958;1817.8;3;10058906396;B
20240408;095958;1817.8;1;10058906397;B
20240408;095958;1817.8;3;10058906398;S
20240408;095958;1817.8;2;10058906399;S
20240408;095958;1817.8;11;10058906400;S
20240408;095958;1817.8;3;10058906401;S
20240408;095958;1817.8;5;10058906402;S
20240408;095958;1817.8;60;10058906403;S
20240408;095958;1817.8;3;10058906404;S
20240408;095958;1817.8;13;10058906405;S
20240408;095958;1817.8;1;10058906406;S
20240408;095958;1817.8;23;10058906407;S
20240408;095958;1817.8;211;10058906408;S
20240408;095958;1817.8;89;10058906409;S
20240408;095958;1817.8;2;10058906410;S
20240408;095958;1817.8;26;10058906411;S
20240408;095958;1817.8;1;10058906412;S
20240408;095958;1817.8;2;10058906413;B
20240408;095958;1817.8;150;10058906414;B
20240408;095958;1817.8;2;10058906415;B
20240408;095958;1817.8;1;10058906416;S
20240408;095958;1817.8;1;10058906417;S
20240408;095958;1817.8;1;10058906418;S
20240408;095958;1817.8;3;10058906419;S
20240408;095958;1817.8;1;10058906420;S
20240408;095958;1817.8;3;10058906421;S
20240408;095958;1817.8;1;10058906422;S
20240408;095958;1817.8;1;10058906423;S
20240408;095958;1817.8;2;10058906424;S
20240408;095958;1817.8;1;10058906425;S
20240408;095958;1817.8;6;10058906426;S
20240408;095958;1817.8;1;10058906427;S
20240408;095958;1817.8;1;10058906428;S
20240408;095958;1817.8;3;10058906429;S
20240408;095958;1817.8;1;10058906430;S
20240408;095958;1817.8;1;10058906431;S
20240408;095958;1817.8;50;10058906432;S
20240408;095958;1817.8;3;10058906433;S
20240408;095958;1817.8;3;10058906434;S
20240408;095958;1817.8;4;10058906435;S
20240408;095958;1817.8;60;10058906436;S
20240408;095958;1817.8;30;10058906437;S
20240408;095958;1817.8;10;10058906438;S
20240408;095958;1817.8;100;10058906439;S
20240408;095958;1817.8;1;10058906440;S
20240408;095958;1817.8;3;10058906441;S
20240408;095958;1817.8;1;10058906442;S
20240408;095958;1817.8;50;10058906443;S
20240408;095958;1817.8;1;10058906444;S
20240408;095958;1817.8;1;10058906445;S
20240408;095958;1817.8;20;10058906446;S
20240408;095958;1817.8;1;10058906447;S
20240408;095958;1817.8;10;10058906448;S
20240408;095958;1817.8;2;10058906449;S
20240408;095958;1817.8;25;10058906450;S
20240408;095958;1817.8;3;10058906451;S
20240408;095958;1817.8;1;10058906452;S
20240408;095958;1817.8;5;10058906453;S
20240408;095958;1817.8;2;10058906454;S
20240408;095958;1817.8;1;10058906455;S
20240408;095958;1817.8;2;10058906456;S
20240408;095958;1817.8;8;10058906457;S
20240408;095958;1817.8;1;10058906458;S
20240408;095958;1817.8;1;10058906459;S
20240408;095958;1817.8;20;10058906460;S
20240408;095958;1817.8;70;10058906461;S
20240408;095958;1817.8;3;10058906462;S
20240408;095958;1817.8;20;10058906463;S
20240408;095958;1817.8;50;10058906464;S
20240408;095958;1817.8;3;10058906465;S
20240408;095958;1817.8;4;10058906466;S
20240408;095958;1817.8;1;10058906467;S
20240408;095958;1817.8;1;10058906468;S
20240408;095958;1817.8;18;10058906469;S
20240408;095958;1817.8;3;10058906470;S
20240408;095958;1817.8;1;10058906471;S
20240408;095958;1817.8;1;10058906472;S
20240408;095958;1817.8;2;10058906473;S
20240408;095958;1817.8;300;10058906474;S
20240408;095958;1817.8;10;10058906475;S
20240408;095958;1817.8;1;10058906476;S
20240408;095958;1817.8;5;10058906477;S
20240408;095958;1817.8;19;10058906478;S
20240408;095958;1817.8;2;10058906479;S
20240408;095958;1817.8;1;10058906480;S
20240408;095958;1817.8;10;10058906481;S
20240408;095958;1817.8;30;10058906482;S
20240408;095958;1817.8;10;10058906483;S
20240408;095958;1817.8;1;10058906484;S
20240408;095958;1817.8;10;10058906485;S
20240408;095958;1817.8;1;10058906486;S
20240408;095958;1817.8;1;10058906487;S
20240408;095958;1817.8;1;10058906488;S
20240408;095958;1817.8;1;10058906489;B
20240408;095958;1817.8;1;10058906490;S
20240408;095958;1817.8;1;10058906491;S
20240408;095958;1817.8;6;10058906492;S
20240408;095958;1817.8;6;10058906493;S
20240408;100000;1817.6;1;10058906853;S
20240408;100000;1817.6;39;10058906854;S
20240408;100000;1817.6;261;10058906976;S
20240408;100000;1817.6;148;10058906977;S
20240408;100000;1817.6;68;10058906978;S
20240408;100000;1817.4;34;10058907028;S
20240408;100000;1817.6;148;10058907029;B
20240408;100000;1817.6;60;10058907082;B
20240408;100000;1817.2;2;10058907089;S
20240408;100000;1817.2;1;10058907090;S
20240408;100000;1817.2;100;10058907091;S
20240408;100000;1817.2;1;10058907092;S
20240408;100000;1817.2;40;10058907093;S
20240408;100000;1817.2;2;10058907094;S
20240408;100000;1817.2;5;10058907095;S
20240408;100000;1817.2;1;10058907096;S
20240408;100000;1817.2;70;10058907097;S
20240408;100000;1817.2;1;10058907098;S
20240408;100000;1817.2;1;10058907099;S
20240408;100000;1817.2;2;10058907100;S
20240408;100000;1817.2;1;10058907101;S
20240408;100000;1817.2;5;10058907102;S
20240408;100000;1817.2;2;10058907103;S
20240408;100000;1817.2;5;10058907104;S
20240408;100000;1817.2;5;10058907105;S
20240408;100000;1817.2;2;10058907106;S
20240408;100000;1817.2;2;10058907107;S
20240408;100000;1817;1;10058907283;S
20240408;100000;1817;1;10058907284;S
20240408;100000;1817;1;10058907285;S
20240408;100000;1817;9;10058907286;S
20240408;100000;1817;1;10058907287;S
20240408;100000;1817;3;10058907288;S
20240408;100000;1817;5;10058907289;S
20240408;100000;1817;4;10058907290;S
20240408;100000;1816.6;1;10058907356;S
20240408;100000;1816.6;4;10058907357;S
20240408;100000;1817.4;3;10058907692;B
20240408;100001;1816.4;7;10058908582;B
20240408;100002;1817;10;10058910007;B
20240408;100002;1816.4;67;10058910284;S
20240408;100002;1816.4;3;10058910285;S
20240408;100002;1816.2;2;10058910528;S
20240408;100002;1816;2;10058910529;S
20240408;100002;1816;2;10058910530;S
20240408;100002;1816;1;10058910531;S
20240408;100002;1816;10;10058910532;S
20240408;100002;1816;1;10058910533;S
20240408;100002;1816;9;10058910534;S
20240408;100003;1816.2;50;10058911634;S
20240408;100004;1816;148;10058912146;S
20240408;100004;1816;1;10058912147;S
20240408;100004;1815.8;18;10058912148;S
20240408;100004;1815.6;100;10058912149;S
20240408;100004;1815.6;2;10058912150;S
20240408;100004;1815.4;2;10058912151;S
20240408;100004;1815.4;2;10058912152;S
20240408;100004;1815.4;1;10058912153;S
20240408;100004;1815.4;4;10058912154;S
20240408;100004;1815.4;67;10058912155;S
20240408;100004;1815.2;1;10058912156;S
20240408;100004;1815.2;16;10058912157;S
20240408;100004;1815.2;2;10058912158;S
20240408;100004;1815.2;2;10058912159;S
20240408;100004;1815.2;1;10058912160;S
20240408;100004;1815.2;100;10058912161;S
20240408;100004;1815.2;50;10058912162;S
20240408;100004;1815.2;1;10058912163;S
20240408;100004;1815.2;3;10058912164;S
20240408;100004;1815.2;1;10058912165;S
20240408;100004;1815;28;10058912166;S
20240408;100004;1816.4;5;10058912183;B
20240408;100004;1815.4;9;10058912346;S
20240408;100004;1815.4;4;10058912349;S
20240408;100004;1815.4;1;10058912354;S
20240408;100004;1815.4;100;10058912355;S
20240408;100004;1815.4;30;10058912356;S
20240408;100004;1815.8;16;10058912373;B
20240408;100004;1815.6;2;10058912527;B
20240408;100004;1815.2;1;10058912553;S
20240408;100004;1815.2;17;10058912556;S
20240408;100004;1815.2;113;10058912557;S
20240408;100004;1815;2;10058912637;S
20240408;100005;1815;10;10058912692;S
20240408;100005;1815;5;10058912693;S
20240408;100005;1815;1;10058912694;S
20240408;100005;1815;1;10058912695;S
20240408;100005;1815;1;10058912696;S
20240408;100005;1815;1;10058912697;S
20240408;100005;1815;1;10058912698;S
20240408;100005;1815;11;10058912712;S
20240408;100005;1815;8;10058912767;S
20240408;100005;1815;5;10058912773;S
20240408;100005;1815;4;10058912774;S
20240408;100005;1815;1;10058912775;S
20240408;100005;1815;1;10058912776;S
20240408;100005;1815;60;10058912777;S
20240408;100005;1815;22;10058912778;S
20240408;100005;1815;167;10058912779;S
20240408;100005;1815;33;10058912782;S
20240408;100005;1815;109;10058912783;S
20240408;100005;1815;10;10058912784;S
20240408;100005;1815;2;10058912785;S
20240408;100005;1815;1;10058912786;S
20240408;100005;1815;5;10058912787;S
20240408;100005;1815;13;10058912788;S
20240408;100005;1815.4;1;10058912814;S
20240408;100005;1815.6;3;10058912815;B
20240408;100005;1815.6;10;10058912819;B
20240408;100005;1815.6;3;10058912949;B
20240408;100005;1816;3;10058912950;B
20240408;100005;1815.4;15;10058912954;S
20240408;100005;1815.4;7;10058912956;S
20240408;100005;1815.2;2;10058912957;S
20240408;100005;1815;16;10058912958;S
20240408;100005;1815.2;1;10058912961;S
20240408;100005;1815.2;1;10058912962;S
20240408;100005;1815.2;15;10058912993;S
20240408;100005;1815.2;22;10058913022;S
20240408;100005;1815;21;10058913032;S
20240408;100005;1815;29;10058913033;S
20240408;100005;1815;2;10058913034;S
20240408;100005;1815.2;2;10058913043;S
20240408;100005;1815.2;5;10058913048;S
20240408;100005;1815;2;10058913125;S
20240408;100005;1815;30;10058913156;S
20240408;100005;1815;7;10058913169;S
20240408;100005;1815;2;10058913174;S
20240408;100005;1815;3;10058913486;S
20240408;100005;1815;1;10058913487;S
20240408;100005;1815;3;10058913488;S
20240408;100005;1815;1;10058913489;S
20240408;100005;1815;10;10058913490;S
20240408;100005;1815;1;10058913491;S
20240408;100005;1815;3;10058913492;S
20240408;100005;1815;1;10058913493;S
20240408;100005;1815;6;10058913494;S
20240408;100005;1815;5;10058913495;S
20240408;100005;1815;5;10058913496;S
20240408;100005;1815;10;10058913497;S
20240408;100005;1815;1;10058913498;S
20240408;100005;1815;46;10058913499;S
20240408;100005;1815;1;10058913500;S
20240408;100005;1815;12;10058913501;S
20240408;100005;1815;4;10058913502;S
20240408;100005;1815;37;10058913503;S
20240408;100005;1815;29;10058913924;S
20240408;100005;1815;5;10058913969;S
20240408;100005;1815;1;10058913970;S
20240408;100005;1815;4;10058913971;S
20240408;100005;1815.4;10;10058914171;B
20240408;100005;1815.6;4;10058914179;B
20240408;100006;1815.6;2;10058914235;B
20240408;100006;1815.8;1;10058914236;B
20240408;100006;1815.6;5;10058914263;B
20240408;100006;1815.8;17;10058914833;B
20240408;100006;1815.8;38;10058914834;B
20240408;100006;1815;6;10058914846;S
20240408;100006;1815;1;10058915105;S
20240408;100006;1815;9;10058915107;S
20240408;100006;1815;51;10058915108;S
20240408;100006;1815;49;10058915118;S
20240408;100006;1815;10;10058915119;S
20240408;100006;1815;1;10058915120;S
20240408;100006;1815;1;10058915121;S
20240408;100006;1815;1;10058915122;S
20240408;100006;1815;43;10058915123;S
20240408;100006;1815;57;10058915125;S
20240408;100006;1815;1;10058915126;S
20240408;100006;1815;3;10058915127;S
20240408;100006;1815;50;10058915128;S
20240408;100006;1815;10;10058915129;S
20240408;100006;1815;5;10058915130;S
20240408;100006;1815;1;10058915131;S
20240408;100006;1815;1;10058915132;S
20240408;100006;1815;10;10058915133;S
20240408;100006;1815;12;10058915134;S
20240408;100006;1815;3;10058915188;S
20240408;100006;1815.2;1;10058915195;B
20240408;100006;1815.2;3;10058915199;B
20240408;100006;1815.2;1;10058915269;B
20240408;100006;1815;1;10058915289;S
20240408;100006;1815;4;10058915401;S
20240408;100006;1815;30;10058915766;S
20240408;100006;1815;1;10058915767;S
20240408;100006;1815;6;10058915768;S
20240408;100006;1815;2;10058915769;S
20240408;100006;1815;10;10058915770;S
20240408;100006;1815;30;10058915771;S
20240408;100006;1815;25;10058915772;S
20240408;100006;1815;1;10058915773;S
20240408;100006;1815;15;10058915774;S
20240408;100006;1815;3;10058915775;S
20240408;100006;1815;10;10058915776;S
20240408;100006;1815;2;10058915777;S
20240408;100006;1815;10;10058915778;S
20240408;100006;1815;6;10058915779;S
20240408;100006;1815;69;10058915780;S
20240408;100006;1815;12;10058916051;S
20240408;100006;1815.2;3;10058916441;B
20240408;100006;1815;15;10058916564;S
20240408;100006;1815.2;1;10058916879;B
20240408;100007;1815;1;10058917890;S
20240408;100007;1815;3;10058917901;S
20240408;100007;1815.2;1;10058917910;B
20240408;100007;1815;1;10058917937;S
20240408;100007;1815;1;10058917940;S
20240408;100007;1815.2;1;10058917942;B
20240408;100007;1815;1;10058917945;S
20240408;100007;1815;14;10058918807;S
20240408;100007;1815;70;10058918834;S
20240408;100008;1815;7;10058919071;S
20240408;100008;1815;2;10058919501;S
20240408;100008;1815.2;3;10058920153;B
20240408;100008;1815.2;1;10058920880;B
20240408;100009;1815;5;10058921329;S
20240408;100009;1815.2;1;10058921341;B
20240408;100009;1815.2;2;10058921348;B
20240408;100009;1815.2;3;10058921350;B
20240408;100009;1815;4;10058921522;S
20240408;100009;1815;7;10058921527;S
20240408;100009;1815;38;10058922258;S
20240408;100009;1815;1;10058922259;S
20240408;100009;1815;5;10058922260;S
20240408;100009;1815;1;10058922261;S
20240408;100009;1815;5;10058922262;S
20240408;100009;1815;4;10058922263;S
20240408;100009;1814.8;2;10058922264;S
20240408;100009;1814.8;82;10058922265;S
20240408;100009;1814.6;300;10058922266;S
20240408;100009;1814.6;2;10058922267;S
20240408;100009;1814.6;1;10058922268;S
20240408;100009;1814.6;5;10058922269;S
20240408;100009;1814.6;1;10058922270;S
20240408;100009;1814.4;1;10058922271;S
20240408;100009;1814.4;2;10058922272;S
20240408;100009;1814.4;5;10058922273;S
20240408;100009;1814.4;18;10058922274;S
20240408;100009;1814.4;148;10058922275;S
20240408;100009;1814.2;1;10058922276;S
20240408;100009;1814.2;2;10058922277;S
20240408;100009;1814.2;2;10058922278;S
20240408;100009;1814.2;1;10058922279;S
20240408;100009;1814;3;10058922280;S
20240408;100009;1814;3;10058922281;S
20240408;100009;1814;1;10058922282;S
20240408;100009;1814;2;10058922283;S
20240408;100009;1813.8;6;10058922284;S
20240408;100009;1813.6;2;10058922285;S
20240408;100009;1813.6;1;10058922286;S
20240408;100009;1813.6;1;10058922287;S
20240408;100009;1813.6;25;10058922288;S
20240408;100009;1813.2;2;10058922289;S
20240408;100009;1813.2;2;10058922290;S
20240408;100009;1813.2;1;10058922291;S
20240408;100009;1813.2;7;10058922292;S
20240408;100009;1813;1;10058922293;S
20240408;100009;1813;1;10058922294;S
20240408;100009;1813;1;10058922295;S
20240408;100009;1813;1;10058922296;S
20240408;100009;1813;7;10058922297;S
20240408;100009;1813;2;10058922298;S
20240408;100009;1813;1;10058922299;S
20240408;100009;1813;18;10058922300;S
20240408;100009;1812.8;67;10058922301;S
20240408;100009;1812.8;70;10058922302;S
20240408;100009;1812.6;5;10058922303;S
20240408;100009;1812.6;2;10058922304;S
20240408;100009;1812.6;50;10058922305;S
20240408;100009;1812.6;1;10058922306;S
20240408;100009;1812.6;150;10058922307;S
20240408;100009;1812.4;150;10058922308;S
20240408;100009;1812.2;1;10058922309;S
20240408;100009;1812.2;2;10058922310;S
20240408;100009;1812.2;2;10058922311;S
20240408;100009;1812.2;1;10058922312;S
20240408;100009;1812;1;10058922313;S
20240408;100009;1812;3;10058922314;S
20240408;100009;1812;5;10058922315;S
20240408;100009;1812;1;10058922316;S
20240408;100009;1812;15;10058922317;S
20240408;100009;1812;1;10058922318;S
20240408;100009;1812;3;10058922319;S
20240408;100009;1812;50;10058922320;S
20240408;100009;1811.6;2;10058922321;S
20240408;100009;1811.6;1;10058922322;S
20240408;100009;1811.4;3;10058922323;S
20240408;100009;1811.4;1;10058922324;S
20240408;100009;1811.2;2;10058922325;S
20240408;100009;1811;1;10058922326;S
20240408;100009;1811;7;10058922327;S
20240408;100009;1811;2;10058922328;S
20240408;100009;1811;1;10058922329;S
20240408;100009;1811;6;10058922330;S
20240408;100009;1811;20;10058922331;S
20240408;100009;1811;1;10058922332;S
20240408;100009;1811;4;10058922333;S
20240408;100009;1811;4;10058922334;S
20240408;100009;1811;1;10058922335;S
20240408;100009;1810.8;103;10058922336;S
20240408;100009;1810.8;100;10058922337;S
20240408;100009;1810.6;2;10058922338;S
20240408;100009;1810.6;500;10058922339;S
20240408;100009;1810.4;1;10058922340;S
20240408;100009;1810.4;34;10058922341;S
20240408;100009;1810.2;3;10058922342;S
20240408;100009;1810.2;1;10058922343;S
20240408;100009;1810.2;2;10058922344;S
20240408;100009;1810.2;1;10058922345;S
20240408;100009;1810.2;1;10058922346;S
20240408;100009;1810.2;1;10058922347;S
20240408;100009;1810.2;100;10058922348;S
20240408;100009;1810.2;1;10058922349;S
20240408;100009;1810.2;2;10058922350;S
20240408;100009;1810.2;20;10058922351;S
20240408;100009;1810.2;200;10058922352;S
20240408;100009;1810.2;50;10058922353;S
20240408;100009;1810.2;1;10058922354;S
20240408;100009;1810;5;10058922355;S
20240408;100009;1810;50;10058922356;S
20240408;100009;1810;1;10058922357;S
20240408;100009;1810;4;10058922358;S
20240408;100009;1810;1;10058922359;S
20240408;100009;1810;1;10058922360;S
20240408;100009;1810;5;10058922361;S
20240408;100009;1810;3;10058922362;S
20240408;100009;1810;30;10058922363;S
20240408;100009;1810;1;10058922364;S
20240408;100009;1810;4;10058922365;S
20240408;100009;1810;9;10058922366;S
20240408;100009;1810;300;10058922367;S
20240408;100009;1810;2;10058922368;S
20240408;100009;1810;5;10058922369;S
20240408;100009;1810;5;10058922370;S
20240408;100009;1810;10;10058922371;S
20240408;100009;1810;10;10058922372;S
20240408;100009;1810;100;10058922373;S
20240408;100009;1810;28;10058922374;S
20240408;100009;1810;1;10058922375;S
20240408;100009;1810;5;10058922376;S
20240408;100009;1810;5;10058922377;S
20240408;100009;1810;841;10058922378;S
20240408;100009;1811.4;50;10058922489;S
20240408;100009;1810.6;1;10058922549;S
20240408;100009;1810.6;1;10058922550;S
20240408;100009;1810.8;1;10058922556;S
20240408;100009;1812;1;10058922588;B
20240408;100009;1812;1;10058922593;B
20240408;100009;1812;10;10058922598;B
20240408;100009;1812;5;10058922611;B
20240408;100009;1811.8;1;10058922623;S
20240408;100009;1812;7;10058922643;B
20240408;100009;1812;5;10058922695;B
20240408;100010;1812;1;10058922827;B
20240408;100010;1813.6;14;10058922828;B
20240408;100010;1814.4;25;10058922829;B
20240408;100010;1812.2;5;10058922838;S
20240408;100010;1814;50;10058922925;B
20240408;100010;1814;2;10058923167;B
20240408;100010;1812.8;20;10058923233;S
20240408;100010;1812.8;8;10058923235;S
20240408;100010;1812.4;1;10058923238;S
20240408;100010;1812.4;1;10058923242;S
20240408;100010;1814;1;10058923251;B
20240408;100010;1814;1;10058923252;B
20240408;100010;1812.6;2;10058923255;S
20240408;100010;1812.6;3;10058923257;S
20240408;100010;1813.6;55;10058923259;B
20240408;100010;1812.4;1;10058923260;S
20240408;100010;1812.4;3;10058923262;S
20240408;100010;1812.4;8;10058923265;S
20240408;100010;1812.2;7;10058923266;S
20240408;100010;1812;1;10058923268;S
20240408;100010;1813.8;1;10058923275;B
20240408;100010;1813.2;2;10058923281;B
20240408;100010;1813.2;30;10058923282;B
20240408;100010;1812.2;100;10058923288;S
20240408;100010;1812.4;50;10058923292;S
20240408;100010;1812.4;11;10058923302;S
20240408;100010;1812.4;6;10058923303;S
20240408;100010;1812;12;10058923304;S
20240408;100010;1812;1;10058923309;S
20240408;100010;1811.6;6;10058923310;S
20240408;100010;1811.6;1;10058923311;S
20240408;100010;1811.2;7;10058923315;S
20240408;100010;1811.8;20;10058923316;S
20240408;100010;1811.2;20;10058923322;S
20240408;100010;1811.2;3;10058923323;S
20240408;100010;1811.2;3;10058923324;S
20240408;100010;1811;12;10058923325;S
20240408;100010;1810.6;1;10058923326;S
20240408;100010;1812;2;10058923331;B
20240408;100010;1812;5;10058923334;B
20240408;100010;1812;3;10058923344;B
20240408;100010;1811.2;1;10058923349;S
20240408;100010;1811.2;50;10058923350;S
20240408;100010;1811.2;2;10058923378;S
20240408;100010;1811.2;33;10058923379;S
20240408;100010;1811.2;10;10058923392;S
20240408;100010;1811.2;57;10058923400;S
20240408;100010;1811;149;10058923401;S
20240408;100010;1810.4;18;10058923402;S
20240408;100010;1810;76;10058923403;S
20240408;100010;1811.8;10;10058923514;B
20240408;100010;1812.2;15;10058923528;B
20240408;100010;1812;1;10058923646;B
20240408;100010;1812.2;10;10058923773;B
20240408;100010;1811.8;1;10058923781;S
20240408;100010;1811.6;2;10058923782;S
20240408;100010;1812;1;10058923844;B
20240408;100010;1812;1;10058923855;B
20240408;100010;1811.6;3;10058924077;S
20240408;100010;1811.4;5;10058924078;S
20240408;100010;1812;1;10058924297;B
20240408;100010;1812;2;10058924305;B
20240408;100010;1812;5;10058924442;B
20240408;100010;1812;1;10058924560;B
20240408;100010;1812;1;10058924565;B
20240408;100010;1811.4;26;10058924587;S
20240408;100010;1811;29;10058924588;S
20240408;100010;1812;10;10058924620;B
20240408;100010;1811;1;10058924632;S
20240408;100010;1812;1;10058924653;B
20240408;100010;1812;1;10058924737;B
20240408;100010;1812;59;10058924751;B
20240408;100010;1812;2;10058924752;B
20240408;100010;1812;16;10058924765;B
20240408;100010;1812;54;10058924766;B
20240408;100011;1811.2;10;10058924921;S
20240408;100011;1811;10;10058924922;S
20240408;100011;1812;1;10058924923;B
20240408;100011;1812;1;10058924925;B
20240408;100011;1812;1;10058924926;B
20240408;100011;1812;1;10058924929;B
20240408;100011;1811;2;10058924944;S
20240408;100011;1812;3;10058925003;B
20240408;100011;1812;3;10058925004;B
20240408;100011;1812;1;10058925024;B
20240408;100011;1812;1;10058925217;B
20240408;100011;1812;1;10058925230;B
20240408;100011;1811;25;10058925330;S
20240408;100011;1811;5;10058925331;S
20240408;100011;1811.2;10;10058925333;S
20240408;100011;1811.8;5;10058925334;B
20240408;100011;1812;2;10058925335;B
20240408;100011;1811.2;11;10058925336;S
20240408;100011;1811;1;10058925337;S
20240408;100011;1811;4;10058925339;S
20240408;100011;1811;14;10058925340;S
20240408;100011;1811;1;10058925343;S
20240408;100011;1811;2;10058925344;S
20240408;100011;1811;1;10058925369;S
20240408;100011;1811;1;10058925373;S
20240408;100011;1810.6;1;10058925374;S
20240408;100011;1810.4;1;10058925375;S
20240408;100011;1810.4;17;10058925381;S
20240408;100011;1810.4;33;10058925382;S
20240408;100011;1811;5;10058925385;B
20240408;100011;1811.2;11;10058925386;B
20240408;100011;1810.8;21;10058925392;B
20240408;100011;1810.8;6;10058925399;B
20240408;100011;1810.2;3;10058925407;S
20240408;100011;1811;1;10058925420;B
20240408;100011;1810.2;1;10058925449;S
20240408;100011;1810.4;11;10058925458;B
20240408;100011;1810.4;83;10058925498;B
20240408;100011;1811;1;10058925499;B
20240408;100011;1811;5;10058925510;B
20240408;100011;1810.6;83;10058925513;B
20240408;100011;1811;5;10058925514;B
20240408;100011;1810;11;10058925518;S
20240408;100011;1810;3;10058925521;S
20240408;100011;1810.8;10;10058925557;B
20240408;100011;1810;20;10058925564;S
20240408;100011;1810.6;15;10058925598;B
20240408;100011;1810;49;10058925644;S
20240408;100011;1810;9;10058925645;S
20240408;100011;1810;120;10058925646;S
20240408;100011;1810;1;10058925647;S
20240408;100011;1810;4;10058925648;S
20240408;100011;1810;1;10058925649;S
20240408;100011;1810;1;10058925650;S
20240408;100011;1810;11;10058925651;S
20240408;100011;1810;2;10058925652;S
20240408;100011;1810;2;10058925653;S
20240408;100011;1810;2;10058925659;S
20240408;100011;1810.6;68;10058925683;B
20240408;100011;1811;6;10058925684;B
20240408;100011;1811.2;13;10058925685;B
20240408;100011;1811.6;13;10058925686;B
20240408;100011;1811.6;1;10058925703;B
20240408;100011;1811.6;1;10058925721;B
20240408;100011;1811.4;1;10058925753;S
20240408;100011;1810.4;4;10058925754;S
20240408;100011;1811.6;1;10058925756;B
20240408;100011;1810.4;6;10058925760;S
20240408;100011;1810.4;1;10058925762;S
20240408;100011;1811.4;8;10058925797;B
20240408;100011;1811.6;5;10058925849;B
20240408;100011;1811.6;1;10058925919;B
20240408;100011;1811.6;1;10058925921;B
20240408;100011;1811.2;1;10058925930;S
20240408;100011;1811.6;27;10058925975;B
20240408;100011;1811.6;1;10058925999;B
20240408;100011;1811.2;19;10058926038;S
20240408;100011;1811;14;10058926039;S
20240408;100011;1811;1;10058926064;S
20240408;100011;1811;1;10058926066;S
20240408;100011;1811;4;10058926104;S
20240408;100011;1811;2;10058926105;S
20240408;100011;1811.4;1;10058926202;S
20240408;100011;1811;3;10058926203;S
20240408;100011;1811;5;10058926204;S
20240408;100011;1810.8;5;10058926205;S
20240408;100011;1810.4;2;10058926206;S
20240408;100011;1810.4;50;10058926207;S
20240408;100011;1810.4;3;10058926208;S
20240408;100011;1810.2;149;10058926209;S
20240408;100011;1810;2;10058926210;S
20240408;100011;1810;1;10058926211;S
20240408;100011;1810;1;10058926212;S
20240408;100011;1810;10;10058926213;S
20240408;100011;1810;3;10058926214;S
20240408;100011;1810;1;10058926215;S
20240408;100011;1810;6;10058926216;S
20240408;100011;1810;1;10058926217;S
20240408;100011;1809.8;10;10058926218;S
20240408;100011;1809.8;1;10058926219;S
20240408;100011;1809.6;2;10058926220;S
20240408;100011;1809.6;1;10058926221;S
20240408;100011;1809.6;5;10058926222;S
20240408;100011;1809.6;40;10058926223;S
20240408;100011;1809.6;18;10058926224;S
20240408;100011;1809.4;5;10058926225;S
20240408;100011;1809.2;2;10058926226;S
20240408;100011;1809.2;50;10058926227;S
20240408;100011;1809;73;10058926228;S
20240408;100011;1810.2;1;10058926241;S
20240408;100011;1810.2;1;10058926243;S
20240408;100011;1810.2;8;10058926247;S
20240408;100011;1809.4;13;10058926248;S
20240408;100011;1809.2;13;10058926249;S
20240408;100011;1809.2;20;10058926250;S
20240408;100011;1810;1;10058926273;B
20240408;100011;1810;5;10058926285;B
20240408;100011;1809.2;6;10058926308;S
20240408;100011;1810;4;10058926311;B
20240408;100011;1810.4;8;10058926312;B
20240408;100011;1810.4;5;10058926344;B
20240408;100011;1810.6;5;10058926345;B
20240408;100011;1810.6;5;10058926356;B
20240408;100011;1810;1;10058926373;S
20240408;100011;1809.4;2;10058926374;S
20240408;100011;1809;7;10058926375;S
20240408;100011;1809;1;10058926376;S
20240408;100011;1809;20;10058926377;S
20240408;100011;1809;50;10058926378;S
20240408;100011;1809;1;10058926379;S
20240408;100011;1809;45;10058926380;S
20240408;100011;1809;18;10058926381;S
20240408;100011;1808.8;200;10058926382;S
20240408;100011;1808.8;149;10058926383;S
20240408;100011;1808.6;2;10058926384;S
20240408;100011;1808.6;5;10058926385;S
20240408;100011;1808.6;1;10058926386;S
20240408;100011;1808.4;63;10058926387;S
20240408;100011;1808.4;40;10058926388;S
20240408;100011;1810.2;1;10058926398;B
20240408;100011;1809.2;1;10058926418;B
20240408;100011;1809.4;8;10058926429;B
20240408;100011;1809.8;5;10058926461;B
20240408;100011;1808.6;8;10058926508;S
20240408;100011;1809.4;1;10058926517;B
20240408;100011;1809.4;1;10058926535;B
20240408;100011;1808.4;5;10058926557;S
20240408;100011;1809.4;30;10058926558;B
20240408;100011;1808.4;5;10058926559;S
20240408;100011;1809.8;1;10058926568;B
20240408;100011;1808.4;406;10058926573;S
20240408;100011;1809.6;4;10058926575;B
20240408;100011;1809.6;1;10058926586;B
20240408;100011;1808.4;1;10058926603;S
20240408;100011;1809.6;5;10058926606;B
20240408;100011;1809.6;1;10058926618;B
20240408;100011;1808.4;26;10058926636;S
20240408;100011;1809.6;1;10058926648;B
20240408;100011;1809.6;1;10058926687;B
20240408;100011;1809.4;1;10058926712;B
20240408;100011;1808.6;9;10058926715;S
20240408;100011;1809.4;1;10058926750;B
20240408;100012;1809.4;16;10058926758;B
20240408;100012;1809.8;12;10058926759;B
20240408;100012;1809.8;49;10058926760;B
20240408;100012;1809.8;7;10058926784;B
20240408;100012;1809.8;23;10058926825;B
20240408;100012;1809.8;2;10058926826;B
20240408;100012;1809.8;51;10058926834;B
20240408;100012;1810;47;10058926835;B
20240408;100012;1810;8;10058926836;B
20240408;100012;1810.6;44;10058926837;B
20240408;100012;1808.6;2;10058926840;S
20240408;100012;1810.4;6;10058926885;B
20240408;100012;1810.8;1;10058926889;B
20240408;100012;1810.2;3;10058927079;S
20240408;100012;1810.2;47;10058927297;S
20240408;100012;1810.2;13;10058927298;S
20240408;100012;1810;7;10058927299;S
20240408;100012;1810;1;10058927300;S
20240408;100012;1809.6;1;10058927301;S
20240408;100012;1809.6;18;10058927302;S
20240408;100012;1809.2;69;10058927303;S
20240408;100012;1809;10;10058927304;S
20240408;100012;1808.4;136;10058927305;S
20240408;100012;1808.6;14;10058927344;S
20240408;100012;1810;18;10058927360;B
20240408;100012;1810.4;2;10058927361;B
20240408;100012;1810;3;10058927408;S
20240408;100012;1810;3;10058927409;S
20240408;100012;1810;7;10058927462;S
20240408;100012;1808.6;4;10058927463;S
20240408;100012;1808.6;13;10058927464;S
20240408;100012;1808.6;166;10058927465;S
20240408;100012;1808.8;14;10058927542;S
20240408;100012;1809.6;18;10058927546;B
20240408;100012;1809.6;132;10058927547;B
20240408;100012;1810;1;10058927569;B
20240408;100012;1810.2;10;10058927570;B
20240408;100012;1810.4;18;10058927729;B
20240408;100012;1810.6;13;10058927730;B
20240408;100012;1811.6;32;10058927731;B
20240408;100012;1810;3;10058928251;S
20240408;100012;1811.4;1;10058928252;B
20240408;100012;1810;10;10058928254;S
20240408;100012;1810;19;10058928260;S
20240408;100012;1810;180;10058928261;S
20240408;100012;1810;2;10058928262;S
20240408;100012;1810;3;10058928275;S
20240408;100012;1810;6;10058928276;S
20240408;100012;1810;7;10058928376;S
20240408;100012;1810;57;10058928406;S
20240408;100012;1810;1;10058928453;S
20240408;100012;1810;8;10058928623;S
20240408;100012;1810;37;10058928632;S
20240408;100012;1811.4;12;10058928734;B
20240408;100012;1811.6;8;10058928735;B
20240408;100013;1810.4;10;10058928800;S
20240408;100013;1810.4;1;10058928802;S
20240408;100013;1810.4;16;10058928831;S
20240408;100013;1810.4;7;10058928841;S
20240408;100013;1811;1;10058928852;B
20240408;100013;1811.2;9;10058928853;B
20240408;100013;1811.2;20;10058928854;B
20240408;100013;1811.4;1;10058929030;B
20240408;100013;1811.4;1;10058929048;B
20240408;100013;1811.4;50;10058929082;B
20240408;100014;1811.4;1;10058929371;B
20240408;100015;1811.4;20;10058929837;B
20240408;100015;1811.4;130;10058929838;B
20240408;100015;1811.6;1;10058929883;B
20240408;100015;1811.6;19;10058929919;B
20240408;100015;1811.6;17;10058929948;B
20240408;100015;1811.8;1;10058930067;B
20240408;100016;1810.8;110;10058930130;S
20240408;100016;1811.6;90;10058930287;B
20240408;100016;1811.6;10;10058930288;B
20240408;100016;1810.8;30;10058930409;S
20240408;100016;1811.8;1;10058930437;B
20240408;100016;1810.8;5;10058930443;S
20240408;100017;1810.8;5;10058930700;S
20240408;100019;1811.6;1;10058931510;B
20240408;100019;1811.6;100;10058931513;B
20240408;100019;1811;1;10058931611;S
20240408;100022;1811.8;1;10058932644;B
20240408;100022;1811.8;1;10058932713;B
20240408;100022;1811.8;4;10058932749;B
20240408;100024;1811.8;3;10058933155;B
20240408;100024;1811.2;10;10058933189;S
20240408;100024;1811.2;90;10058933190;S
20240408;100024;1811.4;100;10058933472;S
20240408;100024;1811.4;67;10058933473;S
20240408;100025;1811.2;18;10058933538;S
20240408;100025;1811;4;10058933614;S
20240408;100025;1810.8;1;10058933645;S
20240408;100025;1810.6;13;10058933691;S
20240408;100025;1810.4;8;10058933739;S
20240408;100025;1810.4;5;10058933740;S
20240408;100025;1810.2;1;10058933776;S
20240408;100025;1809.2;1;10058933817;S
20240408;100025;1809.2;18;10058933818;S
20240408;100025;1809;1;10058933819;S
20240408;100025;1809;1;10058933820;S
20240408;100025;1809;1;10058933821;S
20240408;100025;1809;90;10058933822;S
20240408;100025;1809;8;10058933823;S
20240408;100025;1808.8;4;10058933824;S
20240408;100025;1808.8;150;10058933825;S
20240408;100025;1808.6;1;10058933826;S
20240408;100025;1808.6;1;10058933827;S
20240408;100025;1808.6;1;10058933828;S
20240408;100025;1808.4;281;10058933916;S
20240408;100025;1808.4;76;10058933917;S
20240408;100025;1808.4;76;10058933918;S
20240408;100025;1808.2;1;10058933919;S
20240408;100025;1808.2;2;10058933920;S
20240408;100025;1808.2;1;10058933921;S
20240408;100025;1808;40;10058933922;S
20240408;100025;1808;123;10058933923;S
20240408;100025;1809.6;51;10058933937;B
20240408;100025;1808;377;10058933989;S
20240408;100025;1808;1;10058933990;S
20240408;100025;1808;1;10058933991;S
20240408;100025;1808;1;10058933992;S
20240408;100025;1808;1;10058933993;S
20240408;100025;1808;3;10058933994;S
20240408;100025;1808;1;10058933995;S
20240408;100025;1808;2;10058933996;S
20240408;100025;1808;13;10058933997;S
20240408;100025;1808;2;10058934105;S
20240408;100025;1809.8;2;10058934107;B
20240408;100025;1808.2;8;10058934136;S
20240408;100025;1809.2;18;10058934201;B
20240408;100025;1809.2;7;10058934202;B
20240408;100025;1809;16;10058934203;S
20240408;100025;1808.2;5;10058934204;S
20240408;100025;1808.2;18;10058934205;S
20240408;100025;1808;11;10058934206;S
20240408;100025;1808.2;2;10058934217;S
20240408;100025;1809;11;10058934278;B
20240408;100025;1808.2;1;10058934357;S
20240408;100026;1809.2;18;10058934443;B
20240408;100026;1809.4;1;10058934444;B
20240408;100026;1808.2;1;10058934497;S
20240408;100026;1808.2;1;10058934499;S
20240408;100026;1809.2;7;10058934618;B
20240408;100026;1809.2;3;10058934619;B
20240408;100026;1808.2;11;10058934736;S
20240408;100026;1808.2;1;10058934737;S
20240408;100026;1808.2;1;10058934738;S
20240408;100026;1808;487;10058934739;S
20240408;100026;1808;2;10058934805;S
20240408;100027;1809.4;2;10058934898;B
20240408;100028;1809;1;10058935190;S
20240408;100029;1809.4;8;10058935677;B
20240408;100029;1809.4;42;10058935678;B
20240408;100030;1809.8;149;10058935705;B
20240408;100030;1810;13;10058935706;B
20240408;100030;1810.8;149;10058935717;B
20240408;100030;1811;138;10058935718;B
20240408;100030;1809.2;1;10058935881;S
20240408;100030;1809.2;12;10058935958;S
20240408;100030;1809;18;10058935959;S
20240408;100030;1810;13;10058936045;B
20240408;100030;1810.2;62;10058936046;B
20240408;100031;1810.2;100;10058936311;B
20240408;100031;1809.2;13;10058936489;S
20240408;100031;1809;11;10058936490;S
20240408;100032;1809;1;10058936772;S
20240408;100032;1810.4;1;10058936856;B
20240408;100034;1809.2;1;10058937454;S
20240408;100035;1809.2;2;10058937587;S
20240408;100035;1809.2;5;10058937588;S
20240408;100035;1810;1;10058937744;B
20240408;100036;1810;1;10058937767;B
20240408;100036;1809.2;13;10058937786;S
20240408;100036;1809;19;10058937787;S
20240408;100036;1809;80;10058937788;S
20240408;100036;1809;1;10058937789;S
20240408;100036;1808.4;7;10058937790;S
20240408;100036;1809.8;5;10058937897;B
20240408;100037;1810;1;10058938132;B
20240408;100037;1808.6;1;10058938167;S
20240408;100038;1809.4;18;10058938651;B
20240408;100038;1809.6;7;10058938652;B
20240408;100039;1808.6;1;10058938980;S
20240408;100040;1809.8;2;10058939105;B
20240408;100040;1809.8;11;10058939420;B
20240408;100040;1810;1;10058939421;B
20240408;100040;1810;19;10058939422;B
20240408;100041;1810;138;10058939506;B
20240408;100041;1810;62;10058939507;B
20240408;100041;1809.6;1;10058939818;S
20240408;100042;1810.2;25;10058940004;B
20240408;100042;1808.6;10;10058940063;S
20240408;100042;1810;10;10058940126;B
20240408;100042;1810.2;113;10058940127;B
20240408;100042;1810.2;77;10058940128;B
20240408;100043;1810.2;1;10058940182;B
20240408;100043;1810.4;1;10058940415;B
20240408;100043;1810;4;10058940487;S
20240408;100043;1809;5;10058940488;S
20240408;100043;1808.6;7;10058940489;S
20240408;100043;1808.6;8;10058940490;S
20240408;100043;1808.6;5;10058940491;S
20240408;100043;1808.6;149;10058940492;S
20240408;100043;1808.4;5;10058940493;S
20240408;100043;1808.4;59;10058940494;S
20240408;100043;1808.2;2;10058940495;S
20240408;100043;1808.2;8;10058940496;S
20240408;100043;1808;665;10058940497;S
20240408;100043;1808;121;10058940498;S
20240408;100043;1808;5;10058940499;S
20240408;100043;1808;10;10058940500;S
20240408;100043;1808;1;10058940501;S
20240408;100043;1808;5;10058940502;S
20240408;100043;1808;10;10058940503;S
20240408;100043;1808;5;10058940504;S
20240408;100043;1807.8;1;10058940505;S
20240408;100043;1807.6;2;10058940506;S
20240408;100043;1807.6;1;10058940507;S
20240408;100043;1807.6;1;10058940508;S
20240408;100043;1807.2;2;10058940509;S
20240408;100043;1807.2;1;10058940510;S
20240408;100043;1807.2;100;10058940511;S
20240408;100043;1807.2;1;10058940512;S
20240408;100043;1807.2;7;10058940513;S
20240408;100043;1807;10;10058940514;S
20240408;100043;1807;200;10058940515;S
20240408;100043;1807;5;10058940516;S
20240408;100043;1807;1;10058940517;S
20240408;100043;1807;50;10058940518;S
20240408;100043;1806.6;2;10058940519;S
20240408;100043;1806.6;20;10058940520;S
20240408;100043;1806.6;8;10058940521;S
20240408;100043;1806.6;1;10058940522;S
20240408;100043;1806.4;100;10058940523;S
20240408;100043;1806.4;1;10058940524;S
20240408;100043;1806.4;2;10058940525;S
20240408;100043;1806.4;47;10058940526;S
20240408;100043;1806.2;1;10058940527;S
20240408;100043;1806.2;2;10058940528;S
20240408;100043;1806.2;1;10058940529;S
20240408;100043;1806.2;217;10058940530;S
20240408;100043;1806.2;15;10058940531;S
20240408;100043;1806.2;250;10058940532;S
20240408;100043;1806;200;10058940533;S
20240408;100043;1806;1;10058940534;S
20240408;100043;1806;8;10058940535;S
20240408;100043;1806;1;10058940536;S
20240408;100043;1806;1;10058940537;S
20240408;100043;1806;10;10058940538;S
20240408;100043;1806;5;10058940539;S
20240408;100043;1806;2;10058940540;S
20240408;100043;1805.8;51;10058940541;S
20240408;100043;1805.8;200;10058940542;S
20240408;100043;1805.8;148;10058940543;S
20240408;100043;1807.4;1;10058940549;S
20240408;100043;1807.4;1;10058940550;S
20240408;100043;1807.4;1;10058940551;S
20240408;100044;1807.4;1;10058940627;S
20240408;100044;1807.4;16;10058940654;S
20240408;100044;1807.4;13;10058940655;S
20240408;100044;1807.2;1;10058940656;S
20240408;100044;1806.8;149;10058940682;S
20240408;100044;1806.6;1;10058940683;S
20240408;100044;1806.6;18;10058940684;S
20240408;100044;1806.2;5;10058940685;S
20240408;100044;1806;2;10058940686;S
20240408;100044;1805.8;60;10058940687;S
20240408;100044;1806;1;10058940688;S
20240408;100044;1806;35;10058940694;S
20240408;100044;1807.6;1;10058940695;B
20240408;100044;1806.4;2;10058940704;B
20240408;100044;1807.6;5;10058940706;B
20240408;100044;1807;20;10058940715;S
20240408;100044;1807.6;1;10058940729;B
20240408;100044;1807.2;10;10058940731;S
20240408;100044;1807.6;1;10058940732;B
20240408;100044;1807.2;122;10058940733;S
20240408;100044;1807.6;10;10058940786;B
20240408;100044;1807.6;13;10058940787;B
20240408;100044;1807.6;7;10058940788;B
20240408;100044;1807.6;1;10058940798;B
20240408;100044;1807.6;4;10058940799;B
20240408;100044;1807.6;1;10058940807;B
20240408;100045;1807.6;1;10058940848;B
20240408;100045;1807;2;10058940862;S
20240408;100045;1807.6;12;10058940866;B
20240408;100045;1807.8;19;10058940867;B
20240408;100045;1808.4;13;10058940868;B
20240408;100045;1808.8;149;10058940869;B
20240408;100045;1810.6;7;10058940870;B
20240408;100045;1809.4;7;10058940884;B
20240408;100045;1809.6;43;10058940885;B
20240408;100045;1807.6;7;10058941005;S
20240408;100045;1809.2;1;10058941007;B
20240408;100045;1807.6;5;10058941167;S
20240408;100046;1807.6;1;10058941514;S
20240408;100046;1807.8;5;10058941666;S
20240408;100046;1808.8;50;10058941699;B
20240408;100047;1809;1;10058941929;B
20240408;100047;1809;5;10058941948;B
20240408;100047;1808.2;1;10058942096;S
20240408;100047;1807.8;4;10058942097;S
20240408;100048;1809.2;3;10058942234;B
20240408;100048;1809.2;13;10058942235;B
20240408;100048;1809.2;4;10058942236;B
20240408;100048;1807.8;6;10058942255;S
20240408;100048;1807.6;24;10058942256;S
20240408;100048;1807.6;1;10058942745;S
20240408;100049;1809.2;5;10058943206;B
20240408;100050;1808.6;100;10058943390;B
20240408;100050;1808.8;2;10058943519;B
20240408;100051;1808.6;100;10058943712;B
20240408;100051;1808;1;10058943723;S
20240408;100051;1808;1;10058943781;S
20240408;100051;1809.4;3;10058943947;B
20240408;100051;1809.2;15;10058944000;B
20240408;100052;1808.2;1;10058944064;S
20240408;100052;1808.2;1;10058944065;S
20240408;100052;1809.6;31;10058944185;B
20240408;100052;1808.2;11;10058944219;S
20240408;100052;1808;48;10058944220;S
20240408;100052;1807.8;18;10058944221;S
20240408;100052;1807.6;7;10058944222;S
20240408;100052;1807.4;2;10058944223;S
20240408;100052;1807.4;170;10058944224;S
20240408;100052;1807;16;10058944225;S
20240408;100053;1807;1;10058944438;S
20240408;100054;1808.4;31;10058944689;B
20240408;100054;1808.4;1;10058944694;B
20240408;100055;1808.4;2;10058945097;B
20240408;100055;1808.4;1;10058945118;B
20240408;100055;1808.4;5;10058945220;B
20240408;100055;1808.4;109;10058945233;B
20240408;100055;1808.4;13;10058945234;B
20240408;100055;1808.4;18;10058945235;B
20240408;100055;1809.4;23;10058945236;B
20240408;100055;1809.8;37;10058945237;B
20240408;100055;1807.6;1;10058945276;S
20240408;100056;1809.2;1;10058945345;B
20240408;100056;1809.2;31;10058945394;B
20240408;100057;1807.4;5;10058945619;S
20240408;100057;1807.4;13;10058945620;S
20240408;100057;1807.2;18;10058945621;S
20240408;100057;1807.2;3;10058945622;S
20240408;100057;1807;9;10058945623;S
20240408;100057;1807;1;10058945624;S
20240408;100057;1807;1;10058945625;S
20240408;100057;1807;4;10058945626;S
20240408;100057;1807;8;10058945627;S
20240408;100057;1808;2;10058945730;B
20240408;100057;1808;1;10058945873;B
20240408;100058;1808;15;10058946015;B
20240408;100058;1808.2;149;10058946016;B
20240408;100058;1808.2;13;10058946017;B
20240408;100058;1808.4;1;10058946018;B
20240408;100058;1809.8;163;10058946019;B
20240408;100058;1810;150;10058946020;B
20240408;100058;1810.8;70;10058946021;B
20240408;100058;1811;50;10058946022;B
20240408;100058;1811.6;6;10058946023;B
20240408;100058;1807.6;1;10058946047;S
20240408;100059;1809.4;9;10058946342;B
20240408;100059;1809.2;1;10058946478;S
20240408;100059;1809.4;2;10058946505;B
20240408;100100;1809;1;10058946753;S
20240408;100100;1809.4;1;10058946841;B
20240408;100100;1809.4;1;10058946878;B
20240408;100101;1809.4;11;10058947193;B
20240408;100101;1809;1;10058947372;B
20240408;100101;1809;2;10058947377;B
20240408;100101;1809.2;1;10058947378;B
20240408;100101;1809.8;10;10058947404;B
20240408;100101;1809.8;100;10058947467;B
20240408;100102;1811;40;10058947816;B
20240408;100102;1809.6;1;10058947963;S
20240408;100103;1810.8;149;10058948303;B
20240408;100103;1811;13;10058948304;B
20240408;100103;1811;16;10058948305;B
20240408;100103;1811.6;22;10058948306;B
20240408;100103;1809.6;12;10058948326;S
20240408;100103;1809.6;1;10058948327;S
20240408;100103;1809.6;22;10058948328;S
20240408;100103;1809.6;16;10058948329;S
20240408;100103;1809.2;18;10058948330;S
20240408;100103;1809;1;10058948331;S
20240408;100103;1809;200;10058948332;S
20240408;100103;1808.8;3;10058948333;S
20240408;100103;1808.8;61;10058948334;S
20240408;100103;1810.6;1;10058948340;B
20240408;100104;1810.4;1;10058948469;B
20240408;100104;1810.4;12;10058948504;B
20240408;100104;1810.4;17;10058948505;B
20240408;100104;1810.6;71;10058948506;B
20240408;100104;1810.6;2;10058948575;B
20240408;100105;1809;8;10058948785;S
20240408;100105;1809;1;10058948787;S
20240408;100105;1810.2;10;10058948969;B
20240408;100105;1810.4;1;10058949041;B
20240408;100106;1810.4;10;10058949149;B
20240408;100106;1809.2;1;10058949200;S
20240408;100106;1810.2;1;10058949210;B
20240408;100106;1810.2;1;10058949265;B
20240408;100106;1810.2;1;10058949266;B
20240408;100106;1810.4;1;10058949269;B
20240408;100106;1810.4;3;10058949273;B
20240408;100106;1810.4;1;10058949274;B
20240408;100106;1809.8;3;10058949366;B
20240408;100107;1809.8;1;10058949427;B
20240408;100107;1809.2;1;10058949532;S
20240408;100107;1809.8;1;10058949679;B
20240408;100108;1809.8;1;10058949842;B
20240408;100108;1809.8;4;10058950060;B
20240408;100108;1809.8;118;10058950061;B
20240408;100108;1810;16;10058950062;B
20240408;100108;1810.4;144;10058950063;B
20240408;100108;1811;13;10058950064;B
20240408;100109;1811;285;10058950541;S
20240408;100109;1811;18;10058950542;S
20240408;100109;1810;3;10058950708;S
20240408;100109;1809.8;1;10058950864;B
20240408;100109;1809.2;3;10058951046;S
20240408;100110;1808.6;3;10058951820;S
20240408;100110;1808.6;2;10058951821;S
20240408;100110;1808.6;1;10058952076;S
20240408;100110;1808.6;8;10058952103;S
20240408;100110;1808.4;3;10058952104;S
20240408;100111;1809.2;18;10058952377;B
20240408;100111;1809.4;37;10058952378;B
20240408;100112;1808.6;1;10058952745;S
20240408;100112;1809.6;8;10058952873;B
20240408;100112;1810;25;10058952907;B
20240408;100113;1809.6;2;10058953268;B
20240408;100113;1808.4;1;10058953269;S
20240408;100113;1808.4;3;10058953270;S
20240408;100113;1808.4;3;10058953271;S
20240408;100113;1808.4;3;10058953272;S
20240408;100113;1808.4;1;10058953273;S
20240408;100113;1809.6;2;10058953284;B
20240408;100113;1808.4;12;10058953335;S
20240408;100113;1808.2;7;10058953336;S
20240408;100113;1809.4;7;10058953389;B
20240408;100113;1809.6;3;10058953390;B
20240408;100113;1808.4;11;10058953487;S
20240408;100113;1808.4;2;10058953511;S
20240408;100113;1808.2;11;10058953512;S
20240408;100113;1808;6;10058953513;S
20240408;100114;1809.2;11;10058953844;S
20240408;100114;1809.4;41;10058953904;B
20240408;100114;1809.4;59;10058953905;B
20240408;100114;1809.4;5;10058953930;B
20240408;100114;1809.4;10;10058953931;B
20240408;100114;1809.4;2;10058953939;B
20240408;100114;1809.2;11;10058954017;S
20240408;100114;1809.2;23;10058954021;S
20240408;100114;1809.6;1;10058954192;B
20240408;100114;1809.8;4;10058954193;B
20240408;100114;1809.2;11;10058954221;S
20240408;100115;1809.2;6;10058954369;S
20240408;100115;1809.2;11;10058954385;S
20240408;100115;1809.2;1;10058954401;S
20240408;100115;1809.6;5;10058954645;B
20240408;100116;1809.2;6;10058954723;S
20240408;100116;1809.2;11;10058954726;S
20240408;100116;1809.2;4;10058954754;S
20240408;100116;1809.2;11;10058954799;S
20240408;100116;1809.2;2;10058954842;S
20240408;100116;1809.6;1;10058954927;B
20240408;100117;1809.6;1;10058955147;B
20240408;100117;1809.2;6;10058955148;S
20240408;100117;1809.6;2;10058955217;B
20240408;100117;1809.8;3;10058955218;B
20240408;100117;1809.2;6;10058955219;S
20240408;100117;1809.2;8;10058955308;S
20240408;100118;1809.2;11;10058955393;S
20240408;100118;1809.8;4;10058955430;B
20240408;100118;1810;25;10058955431;B
20240408;100118;1810;67;10058955432;B
20240408;100118;1810.2;1;10058955433;B
20240408;100118;1810.2;3;10058955434;B
20240408;100118;1809.4;6;10058955438;S
20240408;100118;1809.2;6;10058955483;S
20240408;100118;1809.2;1;10058955506;S
20240408;100118;1809.2;54;10058955538;S
20240408;100118;1809.2;13;10058955539;S
20240408;100118;1808.4;18;10058955540;S
20240408;100118;1808.2;15;10058955541;S
20240408;100119;1808.4;6;10058955758;S
20240408;100119;1808.4;12;10058955771;S
20240408;100119;1808.4;3;10058955772;S
20240408;100119;1808.4;6;10058955824;S
20240408;100120;1808.4;6;10058955986;S
20240408;100120;1809.8;12;10058956000;B
20240408;100120;1809.8;13;10058956001;B
20240408;100120;1809.8;3;10058956099;B
20240408;100120;1808.4;11;10058956143;S
20240408;100121;1809.8;3;10058956295;B
20240408;100121;1809.8;25;10058956305;B
20240408;100121;1808.4;6;10058956349;S
20240408;100121;1809;1;10058956513;S
20240408;100121;1808.4;5;10058956514;S
20240408;100121;1809.4;13;10058956546;B
20240408;100121;1809.4;18;10058956547;B
20240408;100121;1809.6;26;10058956548;B
20240408;100121;1809.8;43;10058956549;B
20240408;100121;1809.6;10;10058956552;B
20240408;100121;1808.4;1;10058956700;S
20240408;100121;1808.4;2;10058956701;S
20240408;100121;1808.4;4;10058956702;S
20240408;100122;1809.8;13;10058956844;B
20240408;100122;1810;14;10058956845;B
20240408;100122;1810.2;67;10058956846;B
20240408;100122;1810.2;106;10058956847;B
20240408;100122;1808.8;1;10058956868;S
20240408;100122;1808.8;6;10058956901;S
20240408;100122;1808.8;6;10058956917;S
20240408;100122;1808.4;1;10058956918;S
20240408;100122;1808.4;6;10058956966;S
20240408;100122;1809.8;4;10058956981;B
20240408;100122;1810;67;10058956982;B
20240408;100122;1810.2;29;10058956983;B
20240408;100123;1809.8;7;10058957011;B
20240408;100123;1810;43;10058957012;B
20240408;100123;1809.2;4;10058957038;B
20240408;100123;1809.2;1;10058957047;B
20240408;100123;1808.4;6;10058957126;S
20240408;100123;1808.4;5;10058957171;S
20240408;100123;1808.4;1;10058957172;S
20240408;100123;1809;4;10058957227;B
20240408;100124;1808.4;6;10058957323;S
20240408;100124;1809;2;10058957382;B
20240408;100124;1809.2;2;10058957383;B
20240408;100125;1809;1;10058957513;B
20240408;100125;1809;4;10058957569;B
20240408;100125;1808.4;1;10058957584;S
20240408;100125;1809;6;10058957736;B
20240408;100125;1809.2;23;10058957748;B
20240408;100125;1809.2;6;10058957759;S
20240408;100126;1809.6;14;10058957787;B
20240408;100126;1809.8;1;10058957788;B
20240408;100126;1810;18;10058957789;B
20240408;100126;1810.4;1;10058957868;B
20240408;100126;1809.4;6;10058957902;S
20240408;100126;1809.4;6;10058957905;S
20240408;100126;1810.2;6;10058958035;B
20240408;100126;1810.4;66;10058958036;B
20240408;100126;1810.6;13;10058958037;B
20240408;100126;1810.6;5;10058958038;B
20240408;100127;1810.2;5;10058958143;B
20240408;100127;1810.2;1;10058958205;B
20240408;100128;1810.6;1;10058958361;B
20240408;100128;1809.6;10;10058958477;S
20240408;100128;1809.4;12;10058958478;S
20240408;100128;1809.4;18;10058958479;S
20240408;100128;1809.4;1;10058958480;S
20240408;100128;1809.4;15;10058958481;S
20240408;100128;1809.4;1;10058958580;S
20240408;100128;1810.2;1;10058958591;B
20240408;100128;1810.2;17;10058958651;B
20240408;100129;1810.4;6;10058958822;S
20240408;100129;1810.6;31;10058958979;B
20240408;100129;1810.8;1;10058959001;B
20240408;100129;1811;19;10058959002;B
20240408;100130;1811;11;10058959067;B
20240408;100130;1811;1;10058959068;B
20240408;100130;1811;67;10058959069;B
20240408;100130;1811;21;10058959070;B
20240408;100130;1811;21;10058959174;B
20240408;100131;1811.2;20;10058959392;B
20240408;100131;1811;11;10058959412;B
20240408;100131;1810.4;6;10058959423;S
20240408;100131;1811;56;10058959450;B
20240408;100131;1811;149;10058959451;B
20240408;100131;1811.4;1;10058959452;B
20240408;100131;1811.6;109;10058959453;B
20240408;100131;1811.6;138;10058959454;B
20240408;100131;1811.8;139;10058959455;B
20240408;100131;1811.8;20;10058959456;B
20240408;100131;1811.8;13;10058959457;B
20240408;100131;1812;1;10058959458;B
20240408;100131;1812;1;10058959459;B
20240408;100131;1812;90;10058959460;B
20240408;100131;1812;16;10058959461;B
20240408;100131;1812.2;440;10058959462;B
20240408;100131;1812.8;1;10058959463;B
20240408;100131;1812.8;226;10058959464;B
20240408;100132;1812.8;1;10058959625;B
20240408;100132;1812.8;7;10058959674;B
20240408;100132;1813;1;10058959675;B
20240408;100132;1813;10;10058959687;B
20240408;100132;1811.8;1;10058959743;S
20240408;100132;1813;1;10058959781;B
20240408;100132;1813;1;10058959824;B
20240408;100132;1813;5;10058959825;B
20240408;100132;1813.2;36;10058959826;B
20240408;100132;1813.2;8;10058959827;B
20240408;100132;1813.2;11;10058959927;S
20240408;100133;1813.4;2;10058959972;B
20240408;100133;1813.4;67;10058959973;B
20240408;100133;1813.4;31;10058959974;B
20240408;100133;1813.4;107;10058960135;B
20240408;100133;1813.4;93;10058960136;B
20240408;100133;1813.4;1;10058960149;B
20240408;100133;1813.4;2;10058960193;B
20240408;100134;1813.4;2;10058960394;B
20240408;100134;1813.6;25;10058960487;B
20240408;100135;1813.6;25;10058960561;B
20240408;100135;1813.6;6;10058960562;B
20240408;100135;1813.6;2;10058960711;B
20240408;100137;1813.8;1;10058961402;B
20240408;100138;1814;1;10058961593;B
20240408;100139;1814;1;10058961774;B
20240408;100139;1813.8;1;10058961879;S
20240408;100139;1813.4;10;10058961880;S
20240408;100139;1813.2;9;10058961881;S
20240408;100140;1814;1;10058962208;B
20240408;100140;1814;1;10058962255;B
20240408;100141;1813.2;5;10058962282;S
20240408;100141;1813.2;5;10058962283;S
20240408;100141;1813;2;10058962284;S
20240408;100141;1814;1;10058962327;B
20240408;100142;1813.8;10;10058962643;B
20240408;100142;1813.8;1;10058962792;B
20240408;100142;1813;6;10058962918;S
20240408;100143;1813;100;10058963098;S
20240408;100143;1813;1;10058963127;S
20240408;100145;1813.2;2;10058963703;B
20240408;100145;1813.6;14;10058963731;B
20240408;100145;1813.6;2;10058963983;B
20240408;100145;1813;6;10058963994;S
20240408;100146;1813;5;10058964152;S
20240408;100147;1813.6;15;10058964462;B
20240408;100147;1813.4;2;10058964481;B
20240408;100148;1813.2;40;10058964640;B
20240408;100148;1813.2;1;10058964745;B
20240408;100148;1813;6;10058964908;S
20240408;100149;1813.6;50;10058964946;B
20240408;100149;1813.4;1;10058964990;B
20240408;100149;1813;110;10058965066;S
20240408;100149;1813.6;2;10058965115;B
20240408;100149;1813.6;5;10058965175;B
20240408;100150;1813.6;3;10058965200;B
20240408;100150;1813.6;10;10058965314;B
20240408;100150;1813.6;2;10058965335;B
20240408;100150;1813.2;19;10058965375;S
20240408;100151;1813.6;126;10058965493;B
20240408;100151;1813.8;1;10058965494;B
20240408;100151;1814;22;10058965495;B
20240408;100151;1814;2;10058965496;B
20240408;100151;1814;100;10058965497;B
20240408;100151;1814;1;10058965498;B
20240408;100151;1814.2;1;10058965499;B
20240408;100151;1814.4;1;10058965500;B
20240408;100151;1814.4;2;10058965501;B
20240408;100151;1814.6;20;10058965502;B
20240408;100151;1814.6;67;10058965503;B
20240408;100151;1814.6;138;10058965504;B
20240408;100151;1814.8;80;10058965505;B
20240408;100151;1814.8;474;10058965506;B
20240408;100151;1814.8;500;10058965507;B
20240408;100151;1815;13;10058965508;B
20240408;100151;1815;50;10058965509;B
20240408;100151;1815;11;10058965510;B
20240408;100151;1815;10;10058965632;S
20240408;100151;1815.2;8;10058965682;B
20240408;100151;1815.2;16;10058965683;B
20240408;100151;1815.2;4;10058965684;B
20240408;100152;1815;1;10058965690;S
20240408;100152;1815.2;1;10058965704;B
20240408;100152;1815.4;8;10058965705;B
20240408;100152;1815.4;5;10058965722;B
20240408;100153;1815.4;2;10058965954;B
20240408;100153;1815.4;50;10058966014;B
20240408;100154;1815.4;11;10058966265;B
20240408;100154;1815.4;29;10058966266;B
20240408;100156;1815;1;10058966774;S
20240408;100156;1815.4;1;10058967001;B
20240408;100157;1815;94;10058967180;S
20240408;100157;1815;2;10058967245;S
20240408;100157;1815.4;1;10058967272;B
20240408;100157;1815;400;10058967301;S
20240408;100157;1815.4;45;10058967305;B
20240408;100157;1815.8;34;10058967306;B
20240408;100158;1815;202;10058967421;S
20240408;100159;1815;4;10058967630;S
20240408;100159;1815;165;10058967658;S
20240408;100159;1815.8;1;10058967672;B
20240408;100159;1815.8;30;10058967681;B
20240408;100159;1816;1;10058967682;B
20240408;100200;1815.8;4;10058967886;B
20240408;100200;1815.8;31;10058967987;B
20240408;100200;1815.8;1;10058967991;B
20240408;100201;1815.8;31;10058968235;B
20240408;100201;1815;5;10058968271;S
20240408;100201;1815;1;10058968399;S
20240408;100201;1815.8;5;10058968488;B
20240408;100201;1815.8;31;10058968519;B
20240408;100202;1815;1;10058968615;S
20240408;100202;1815.8;31;10058968695;B
20240408;100202;1815;55;10058968696;S
20240408;100202;1815.8;1;10058968703;B
20240408;100203;1815.2;5;10058968848;B
20240408;100203;1815.2;25;10058968951;B
20240408;100204;1815.2;31;10058969058;B
20240408;100204;1815.2;31;10058969157;B
20240408;100204;1815.2;1;10058969183;B
20240408;100205;1815;1200;10058969379;S
20240408;100205;1815.2;31;10058969411;B
20240408;100205;1815.2;1;10058969459;B
20240408;100205;1815.2;14;10058969517;B
20240408;100205;1815;10;10058969520;S
20240408;100206;1815.2;31;10058969680;B
20240408;100207;1815;1240;10058969954;S
20240408;100207;1815;60;10058969955;S
20240408;100207;1815;100;10058969956;S
20240408;100207;1815;67;10058969957;S
20240408;100207;1815;31;10058969975;B
20240408;100207;1814.4;1;10058970004;B
20240408;100208;1814.6;2;10058970079;B
20240408;100208;1814.6;31;10058970235;B
20240408;100209;1814.6;31;10058970440;B
20240408;100209;1814;10;10058970641;S
20240408;100209;1814;2;10058970642;S
20240408;100210;1814.4;1;10058970817;B
20240408;100210;1814;1;10058970840;S
20240408;100210;1814;13;10058970841;S
20240408;100210;1814;18;10058970842;S
20240408;100210;1813.8;3;10058970843;S
20240408;100210;1813.6;8;10058970844;S
20240408;100210;1813.6;68;10058970845;S
20240408;100210;1813.4;60;10058970846;S
20240408;100210;1813.4;7;10058970847;S
20240408;100210;1813.2;1;10058970848;S
20240408;100210;1813.2;71;10058970849;S
20240408;100211;1814;1;10058971036;B
20240408;100211;1813.4;3;10058971140;S
20240408;100211;1813.2;77;10058971141;S
20240408;100211;1813.2;50;10058971142;S
20240408;100211;1813.2;60;10058971143;S
20240408;100211;1813;2;10058971144;S
20240408;100212;1814;1;10058971269;B
20240408;100212;1814;16;10058971274;B
20240408;100212;1814;67;10058971275;B
20240408;100212;1814.2;67;10058971276;B
20240408;100212;1814.4;9;10058971277;B
20240408;100212;1814.6;60;10058971278;B
20240408;100212;1814.8;200;10058971279;B
20240408;100212;1814.8;81;10058971280;B
20240408;100212;1814.6;2;10058971334;B
20240408;100213;1814.6;25;10058971912;B
20240408;100214;1814.6;3;10058972336;B
20240408;100214;1814.6;2;10058972394;B
20240408;100214;1814.6;29;10058972422;B
20240408;100214;1814.6;2;10058972489;B
20240408;100214;1814.6;1;10058972611;B
20240408;100215;1814.6;31;10058972760;B
20240408;100216;1814.6;31;10058973191;B
20240408;100217;1814.6;9;10058973201;B
20240408;100217;1814.6;5;10058973209;B
20240408;100218;1814.6;2;10058973533;B
20240408;100218;1814.6;10;10058973588;B
20240408;100219;1814.6;5;10058973802;B
20240408;100219;1814.6;1;10058973810;B
20240408;100219;1814.6;44;10058973961;B
20240408;100219;1814.6;66;10058973962;B
20240408;100219;1814.6;1;10058973963;B
20240408;100219;1814.8;138;10058973964;B
20240408;100219;1815;251;10058973965;B
20240408;100219;1814.8;5;10058973969;B
20240408;100220;1814.4;2;10058974017;S
20240408;100220;1814;1;10058974018;S
20240408;100220;1814;60;10058974019;S
20240408;100220;1813.8;18;10058974020;S
20240408;100220;1813.8;66;10058974021;S
20240408;100220;1813.8;2;10058974022;S
20240408;100220;1813.6;13;10058974023;S
20240408;100220;1813.4;200;10058974024;S
20240408;100220;1813.2;36;10058974025;S
20240408;100222;1814;2;10058974679;S
20240408;100222;1813.6;1;10058974680;S
20240408;100222;1813.6;66;10058974681;S
20240408;100222;1813.4;12;10058974682;S
20240408;100222;1813.4;18;10058974683;S
20240408;100222;1813.4;60;10058974684;S
20240408;100222;1813.4;148;10058974685;S
20240408;100222;1813.2;23;10058974686;S
20240408;100223;1813.6;1;10058974819;S
20240408;100223;1813.2;141;10058974820;S
20240408;100223;1813.2;18;10058974821;S
20240408;100223;1813.2;60;10058974822;S
20240408;100223;1813;280;10058974823;S
20240408;100223;1814;1;10058974851;B
20240408;100223;1814;50;10058974893;B
20240408;100224;1813.2;1;10058975346;B
20240408;100224;1813.6;5;10058975483;B
20240408;100225;1813.6;1;10058976421;B
20240408;100226;1813.6;1;10058976793;B
20240408;100227;1813.6;1;10058977121;B
20240408;100227;1813.6;3;10058977356;B
20240408;100227;1813.6;3;10058977399;B
20240408;100228;1813.6;4;10058977698;B
20240408;100228;1814;67;10058977701;B
20240408;100228;1814;1;10058977899;S
20240408;100229;1814.2;2;10058977968;B
20240408;100229;1814.4;1;10058978074;B
20240408;100231;1814;1;10058978671;S
20240408;100232;1814.4;1;10058978871;B
20240408;100232;1814.4;3;10058978872;B
20240408;100232;1814.4;57;10058978883;B
20240408;100232;1814.4;3;10058978884;B
20240408;100233;1814.4;1;10058979169;B
20240408;100233;1814.4;2;10058979193;B
20240408;100233;1814.4;2;10058979202;B
20240408;100234;1814.6;1;10058979649;B
20240408;100237;1814;31;10058980461;S
20240408;100237;1814;9;10058980462;S
20240408;100237;1814.4;2;10058980507;B
20240408;100238;1814.2;2;10058981056;B
20240408;100238;1814.2;55;10058981105;B
20240408;100239;1814.2;1;10058981294;B
20240408;100239;1814.2;1;10058981306;B
20240408;100239;1814.2;1;10058981404;B
20240408;100239;1814;8;10058981436;S
20240408;100241;1814;113;10058981984;S
20240408;100241;1814;1;10058981985;S
20240408;100241;1814;1;10058981986;S
20240408;100241;1814;2;10058981987;S
20240408;100241;1814;1;10058981988;S
20240408;100241;1813.8;60;10058981989;S
20240408;100241;1813.6;1;10058981990;S
20240408;100241;1813.6;4;10058981991;S
20240408;100241;1813.6;1;10058981992;S
20240408;100241;1813.6;60;10058981993;S
20240408;100241;1813.4;148;10058981994;S
20240408;100241;1813.2;10;10058981995;S
20240408;100241;1813.2;18;10058981996;S
20240408;100241;1813.2;36;10058981997;S
20240408;100241;1813;161;10058981998;S
20240408;100241;1813;50;10058982184;S
20240408;100241;1813;20;10058982207;S
20240408;100242;1814;10;10058982218;B
20240408;100242;1814;1;10058982308;B
20240408;100242;1813;3;10058982452;S
20240408;100244;1814;2;10058982887;B
20240408;100244;1814;5;10058982976;B
20240408;100245;1813.2;10;10058983076;S
20240408;100245;1813.8;11;10058983119;B
20240408;100245;1813.8;1;10058983154;B
20240408;100245;1813.8;2;10058983252;B
20240408;100247;1813.6;3;10058983792;B
20240408;100247;1813.6;1;10058983932;B
20240408;100248;1813.2;38;10058984327;S
20240408;100248;1813;192;10058984328;S
20240408;100249;1813.6;1;10058984504;B
20240408;100250;1813.6;1;10058984778;B
20240408;100250;1813.6;1;10058985073;B
20240408;100250;1813.6;2;10058985116;B
20240408;100251;1813;3;10058985194;S
20240408;100251;1813.6;4;10058985196;B
20240408;100251;1813;6;10058985247;S
20240408;100251;1813;47;10058985248;S
20240408;100251;1813;1;10058985249;S
20240408;100251;1813;1;10058985250;S
20240408;100251;1813;45;10058985251;S
20240408;100251;1813.6;2;10058985344;B
20240408;100251;1813.8;1;10058985374;B
20240408;100252;1813.8;3;10058985535;B
20240408;100252;1814;5;10058985536;B
20240408;100252;1814;23;10058985537;B
20240408;100252;1813.8;16;10058985685;B
20240408;100253;1814.6;1;10058985832;B
20240408;100253;1814.6;3;10058985967;B
20240408;100253;1814.6;4;10058985972;B
20240408;100253;1814.8;28;10058985973;B
20240408;100254;1814.8;1;10058986160;B
20240408;100255;1814.2;1;10058986548;S
20240408;100257;1814.6;1;10058987164;B
20240408;100257;1814.8;19;10058987165;B
20240408;100257;1815;6;10058987251;B
20240408;100257;1814.2;5;10058987381;S
20240408;100258;1814.6;5;10058987803;B
20240408;100258;1814.8;67;10058987804;B
20240408;100258;1815;78;10058987805;B
20240408;100258;1814.6;148;10058987865;B
20240408;100258;1814.8;2;10058987866;B
20240408;100258;1814.8;65;10058987886;B
20240408;100258;1815;85;10058987887;B
20240408;100258;1814.4;148;10058987918;S
20240408;100258;1814.8;10;10058987929;B
20240408;100259;1814.8;1;10058988119;B
20240408;100300;1814.8;1;10058988364;B
20240408;100300;1814.2;3;10058988440;S
20240408;100300;1814.8;10;10058988513;B
20240408;100301;1814.2;7;10058988935;S
20240408;100301;1814.2;2;10058988991;S
20240408;100301;1814.2;8;10058988992;S
20240408;100303;1814.8;5;10058989650;B
20240408;100303;1814.8;40;10058989673;B
20240408;100303;1814.8;3;10058989674;B
20240408;100303;1814.8;70;10058989675;B
20240408;100303;1814.8;1;10058989676;B
20240408;100303;1815;886;10058989677;B
20240408;100304;1814.2;1;10058989920;S
20240408;100304;1814.8;2;10058989968;B
20240408;100304;1814.8;1;10058989972;B
20240408;100305;1814.2;1;10058990288;S
20240408;100305;1814.2;35;10058990289;S
20240408;100306;1814.4;15;10058990361;B
20240408;100306;1814.4;1;10058990687;B
20240408;100307;1814.4;5;10058990708;B
20240408;100307;1814;31;10058990765;S
20240408;100307;1814.4;14;10058990829;B
20240408;100308;1814.4;36;10058991142;B
20240408;100308;1814.6;61;10058991143;B
20240408;100308;1814.8;3;10058991144;B
20240408;100309;1814.4;1;10058991506;S
20240408;100310;1814.4;5;10058991849;S
20240408;100311;1814.8;3;10058992286;B
20240408;100311;1814.8;7;10058992287;B
20240408;100312;1814.8;1;10058992398;B
20240408;100312;1814.2;35;10058992438;S
20240408;100312;1814.2;10;10058992439;S
20240408;100312;1814.2;55;10058992440;S
20240408;100314;1814.6;5;10058992986;S
20240408;100314;1814.6;148;10058993164;S
20240408;100314;1814.6;148;10058993167;S
20240408;100315;1814.8;102;10058993217;B
20240408;100315;1814.8;1;10058993218;B
20240408;100315;1814.8;2;10058993219;B
20240408;100315;1815;157;10058993220;B
20240408;100315;1815;39;10058993236;B
20240408;100320;1814.8;1;10058995503;B
20240408;100321;1814.6;2;10058995806;S
20240408;100323;1814.8;7;10058996306;B
20240408;100323;1814.8;1;10058996451;B
20240408;100323;1814.8;3;10058996452;B
20240408;100323;1815;60;10058996453;B
20240408;100323;1815;4;10058996454;B
20240408;100323;1815;13;10058996455;B
20240408;100323;1815;1800;10058996456;B
20240408;100323;1815;100;10058996457;B
20240408;100323;1815;60;10058996458;B
20240408;100323;1815;60;10058996459;B
20240408;100323;1815.2;60;10058996460;B
20240408;100323;1815.2;148;10058996461;S
20240408;100323;1815.2;148;10058996462;S
20240408;100323;1815.2;148;10058996463;S
20240408;100323;1815.2;2;10058996464;S
20240408;100324;1815.4;10;10058996613;B
20240408;100324;1815.4;50;10058996614;B
20240408;100324;1815.8;26;10058996615;B
20240408;100324;1815.8;1;10058996708;B
20240408;100325;1815.8;3;10058997007;B
20240408;100326;1815.2;100;10058997193;S
20240408;100326;1815.8;20;10058997262;B
20240408;100327;1815.8;1;10058997391;B
20240408;100327;1815.8;4;10058997573;B
20240408;100327;1816;166;10058997574;B
20240408;100327;1816;1;10058997575;B
20240408;100327;1816;1;10058997576;B
20240408;100327;1816;16;10058997577;B
20240408;100327;1816;60;10058997578;B
20240408;100327;1816;52;10058997579;B
20240408;100327;1816.4;20;10058997583;B
20240408;100328;1816.4;5;10058997838;B
20240408;100328;1816.4;4;10058997841;B
20240408;100328;1816.4;2;10058997855;B
20240408;100328;1816.4;20;10058997878;B
20240408;100328;1816.4;1;10058997879;B
20240408;100329;1816.4;20;10058998150;B
20240408;100330;1815.8;17;10058998309;S
20240408;100330;1816.4;1;10058998315;B
20240408;100330;1816.4;20;10058998421;B
20240408;100331;1816.2;1;10058998646;B
20240408;100331;1816.4;19;10058998647;B
20240408;100332;1816.4;137;10058998840;B
20240408;100332;1816.4;20;10058998899;B
20240408;100333;1816.4;20;10058999109;B
20240408;100333;1816.4;1;10058999187;B
20240408;100333;1816.4;20;10058999197;B
20240408;100334;1815.8;1;10058999384;S
20240408;100334;1816.4;11;10058999434;B
20240408;100334;1816.4;9;10058999435;B
20240408;100336;1816.4;1;10058999856;B
20240408;100336;1816;30;10058999896;S
20240408;100336;1816;2;10058999961;S
20240408;100336;1816;18;10058999975;S
20240408;100336;1816;59;10058999976;S
20240408;100336;1815.8;18;10058999977;S
20240408;100336;1815.8;5;10058999978;S
20240408;100337;1816.4;3;10059000151;B
20240408;100338;1816.4;4;10059000326;B
20240408;100338;1816.6;1;10059000327;B
20240408;100338;1816.6;15;10059000328;B
20240408;100339;1815.8;2;10059000683;S
20240408;100340;1816.4;1;10059000971;B
20240408;100340;1816.6;9;10059000972;B
20240408;100340;1816.6;9;10059001082;B
20240408;100340;1816.8;46;10059001083;B
20240408;100341;1815.8;11;10059001280;S
20240408;100341;1815.6;7;10059001318;S
20240408;100343;1816.4;1;10059001898;S
20240408;100343;1816;5;10059001899;S
20240408;100343;1815.8;24;10059001900;S
20240408;100343;1815.8;1;10059001990;B
20240408;100343;1815.8;10;10059002082;B
20240408;100344;1815.8;1;10059002192;B
20240408;100344;1815.8;20;10059002336;B
20240408;100344;1815.8;5;10059002342;B
20240408;100344;1815.8;10;10059002346;B
20240408;100345;1815.6;1;10059002513;S
20240408;100345;1815.8;1;10059002565;B
20240408;100345;1815.6;2;10059002611;S
20240408;100345;1815.6;2;10059002612;S
20240408;100345;1815.6;1;10059002613;S
20240408;100345;1815.4;20;10059002614;S
20240408;100345;1815.8;5;10059002630;B
20240408;100346;1815.8;1;10059002736;B
20240408;100346;1815.8;6;10059002790;B
20240408;100346;1816.2;4;10059002791;B
20240408;100346;1816.2;2;10059002798;B
20240408;100347;1816.4;1;10059002902;B
20240408;100348;1816.4;10;10059003189;B
20240408;100350;1815.4;1;10059003580;S
20240408;100350;1815.2;59;10059003581;S
20240408;100350;1815.4;10;10059003613;S
20240408;100350;1815.2;40;10059003614;S
20240408;100352;1815.2;194;10059004146;S
20240408;100352;1815.2;6;10059004147;S
20240408;100352;1816;1;10059004196;B
20240408;100353;1815.2;12;10059004400;S
20240408;100353;1815;5;10059004401;S
20240408;100353;1815;55;10059004402;S
20240408;100353;1815;1;10059004403;S
20240408;100353;1815;8;10059004404;S
20240408;100353;1814.6;119;10059004405;S
20240408;100354;1816;5;10059004465;B
20240408;100354;1816;13;10059004466;B
20240408;100354;1816;8;10059004467;B
20240408;100354;1815.8;1;10059004569;B
20240408;100354;1815;30;10059004680;S
20240408;100357;1815;10;10059005402;S
20240408;100357;1815;13;10059005403;S
20240408;100357;1815.8;11;10059005494;B
20240408;100357;1815.8;8;10059005495;B
20240408;100358;1816.2;1;10059005735;B
20240408;100358;1816.2;9;10059005738;B
20240408;100358;1816.2;13;10059005739;B
20240408;100358;1816.2;60;10059005740;B
20240408;100358;1816.2;60;10059005741;B
20240408;100358;1816.6;8;10059005742;B
20240408;100358;1816.4;5;10059005919;B
20240408;100359;1816.2;15;10059006192;B
20240408;100359;1816.4;1;10059006193;B
20240408;100400;1816.4;32;10059006255;B
20240408;100400;1815.8;1;10059006264;S
20240408;100400;1816.6;1;10059006399;B
20240408;100401;1815.8;1;10059006579;S
20240408;100402;1816.6;2;10059006772;B
20240408;100402;1816.4;6;10059006912;S
20240408;100402;1816;4;10059006913;S
20240408;100402;1816;2;10059006914;S
20240408;100403;1816;50;10059007058;B
20240408;100405;1816;1;10059007570;B
20240408;100406;1816;1;10059007896;B
20240408;100407;1815.8;10;10059008086;S
20240408;100407;1815.8;13;10059008087;S
20240408;100407;1815.4;18;10059008088;S
20240408;100407;1815.2;2;10059008089;S
20240408;100407;1815.2;6;10059008090;S
20240408;100407;1815.8;1;10059008145;B
20240408;100407;1815.8;4;10059008147;B
20240408;100408;1815;9;10059008390;S
20240408;100408;1815;1;10059008391;S
20240408;100408;1815.8;13;10059008536;B
20240408;100408;1816;7;10059008537;B
20240408;100409;1816;5;10059008607;B
20240408;100409;1815;5;10059008881;S
20240408;100409;1815;2;10059008882;S
20240408;100410;1816;1;10059009078;B
20240408;100410;1815;3;10059009110;S
20240408;100410;1815;100;10059009111;S
20240408;100410;1815;2;10059009112;S
20240408;100410;1815;15;10059009113;S
20240408;100410;1815;18;10059009114;S
20240408;100410;1815;5;10059009115;S
20240408;100410;1815;1;10059009116;S
20240408;100410;1815;54;10059009117;S
20240408;100410;1815;2;10059009118;S
20240408;100410;1814.8;13;10059009119;S
20240408;100410;1814.8;60;10059009120;S
20240408;100410;1814.8;60;10059009121;S
20240408;100410;1814.6;197;10059009122;S
20240408;100410;1815;1;10059009177;S
20240408;100411;1815.8;1;10059009253;B
20240408;100411;1815.8;17;10059009265;B
20240408;100411;1815.8;60;10059009266;B
20240408;100411;1816;13;10059009267;B
20240408;100411;1816;5;10059009303;B
20240408;100411;1816;5;10059009359;B
20240408;100411;1816;13;10059009360;B
20240408;100411;1816;3;10059009361;B
20240408;100411;1816.2;11;10059009362;B
20240408;100411;1815.2;3;10059009386;S
20240408;100411;1815.2;5;10059009413;S
20240408;100412;1816;2;10059009547;B
20240408;100413;1816;1;10059009720;B
20240408;100414;1815.8;1;10059010103;S
20240408;100414;1815.2;10;10059010104;S
20240408;100414;1815.2;3;10059010105;S
20240408;100416;1815.2;10;10059010503;S
20240408;100416;1816.2;5;10059010511;B
20240408;100418;1816.2;13;10059010898;B
20240408;100418;1816.2;2;10059010899;B
20240408;100419;1815.2;14;10059011148;S
20240408;100419;1815.2;10;10059011314;S
20240408;100419;1816.2;1;10059011381;B
20240408;100422;1816.6;17;10059012173;B
20240408;100422;1816.8;33;10059012174;B
20240408;100422;1816.2;2;10059012278;S
20240408;100423;1816.2;1;10059012555;S
20240408;100424;1816.8;5;10059012698;B
20240408;100425;1816.8;5;10059013003;B
20240408;100426;1816.2;1;10059013316;S
20240408;100426;1816.2;1;10059013339;S
20240408;100426;1816.2;4;10059013340;S
20240408;100426;1816.8;2;10059013394;B
20240408;100427;1816.8;1;10059013673;B
20240408;100427;1816.8;8;10059013729;B
20240408;100427;1816.8;2;10059013730;B
20240408;100427;1816.8;2;10059013731;B
20240408;100427;1817;4;10059013732;B
20240408;100428;1817;1;10059013747;B
20240408;100428;1817.2;5;10059013748;B
20240408;100428;1817.4;3;10059013774;B
20240408;100428;1817.4;1;10059013945;B
20240408;100430;1817.2;1;10059014472;B
20240408;100431;1817.4;1;10059014620;B
20240408;100431;1816.4;18;10059014728;S
20240408;100431;1816.2;13;10059014729;S
20240408;100431;1816.2;19;10059014730;S
20240408;100432;1817.2;2;10059014873;B
20240408;100432;1817.2;11;10059014932;B
20240408;100432;1817.2;9;10059014933;B
20240408;100432;1817.2;4;10059015161;B
20240408;100433;1817.2;5;10059015276;B
20240408;100433;1817.2;15;10059015277;B
20240408;100434;1817.2;4;10059015438;B
20240408;100434;1817.2;20;10059015602;B
20240408;100435;1817.2;20;10059015796;B
20240408;100435;1816.2;5;10059015812;S
20240408;100435;1817;5;10059015888;B
20240408;100435;1817.6;2;10059015903;B
20240408;100435;1817.6;1;10059015904;B
20240408;100436;1817;40;10059016017;S
20240408;100436;1817.4;3;10059016179;B
20240408;100437;1817.8;1;10059016273;B
20240408;100437;1817.8;10;10059016550;B
20240408;100439;1817;15;10059016956;S
20240408;100439;1816.8;14;10059016957;S
20240408;100442;1817.2;3;10059017712;B
20240408;100442;1817.2;1;10059017713;B
20240408;100442;1817.4;1;10059017860;B
20240408;100442;1817;1;10059017861;S
20240408;100443;1816.8;3;10059017948;S
20240408;100443;1816.6;13;10059017949;S
20240408;100443;1816.4;18;10059017950;S
20240408;100443;1816.2;1;10059017951;S
20240408;100443;1816.2;60;10059017952;S
20240408;100443;1816.2;1;10059017953;S
20240408;100443;1816.2;148;10059017954;S
20240408;100443;1816.2;51;10059017955;S
20240408;100443;1816;4;10059017956;S
20240408;100443;1816;1;10059017977;S
20240408;100443;1816.8;4;10059017999;B
20240408;100444;1816.8;1;10059018190;B
20240408;100444;1816.8;1;10059018325;B
20240408;100446;1816.8;5;10059018852;B
20240408;100447;1816.8;2;10059019197;B
20240408;100447;1816.8;5;10059019292;B
20240408;100448;1817;7;10059019492;B
20240408;100449;1817;1;10059019782;B
20240408;100449;1817;12;10059019855;B
20240408;100449;1817.2;51;10059019856;B
20240408;100449;1817.4;54;10059019857;B
20240408;100453;1817.6;50;10059020891;B
20240408;100454;1817.8;1;10059020971;B
20240408;100454;1817.4;21;10059021008;S
20240408;100454;1817;3;10059021009;S
20240408;100454;1817;18;10059021010;S
20240408;100454;1817.8;2;10059021057;B
20240408;100454;1817.8;68;10059021085;B
20240408;100454;1817;1;10059021138;S
20240408;100455;1817.8;4;10059021255;B
20240408;100456;1817;4;10059021642;S
20240408;100459;1817.4;50;10059022523;B
20240408;100459;1817.6;10;10059022524;B
20240408;100459;1817;7;10059022561;S
20240408;100459;1817;5;10059022562;S
20240408;100459;1817;1;10059022563;S
20240408;100459;1816.8;18;10059022564;S
20240408;100459;1816.8;7;10059022565;S
20240408;100459;1816.8;12;10059022566;S
20240408;100500;1817.4;18;10059022962;B
20240408;100500;1817.4;60;10059022963;B
20240408;100500;1817.4;60;10059022964;B
20240408;100500;1817.6;24;10059022965;B
20240408;100500;1817.6;13;10059022966;B
20240408;100500;1817.6;50;10059022967;B
20240408;100500;1817.8;108;10059022968;B
20240408;100501;1816.8;3;10059023127;S
20240408;100501;1816.8;9;10059023128;S
20240408;100501;1816.8;9;10059023226;S
20240408;100501;1816.6;1;10059023227;S
20240408;100503;1816.8;7;10059023721;S
20240408;100506;1817;100;10059024587;S
20240408;100507;1817.4;4;10059024830;B
20240408;100507;1817;5;10059025043;S
20240408;100509;1817.2;1;10059025590;B
20240408;100509;1817.4;5;10059025591;B
20240408;100509;1817.6;50;10059025592;B
20240408;100509;1817.8;44;10059025593;B
20240408;100509;1817;18;10059025613;S
20240408;100509;1816.8;32;10059025614;S
20240408;100510;1817.6;9;10059025932;B
20240408;100510;1817.8;1;10059025933;B
20240408;100510;1817.6;18;10059025992;B
20240408;100510;1817.8;7;10059025993;B
20240408;100511;1817.8;3;10059026339;B
20240408;100511;1817.8;2;10059026373;B
20240408;100511;1817.8;6;10059026438;B
20240408;100511;1817.8;1;10059026478;B
20240408;100512;1817.8;10;10059026576;B
20240408;100512;1817.8;151;10059026591;B
20240408;100513;1817.8;1;10059026697;B
20240408;100513;1817.8;3;10059026799;B
20240408;100513;1817.8;1;10059026833;B
20240408;100513;1817.8;14;10059026837;B
20240408;100513;1817.8;168;10059027040;B
20240408;100513;1817.8;300;10059027041;B
20240408;100513;1817.8;6;10059027042;B
20240408;100513;1817.8;1;10059027043;B
20240408;100513;1818;1;10059027044;B
20240408;100513;1818;1;10059027045;B
20240408;100513;1818;1;10059027046;B
20240408;100513;1818;2;10059027047;B
20240408;100513;1818;10;10059027048;B
20240408;100513;1818;9;10059027049;B
20240408;100513;1818;1;10059027050;B
20240408;100513;1818;2;10059027051;B
20240408;100513;1818;7;10059027052;B
20240408;100513;1818;1;10059027053;B
20240408;100513;1818;2;10059027054;B
20240408;100513;1818;3;10059027055;B
20240408;100513;1818;35;10059027056;B
20240408;100514;1818;2;10059027081;B
20240408;100514;1818;1;10059027082;B
20240408;100514;1818;10;10059027083;B
20240408;100514;1818;10;10059027084;B
20240408;100514;1818;2;10059027085;B
20240408;100514;1818;1;10059027086;B
20240408;100514;1818;94;10059027087;B
20240408;100514;1818;6;10059027167;B
20240408;100514;1818;20;10059027168;B
20240408;100514;1818.2;35;10059027169;B
20240408;100514;1818.4;49;10059027170;B
20240408;100514;1818.6;13;10059027171;B
20240408;100514;1818.8;195;10059027172;B
20240408;100514;1818.8;60;10059027173;B
20240408;100514;1819;66;10059027174;B
20240408;100514;1819;45;10059027175;B
20240408;100514;1819;1;10059027176;B
20240408;100514;1819;50;10059027177;B
20240408;100514;1819.2;148;10059027178;B
20240408;100514;1819.4;20;10059027179;B
20240408;100514;1819.6;200;10059027180;B
20240408;100514;1819.6;347;10059027181;B
20240408;100514;1819.8;2;10059027182;B
20240408;100514;1819.8;600;10059027183;B
20240408;100514;1819.8;60;10059027184;B
20240408;100514;1820;1;10059027185;B
20240408;100514;1820;25;10059027186;B
20240408;100514;1820;7;10059027187;B
20240408;100514;1820;15;10059027188;B
20240408;100514;1820;5;10059027189;B
20240408;100514;1820;1;10059027190;B
20240408;100514;1820;167;10059027191;B
20240408;100514;1820;11;10059027192;B
20240408;100514;1820;5;10059027193;B
20240408;100514;1820.4;15;10059027194;B
20240408;100514;1820.4;600;10059027195;B
20240408;100514;1821;1;10059027196;B
20240408;100514;1821.6;250;10059027197;B
20240408;100514;1822;1;10059027198;B
20240408;100514;1822;15;10059027199;B
20240408;100514;1822;2;10059027200;B
20240408;100514;1822;2;10059027201;B
20240408;100514;1822;600;10059027202;B
20240408;100514;1822.2;40;10059027203;B
20240408;100514;1822.6;1;10059027204;B
20240408;100514;1822.6;4;10059027205;B
20240408;100514;1822.8;4;10059027206;B
20240408;100514;1822.8;132;10059027207;B
20240408;100514;1823;430;10059027208;B
20240408;100514;1823.2;275;10059027209;B
20240408;100514;1823.4;474;10059027210;B
20240408;100514;1820.2;16;10059027212;S
20240408;100514;1820.2;2;10059027215;S
20240408;100514;1820.2;14;10059027216;S
20240408;100514;1820.2;8;10059027217;S
20240408;100514;1820.4;11;10059027218;S
20240408;100514;1820.2;18;10059027219;S
20240408;100514;1820.2;43;10059027220;S
20240408;100514;1820.2;17;10059027221;S
20240408;100514;1820.2;7;10059027222;S
20240408;100514;1820.4;18;10059027225;S
20240408;100514;1820.2;53;10059027226;S
20240408;100514;1820.2;21;10059027227;S
20240408;100514;1821.2;3;10059027241;B
20240408;100514;1821.2;10;10059027243;B
20240408;100514;1820.8;20;10059027252;B
20240408;100514;1820.8;1;10059027259;B
20240408;100514;1820.8;20;10059027276;B
20240408;100514;1820.4;8;10059027290;S
20240408;100514;1820.4;40;10059027291;S
20240408;100514;1820.8;20;10059027295;B
20240408;100514;1820.8;20;10059027319;B
20240408;100514;1820.6;68;10059027320;S
20240408;100514;1820.8;20;10059027338;B
20240408;100514;1820.8;40;10059027344;B
20240408;100514;1820.8;7;10059027345;B
20240408;100514;1821;5;10059027346;B
20240408;100514;1820.8;100;10059027349;B
20240408;100514;1821;51;10059027350;B
20240408;100514;1821.2;18;10059027351;B
20240408;100514;1821.2;14;10059027352;B
20240408;100514;1821.4;60;10059027353;B
20240408;100514;1821.4;49;10059027354;B
20240408;100514;1822;20;10059027367;B
20240408;100514;1822;1;10059027402;B
20240408;100514;1822;10;10059027403;B
20240408;100515;1822;20;10059027413;B
20240408;100515;1820.8;1;10059027417;S
20240408;100515;1821.6;18;10059027444;B
20240408;100515;1821.6;2;10059027445;B
20240408;100515;1821.4;10;10059027460;B
20240408;100515;1821.4;8;10059027461;B
20240408;100515;1820.8;1;10059027469;S
20240408;100515;1821.4;1;10059027488;B
20240408;100515;1821.4;20;10059027518;B
20240408;100515;1821.4;30;10059027523;B
20240408;100515;1821.4;18;10059027542;B
20240408;100515;1821.8;30;10059027557;B
20240408;100515;1821.8;20;10059027566;B
20240408;100515;1821.8;20;10059027581;B
20240408;100515;1821.8;20;10059027605;B
20240408;100515;1821;1;10059027608;S
20240408;100515;1821.8;20;10059027617;B
20240408;100515;1821.8;20;10059027635;B
20240408;100515;1822;50;10059027649;B
20240408;100515;1822;6;10059027668;B
20240408;100515;1822;19;10059027670;B
20240408;100515;1821;26;10059027675;S
20240408;100515;1820.8;17;10059027676;S
20240408;100515;1820.8;13;10059027677;S
20240408;100515;1820.6;60;10059027678;S
20240408;100515;1820.6;200;10059027679;S
20240408;100515;1820.6;60;10059027680;S
20240408;100515;1820.4;24;10059027681;S
20240408;100516;1820.6;18;10059027703;S
20240408;100516;1820.4;157;10059027704;S
20240408;100516;1820.2;51;10059027705;S
20240408;100517;1820.4;18;10059027977;S
20240408;100517;1820.4;60;10059027978;S
20240408;100517;1820.4;90;10059027979;S
20240408;100517;1820.2;38;10059027980;S
20240408;100517;1820.2;46;10059027981;S
20240408;100517;1821.4;1;10059028134;B
20240408;100518;1820.6;5;10059028330;S
20240408;100518;1820.4;13;10059028331;S
20240408;100521;1821.2;1;10059029121;B
20240408;100521;1821.2;2;10059029233;B
20240408;100522;1820.4;1;10059029308;S
20240408;100522;1820.2;1;10059029426;S
20240408;100522;1820.2;2;10059029495;S
20240408;100523;1821.2;3;10059029711;B
20240408;100523;1821.2;2;10059029730;B
20240408;100524;1821.2;2;10059030195;B
20240408;100525;1820.2;150;10059030239;S
20240408;100525;1820.2;1;10059030376;S
20240408;100525;1821.2;5;10059030445;B
20240408;100526;1820.2;15;10059030589;S
20240408;100526;1820.2;8;10059030621;S
20240408;100527;1821.2;2;10059030754;B
20240408;100528;1821.2;1;10059030986;B
20240408;100528;1821.2;2;10059030987;B
20240408;100528;1821;6;10059031000;B
20240408;100528;1821;3;10059031155;B
20240408;100528;1821;9;10059031172;B
20240408;100528;1821;1;10059031173;B
20240408;100529;1820.2;1;10059031343;S
20240408;100529;1820;10;10059031344;S
20240408;100529;1820;29;10059031345;S
20240408;100530;1819.8;3;10059031535;S
20240408;100531;1819.8;15;10059031902;S
20240408;100531;1819.8;5;10059031903;S
20240408;100531;1819.6;14;10059031972;S
20240408;100532;1820.8;5;10059032109;B
20240408;100533;1820;1;10059032322;S
20240408;100533;1819.6;4;10059032323;S
20240408;100533;1819.6;3;10059032324;S
20240408;100533;1820.4;3;10059032383;B
20240408;100534;1820.4;15;10059032542;B
20240408;100534;1820.4;13;10059032543;B
20240408;100534;1820.8;28;10059032544;B
20240408;100534;1819.6;13;10059032550;S
20240408;100534;1819.6;7;10059032551;S
20240408;100534;1819.6;5;10059032635;S
20240408;100534;1820.6;9;10059032716;B
20240408;100537;1820.6;1;10059033728;B
20240408;100537;1820.6;1;10059033757;B
20240408;100540;1820.6;7;10059034755;B
20240408;100540;1820.8;3;10059034756;B
20240408;100540;1820.8;1;10059034762;B
20240408;100541;1820.8;9;10059035162;B
20240408;100541;1821;18;10059035163;B
20240408;100541;1821.2;44;10059035164;B
20240408;100541;1821.4;29;10059035165;B
20240408;100543;1821.2;1;10059035930;B
20240408;100543;1821.2;2;10059035945;B
20240408;100544;1821.2;1;10059036266;B
20240408;100545;1821.2;6;10059036317;B
20240408;100545;1821.2;22;10059036318;B
20240408;100545;1821.4;5;10059036428;B
20240408;100546;1821.4;6;10059036781;B
20240408;100546;1821.4;50;10059036823;B
20240408;100548;1821;2;10059037379;S
20240408;100548;1821.4;10;10059037449;B
20240408;100548;1821.4;60;10059037450;B
20240408;100548;1821.6;148;10059037451;B
20240408;100548;1821.8;60;10059037452;B
20240408;100548;1821.8;112;10059037453;B
20240408;100549;1821.6;1;10059037541;B
20240408;100549;1821;3;10059037804;S
20240408;100550;1821.6;1;10059038081;B
20240408;100550;1821;1;10059038087;S
20240408;100552;1821.6;43;10059038564;B
20240408;100552;1821.6;29;10059038565;B
20240408;100552;1821.8;128;10059038566;B
20240408;100553;1821.6;20;10059038845;S
20240408;100554;1821.6;50;10059038963;S
20240408;100555;1821.8;1;10059039503;B
20240408;100558;1821.8;1;10059040338;B
20240408;100558;1821.6;25;10059040449;S
20240408;100559;1821.8;1;10059040579;B
20240408;100559;1821.6;1;10059040693;S
20240408;100600;1821.8;7;10059041045;B
20240408;100600;1821.8;2;10059041046;B
20240408;100600;1822;11;10059041197;B
20240408;100600;1822;39;10059041246;B
20240408;100600;1822;33;10059041247;B
20240408;100600;1821.6;4;10059041253;S
20240408;100600;1821.6;6;10059041277;S
20240408;100601;1821.6;3;10059041318;S
20240408;100603;1821.8;2;10059041847;B
20240408;100605;1822;6;10059042619;B
20240408;100606;1821.8;3;10059042839;B
20240408;100606;1821.8;45;10059042840;B
20240408;100606;1822;2;10059042841;B
20240408;100607;1821.6;50;10059042968;S
20240408;100608;1822;3;10059043234;B
20240408;100608;1822;2;10059043246;B
20240408;100610;1821.6;5;10059043838;S
20240408;100611;1821.6;200;10059044056;S
20240408;100612;1821.8;2;10059044528;B
20240408;100612;1821.6;3;10059044716;S
20240408;100613;1822;1;10059044737;B
20240408;100613;1821.6;40;10059044785;S
20240408;100613;1821.6;3;10059044795;S
20240408;100614;1821.6;2;10059045071;S
20240408;100614;1821.6;541;10059045072;S
20240408;100614;1821.6;847;10059045073;S
20240408;100614;1821.6;1;10059045074;S
20240408;100614;1821;2;10059045142;S
20240408;100615;1821.6;45;10059045327;B
20240408;100615;1821.6;57;10059045328;B
20240408;100615;1821.8;335;10059045329;B
20240408;100615;1821.8;38;10059045330;B
20240408;100615;1821.8;1;10059045427;B
20240408;100616;1821.8;1;10059045662;B
20240408;100616;1821.8;5;10059045676;B
20240408;100616;1821.6;1;10059045721;S
20240408;100617;1821.8;10;10059045803;B
20240408;100618;1821.6;3;10059046109;B
20240408;100618;1821.6;10;10059046204;B
20240408;100619;1821.8;1;10059046282;B
20240408;100619;1821.8;1;10059046291;B
20240408;100620;1821.4;1;10059046517;B
20240408;100620;1821.6;49;10059046518;B
20240408;100620;1821;1;10059046550;S
20240408;100621;1821.4;10;10059046733;B
20240408;100621;1821.6;1;10059046766;B
20240408;100621;1821.6;2;10059046781;B
20240408;100622;1821.6;5;10059046920;B
20240408;100624;1821.4;1;10059047519;B
20240408;100624;1821.4;8;10059047520;B
20240408;100625;1821.2;1;10059047707;B
20240408;100625;1821.6;1;10059047708;B
20240408;100625;1821.6;20;10059047780;B
20240408;100626;1821.4;5;10059047946;B
20240408;100626;1821.4;1;10059047959;B
20240408;100628;1821.4;18;10059048642;B
20240408;100628;1821.4;1;10059048655;B
20240408;100629;1821.4;27;10059048722;B
20240408;100629;1821.2;1;10059048732;S
20240408;100629;1821.2;4;10059048733;S
20240408;100629;1821;8;10059048734;S
20240408;100629;1821;2;10059048735;S
20240408;100629;1821;10;10059048736;S
20240408;100629;1821;2;10059048737;S
20240408;100629;1821;14;10059048738;S
20240408;100629;1821.2;3;10059048912;B
20240408;100630;1821.4;1;10059048992;B
20240408;100631;1820.8;1;10059049217;S
20240408;100631;1821.4;1;10059049257;B
20240408;100631;1821.4;1;10059049341;B
20240408;100632;1821.2;1;10059049573;B
20240408;100634;1820.6;13;10059049822;S
20240408;100634;1820.6;12;10059049823;S
20240408;100634;1821.2;1;10059049830;B
20240408;100634;1821.2;1;10059049972;B
20240408;100636;1821;1;10059050475;B
20240408;100636;1821.2;4;10059050476;B
20240408;100637;1821.2;7;10059050547;B
20240408;100637;1821.2;1;10059050548;B
20240408;100637;1821.2;2;10059050549;B
20240408;100638;1821.2;1;10059050974;B
20240408;100639;1821;1;10059050977;S
20240408;100639;1821.2;1;10059050994;B
20240408;100640;1821.2;4;10059051500;B
20240408;100641;1821.2;2;10059051608;B
20240408;100642;1821.2;1;10059051866;B
20240408;100642;1821.2;1;10059051927;B
20240408;100642;1821.2;3;10059052019;B
20240408;100642;1821.2;4;10059052020;B
20240408;100643;1820.2;1;10059052409;S
20240408;100644;1821.2;10;10059052497;B
20240408;100644;1821.2;6;10059052624;B
20240408;100644;1821.2;3;10059052625;B
20240408;100644;1821.2;1;10059052709;B
20240408;100644;1821.4;8;10059052710;B
20240408;100646;1820.2;4;10059053192;S
20240408;100646;1820.2;5;10059053292;S
20240408;100646;1820.2;9;10059053293;S
20240408;100646;1820.2;1;10059053359;S
20240408;100646;1820.2;3;10059053360;S
20240408;100646;1820.2;5;10059053361;S
20240408;100646;1820.2;10;10059053362;S
20240408;100646;1820.2;13;10059053363;S
20240408;100646;1820.2;5;10059053364;S
20240408;100646;1820.2;19;10059053365;S
20240408;100646;1820.2;12;10059053366;S
20240408;100646;1820.2;21;10059053367;S
20240408;100646;1820.2;6;10059053368;S
20240408;100646;1820.2;13;10059053369;S
20240408;100646;1820.2;54;10059053371;S
20240408;100646;1820.2;1;10059053374;S
20240408;100646;1820.2;11;10059053375;S
20240408;100646;1820.2;4;10059053376;S
20240408;100646;1821.2;20;10059053466;B
20240408;100647;1821.2;3;10059053535;B
20240408;100647;1821.2;6;10059053536;B
20240408;100647;1821;18;10059053592;B
20240408;100647;1821.2;32;10059053593;B
20240408;100647;1820.2;3;10059053594;S
20240408;100647;1820.2;12;10059053595;S
20240408;100647;1820;1;10059053596;S
20240408;100647;1820;1;10059053597;S
20240408;100647;1820;3;10059053598;S
20240408;100647;1820;1;10059053599;S
20240408;100647;1820;1;10059053600;S
20240408;100647;1820;3;10059053601;S
20240408;100647;1820;75;10059053602;S
20240408;100647;1821;12;10059053651;B
20240408;100647;1821.2;42;10059053652;B
20240408;100647;1821.2;13;10059053653;B
20240408;100647;1821.4;23;10059053654;B
20240408;100649;1821.2;3;10059054067;B
20240408;100649;1821.2;2;10059054068;B
20240408;100649;1820.2;18;10059054110;S
20240408;100649;1820.2;13;10059054111;S
20240408;100649;1820;3;10059054112;S
20240408;100649;1820;3;10059054113;S
20240408;100649;1820;2;10059054114;S
20240408;100649;1820;171;10059054115;S
20240408;100649;1820;1;10059054116;S
20240408;100649;1820;23;10059054117;S
20240408;100649;1819.8;148;10059054118;S
20240408;100649;1819.8;44;10059054119;S
20240408;100649;1819.6;2;10059054120;S
20240408;100649;1819.4;70;10059054121;S
20240408;100649;1819.2;10;10059054122;S
20240408;100649;1819.2;600;10059054123;S
20240408;100649;1819.2;88;10059054124;S
20240408;100649;1819.2;60;10059054125;S
20240408;100649;1819.2;60;10059054126;S
20240408;100649;1819;84;10059054127;S
20240408;100649;1820.2;2;10059054193;B
20240408;100649;1819.2;16;10059054222;S
20240408;100650;1820.2;11;10059054315;B
20240408;100650;1819.2;18;10059054459;S
20240408;100650;1819;32;10059054460;S
20240408;100651;1820.2;5;10059054504;B
20240408;100651;1820.2;13;10059054505;B
20240408;100651;1820.4;26;10059054506;B
20240408;100651;1819.2;7;10059054595;S
20240408;100652;1820.2;10;10059054689;B
20240408;100652;1820.2;5;10059054803;B
20240408;100652;1820.2;1;10059055030;B
20240408;100655;1819.6;18;10059055631;S
20240408;100655;1819.6;44;10059055632;S
20240408;100655;1819.4;38;10059055633;S
20240408;100656;1820.2;1;10059055990;B
20240408;100659;1820.4;6;10059056508;B
20240408;100700;1820.6;60;10059056867;B
20240408;100700;1820.6;18;10059056868;B
20240408;100700;1820.6;8;10059056869;B
20240408;100700;1820.8;14;10059056870;B
20240408;100701;1820.2;3;10059057172;S
20240408;100703;1820.2;15;10059057708;S
20240408;100703;1820.2;5;10059057709;S
20240408;100703;1820.2;1;10059057710;S
20240408;100703;1820;30;10059057711;S
20240408;100703;1820;19;10059057712;S
20240408;100704;1820.8;1;10059057829;B
20240408;100704;1820;40;10059057834;S
20240408;100707;1820.8;1;10059058525;B
20240408;100709;1820;1;10059058952;S
20240408;100709;1820.8;2;10059058958;B
20240408;100709;1820.8;4;10059059188;B
20240408;100709;1820.8;4;10059059189;B
20240408;100710;1820.6;18;10059059219;B
20240408;100710;1821;7;10059059220;B
20240408;100710;1821.2;5;10059059399;B
20240408;100711;1820.2;11;10059059620;S
20240408;100711;1821.2;1;10059059698;B
20240408;100713;1820.2;2;10059060145;S
20240408;100713;1820;362;10059060146;S
20240408;100713;1820.8;3;10059060171;B
20240408;100715;1821;1;10059060590;B
20240408;100715;1820.8;3;10059060633;S
20240408;100716;1820;164;10059060851;S
20240408;100716;1820;14;10059060853;S
20240408;100717;1820;2;10059061067;S
20240408;100717;1820;1;10059061068;S
20240408;100717;1820;1;10059061069;S
20240408;100717;1819.6;5;10059061070;S
20240408;100717;1819.6;6;10059061071;S
20240408;100717;1819.4;2;10059061072;S
20240408;100717;1819.4;13;10059061073;S
20240408;100717;1820.2;13;10059061088;B
20240408;100717;1820.4;13;10059061089;B
20240408;100717;1820.6;43;10059061090;B
20240408;100717;1820.8;31;10059061091;B
20240408;100721;1820.6;42;10059062127;B
20240408;100721;1820.8;13;10059062128;B
20240408;100721;1820.8;45;10059062129;B
20240408;100721;1820.8;1;10059062136;B
20240408;100722;1819.6;7;10059062429;S
20240408;100723;1820.8;1;10059062648;B
20240408;100725;1820;1;10059062975;S
20240408;100725;1819.6;5;10059062976;S
20240408;100726;1820.6;22;10059063271;B
20240408;100726;1820.8;199;10059063364;B
20240408;100726;1821;1;10059063365;B
20240408;100726;1821;20;10059063383;B
20240408;100729;1820;50;10059064118;B
20240408;100729;1820.6;42;10059064119;B
20240408;100729;1820.8;19;10059064120;B
20240408;100730;1820.8;129;10059064273;B
20240408;100731;1820.8;8;10059064468;S
20240408;100731;1821;20;10059064489;B
20240408;100731;1821;10;10059064519;B
20240408;100731;1821;1;10059064520;B
20240408;100732;1821.2;2;10059064681;B
20240408;100732;1821.2;5;10059064682;B
20240408;100732;1821.4;20;10059064683;B
20240408;100732;1821.4;20;10059064684;B
20240408;100732;1821.6;153;10059064685;B
20240408;100732;1821.4;1;10059064701;B
20240408;100733;1821.6;1;10059064985;B
20240408;100734;1821;1;10059065216;S
20240408;100737;1821;17;10059066121;S
20240408;100737;1821;1;10059066122;S
20240408;100737;1820.8;39;10059066123;S
20240408;100737;1820.8;10;10059066129;S
20240408;100739;1820.8;3;10059066541;S
20240408;100740;1821.4;1;10059066808;B
20240408;100741;1821.6;55;10059067034;B
20240408;100743;1821.4;1;10059067521;B
20240408;100743;1820.8;1;10059067540;S
20240408;100744;1821.6;10;10059067822;B
20240408;100744;1821.6;11;10059067829;B
20240408;100745;1821.6;20;10059067866;B
20240408;100745;1820.8;2;10059068040;S
20240408;100746;1820.8;1;10059068254;S
20240408;100746;1821.6;2;10059068300;B
20240408;100748;1821.6;6;10059068585;B
20240408;100748;1820.8;41;10059068608;S
20240408;100749;1821.6;2;10059068738;B
20240408;100749;1821.6;2;10059068770;B
20240408;100749;1821.6;41;10059068855;B
20240408;100751;1821.6;1;10059069116;B
20240408;100753;1821;5;10059069586;S
20240408;100755;1821;5;10059070101;S
20240408;100755;1820.8;12;10059070102;S
20240408;100755;1821.2;4;10059070203;B
20240408;100755;1820.8;1;10059070221;S
20240408;100756;1821.4;61;10059070430;B
20240408;100758;1820.8;3;10059070718;S
20240408;100758;1820.8;1;10059070719;S
20240408;100758;1820.8;1;10059070860;S
20240408;100758;1820.8;1;10059070861;S
20240408;100759;1820.8;5;10059070975;B
20240408;100759;1821.2;42;10059070976;B
20240408;100759;1821.2;18;10059070977;B
20240408;100759;1821.4;16;10059070978;B
20240408;100759;1821.6;2;10059071162;B
20240408;100800;1821.6;600;10059071231;B
20240408;100800;1821.6;600;10059071233;B
20240408;100800;1821.6;465;10059071237;B
20240408;100800;1822;1;10059071238;B
20240408;100800;1822;75;10059071239;B
20240408;100800;1822;2;10059071240;B
20240408;100800;1822;148;10059071241;B
20240408;100800;1822.2;1;10059071242;B
20240408;100800;1822.2;10;10059071243;B
20240408;100800;1822.2;90;10059071244;B
