<DATE>;<TIME>;<LAST>;<VOL>;<ID>;<OPER>
20240412;095949;1834.6;1;10107346016;B
20240412;095949;1834.6;1;10107346017;B
20240412;095949;1834.6;4;10107346018;B
20240412;095949;1834.6;1;10107346019;B
20240412;095949;1834.6;1;10107346020;B
20240412;095949;1834.6;2;10107346021;B
20240412;095949;1834.6;6;10107346022;B
20240412;095949;1834.6;1;10107346023;B
20240412;095949;1834.6;6;10107346024;B
20240412;095949;1834.6;20;10107346025;B
20240412;095949;1834.6;1;10107346026;S
20240412;095949;1834.6;1;10107346027;S
20240412;095949;1834.6;9;10107346028;B
20240412;095949;1834.6;7;10107346029;B
20240412;095949;1834.6;1;10107346030;B
20240412;095949;1834.6;8;10107346031;B
20240412;095949;1834.6;1;10107346032;B
20240412;095949;1834.6;3;10107346033;B
20240412;095949;1834.6;5;10107346034;B
20240412;095949;1834.6;5;10107346035;B
20240412;095949;1834.6;10;10107346036;B
20240412;095949;1834.6;2;10107346037;B
20240412;095949;1834.6;1;10107346038;B
20240412;095949;1834.6;2;10107346039;B
20240412;100005;1833.6;16;10107355114;S
20240412;100005;1833.4;70;10107355115;S
20240412;100005;1833.2;18;10107355116;S
20240412;100005;1833.2;50;10107355117;S
20240412;100005;1834;18;10107355940;B
20240412;100005;1834;13;10107355941;B
20240412;100005;1834.2;15;10107355942;B
20240412;100005;1834.6;104;10107355943;B
20240412;100005;1833.8;1;10107356568;S
20240412;100005;1834.8;1;10107356823;B
20240412;100005;1834.8;5;10107356881;B
20240412;100005;1833.8;1;10107356900;S
20240412;100006;1833.8;2;10107357183;S
20240412;100006;1834.8;1;10107357649;B
20240412;100006;1834.8;1;10107357658;B
20240412;100006;1834.8;1;10107357916;B
20240412;100006;1833.8;1;10107357975;S
20240412;100006;1833.4;1;10107357976;S
20240412;100006;1833.4;17;10107357977;S
20240412;100006;1834.6;1;10107358299;B
20240412;100006;1834.6;1;10107358457;B
20240412;100007;1834.6;2;10107359213;B
20240412;100007;1834.6;1;10107359216;B
20240412;100007;1833.8;4;10107359220;S
20240412;100007;1833.8;1;10107359224;S
20240412;100007;1833.8;3;10107359331;S
20240412;100007;1834.6;1;10107359643;B
20240412;100008;1833.8;1;10107360501;S
20240412;100008;1834.6;2;10107361210;B
20240412;100010;1834.6;9;10107362322;B
20240412;100010;1834.8;6;10107362323;B
20240412;100010;1834.8;7;10107362651;B
20240412;100010;1834.8;1;10107362692;B
20240412;100010;1834.8;2;10107362693;B
20240412;100010;1834.8;5;10107362694;B
20240412;100010;1835;5;10107362695;B
20240412;100010;1835;1;10107362759;B
20240412;100011;1835;1;10107363033;B
20240412;100011;1835;7;10107363034;B
20240412;100011;1835;2;10107363080;B
20240412;100011;1835;14;10107363136;B
20240412;100011;1835;7;10107363137;B
20240412;100011;1835;20;10107363138;B
20240412;100011;1835;5;10107363139;B
20240412;100011;1835.2;2;10107363140;B
20240412;100011;1835.2;13;10107363141;B
20240412;100011;1835.2;11;10107363142;B
20240412;100011;1835.4;23;10107363143;B
20240412;100011;1835.6;55;10107363144;B
20240412;100011;1835.6;2;10107363201;B
20240412;100011;1835.6;5;10107363253;B
20240412;100015;1834.4;11;10107364550;S
20240412;100015;1834.4;2;10107364555;S
20240412;100015;1834.4;9;10107364556;S
20240412;100015;1834.4;5;10107364559;S
20240412;100015;1834.4;4;10107364563;S
20240412;100015;1834.2;1;10107364564;S
20240412;100015;1834;19;10107364652;S
20240412;100015;1834;11;10107364668;S
20240412;100016;1834;11;10107364711;S
20240412;100016;1834;5;10107364846;S
20240412;100016;1834;5;10107364847;S
20240412;100016;1834;11;10107364856;S
20240412;100016;1834.2;19;10107364882;S
20240412;100016;1834;13;10107364921;S
20240412;100016;1834;6;10107364922;S
20240412;100016;1834;12;10107364952;S
20240412;100016;1833.8;1;10107364953;S
20240412;100016;1833.8;11;10107364962;S
20240412;100016;1835;7;10107364981;B
20240412;100016;1835;8;10107364982;B
20240412;100016;1835;7;10107364983;B
20240412;100016;1835;13;10107364990;B
20240412;100016;1833.8;19;10107365020;S
20240412;100017;1833.8;19;10107365075;S
20240412;100017;1833.8;11;10107365081;S
20240412;100017;1833.8;19;10107365115;S
20240412;100017;1833.8;5;10107365155;S
20240412;100017;1833.8;11;10107365171;S
20240412;100017;1833.8;5;10107365186;S
20240412;100018;1833.8;5;10107365423;S
20240412;100018;1833.8;5;10107365441;S
20240412;100019;1833.8;5;10107365645;S
20240412;100019;1833.8;11;10107365649;S
20240412;100019;1833.8;5;10107365697;S
20240412;100020;1833.6;5;10107366052;S
20240412;100020;1833.6;5;10107366059;S
20240412;100021;1834.8;20;10107366265;B
20240412;100021;1833.6;6;10107366431;S
20240412;100021;1833.6;5;10107366432;S
20240412;100022;1833.6;11;10107366673;S
20240412;100023;1833.6;11;10107366906;S
20240412;100024;1834.8;5;10107367240;B
20240412;100028;1833.6;147;10107368106;S
20240412;100028;1833.6;12;10107368107;S
20240412;100028;1833;5;10107368108;S
20240412;100028;1833;20;10107368109;S
20240412;100028;1833;1;10107368110;S
20240412;100028;1833;18;10107368111;S
20240412;100028;1832.8;26;10107368112;S
20240412;100028;1832.8;1;10107368113;S
20240412;100028;1832.8;1;10107368114;S
20240412;100028;1832.8;1;10107368115;S
20240412;100028;1832.8;1;10107368116;S
20240412;100028;1832.8;5;10107368117;S
20240412;100028;1832.8;1;10107368118;S
20240412;100028;1832.8;1;10107368119;S
20240412;100028;1832.8;2;10107368120;S
20240412;100028;1832.8;1;10107368121;S
20240412;100028;1832.8;1;10107368122;S
20240412;100028;1832.8;1;10107368123;S
20240412;100028;1832.8;1;10107368124;S
20240412;100028;1832.8;1;10107368125;S
20240412;100028;1832.8;2;10107368126;S
20240412;100028;1832.8;2;10107368127;S
20240412;100028;1832.8;21;10107368128;S
20240412;100028;1832.8;1;10107368264;S
20240412;100029;1832.8;5;10107368512;S
20240412;100030;1832.8;5;10107368806;S
20240412;100031;1832.8;5;10107369202;S
20240412;100032;1832.8;5;10107369502;S
20240412;100033;1832.8;5;10107369840;S
20240412;100034;1832.8;3;10107370490;S
20240412;100034;1832.8;2;10107370491;S
20240412;100035;1833.4;2;10107371135;B
20240412;100036;1833.4;3;10107371479;B
20240412;100038;1833.4;1;10107372177;B
20240412;100039;1833.4;2;10107372637;B
20240412;100043;1833.4;1;10107373533;B
20240412;100043;1833.4;5;10107373760;B
20240412;100045;1833.4;1;10107374080;B
20240412;100046;1833.4;6;10107374505;B
20240412;100050;1833.4;3;10107375864;B
20240412;100051;1833.4;29;10107376107;B
20240412;100051;1833.4;5;10107376108;B
20240412;100051;1833;147;10107376145;S
20240412;100051;1833;13;10107376146;S
20240412;100051;1832.8;10;10107376147;S
20240412;100051;1832.8;20;10107376148;S
20240412;100051;1832.8;2;10107376149;S
20240412;100051;1832.8;1;10107376150;S
20240412;100051;1832.8;2;10107376151;S
20240412;100051;1832.8;3;10107376152;S
20240412;100051;1832.8;1;10107376153;S
20240412;100051;1832.8;2;10107376154;S
20240412;100051;1832.8;1;10107376155;S
20240412;100051;1832.8;6;10107376156;S
20240412;100051;1832.8;1;10107376157;S
20240412;100051;1832.8;2;10107376158;S
20240412;100051;1832.8;3;10107376159;S
20240412;100051;1832.8;1;10107376160;S
20240412;100051;1832.8;1;10107376161;S
20240412;100052;1833;1;10107376967;B
20240412;100100;1833;1;10107378920;B
20240412;100101;1833;1;10107379047;B
20240412;100102;1833;6;10107379316;B
20240412;100102;1833;1;10107379627;B
20240412;100106;1833.4;1;10107381002;B
20240412;100111;1833;44;10107382476;S
20240412;100111;1833;14;10107382477;S
20240412;100111;1833;1;10107382478;S
20240412;100111;1832.8;2;10107382479;S
20240412;100111;1832.6;12;10107382480;S
20240412;100111;1832.6;70;10107382481;S
20240412;100111;1832.6;20;10107382532;B
20240412;100118;1832.6;2;10107384093;B
20240412;100118;1832.6;10;10107384140;B
20240412;100120;1833;2;10107384659;B
20240412;100126;1833;2;10107386189;B
20240412;100130;1832.8;3;10107386925;B
20240412;100132;1832.6;1;10107387488;S
20240412;100132;1832.6;9;10107387489;S
20240412;100139;1832.8;1;10107388743;B
20240412;100140;1832.6;1;10107388859;S
20240412;100140;1832.6;1;10107388860;S
20240412;100140;1832.6;15;10107388861;S
20240412;100141;1832.8;1;10107389085;B
20240412;100147;1832.8;1;10107390267;B
20240412;100148;1832.8;1;10107390500;B
20240412;100149;1832.6;1;10107390722;S
20240412;100150;1832.4;1;10107390978;S
20240412;100150;1832.4;1;10107391055;S
20240412;100150;1832.4;1;10107391056;S
20240412;100150;1832.4;100;10107391057;S
20240412;100150;1832.4;6;10107391086;B
20240412;100151;1832.4;5;10107391139;B
20240412;100154;1832.4;40;10107391766;B
20240412;100155;1832.4;2;10107391930;B
20240412;100158;1832.2;5;10107392549;S
20240412;100159;1832.2;250;10107392826;S
20240412;100202;1832.2;75;10107393363;S
20240412;100202;1832.2;3;10107393364;S
20240412;100202;1832.2;1;10107393365;S
20240412;100203;1832;7;10107393512;S
20240412;100203;1832.2;2;10107393612;B
20240412;100204;1832.2;2;10107393772;B
20240412;100204;1832;4;10107393775;S
20240412;100204;1832;1;10107393776;S
20240412;100204;1832;6;10107393777;S
20240412;100204;1832;1;10107393778;S
20240412;100204;1832;9;10107393779;S
20240412;100204;1832;1;10107393780;S
20240412;100204;1832;1;10107393781;S
20240412;100204;1832;1;10107393782;S
20240412;100204;1832;1;10107393783;S
20240412;100204;1832;524;10107393784;S
20240412;100204;1832;338;10107393785;S
20240412;100204;1832;6;10107393786;S
20240412;100204;1832;1;10107393787;S
20240412;100204;1832;1;10107393788;S
20240412;100204;1832;1;10107393789;S
20240412;100204;1832;5;10107393790;S
20240412;100204;1832;1;10107393791;S
20240412;100204;1832;47;10107393792;S
20240412;100204;1832;47;10107393793;S
20240412;100204;1832;1;10107393794;S
20240412;100204;1832;50;10107393795;S
20240412;100204;1832;5;10107393796;S
20240412;100204;1832;10;10107393797;S
20240412;100204;1832;3;10107393798;S
20240412;100204;1832;2;10107393799;S
20240412;100204;1832;1;10107393800;S
20240412;100204;1832;5;10107393801;S
20240412;100204;1832;20;10107393802;S
20240412;100204;1831.8;20;10107393805;S
20240412;100204;1831.6;1;10107393806;S
20240412;100204;1831.6;1;10107393807;S
20240412;100204;1831.6;1;10107393808;S
20240412;100204;1831.6;1;10107393809;S
20240412;100204;1831.6;2;10107393810;S
20240412;100204;1831.6;135;10107393876;B
20240412;100204;1831.4;1;10107393955;S
20240412;100204;1831.4;7;10107393956;S
20240412;100205;1831.6;1;10107394016;B
20240412;100205;1831.6;2;10107394039;B
20240412;100205;1831.4;4;10107394058;S
20240412;100205;1831.2;1;10107394059;S
20240412;100205;1831.2;2;10107394060;S
20240412;100205;1831.2;1;10107394061;S
20240412;100205;1831.2;40;10107394062;S
20240412;100205;1831.2;2;10107394063;S
20240412;100205;1831.2;1;10107394064;S
20240412;100205;1831.2;2;10107394065;S
20240412;100205;1831;1;10107394066;S
20240412;100205;1831;1;10107394067;S
20240412;100205;1831;1;10107394068;S
20240412;100205;1831;1;10107394069;S
20240412;100205;1831;165;10107394070;S
20240412;100205;1831;1;10107394071;S
20240412;100205;1831;51;10107394072;S
20240412;100205;1831;2;10107394073;S
20240412;100205;1831;28;10107394074;S
20240412;100205;1831;96;10107394193;B
20240412;100205;1831;4;10107394194;B
20240412;100205;1830.8;1;10107394195;S
20240412;100205;1830.8;1;10107394196;S
20240412;100205;1830.8;1;10107394197;S
20240412;100205;1830.8;1;10107394198;S
20240412;100205;1830.6;1;10107394199;S
20240412;100205;1830.6;1;10107394200;S
20240412;100205;1830.6;1;10107394201;S
20240412;100205;1830.6;1;10107394202;S
20240412;100205;1830.6;1;10107394203;S
20240412;100205;1830.6;2;10107394204;S
20240412;100205;1830.6;6;10107394205;S
20240412;100205;1830.6;1;10107394206;S
20240412;100205;1830.4;1;10107394207;S
20240412;100205;1830.4;5;10107394208;S
20240412;100205;1830.4;1;10107394209;S
20240412;100205;1830.4;39;10107394210;S
20240412;100205;1830.4;4;10107394231;S
20240412;100205;1831;1;10107394241;B
20240412;100205;1830.8;1;10107394308;B
20240412;100205;1830.6;30;10107394310;S
20240412;100205;1830.6;1;10107394311;S
20240412;100205;1830.8;10;10107394319;B
20240412;100206;1830.8;18;10107394368;B
20240412;100206;1831;66;10107394369;B
20240412;100206;1831;16;10107394370;B
20240412;100206;1830.8;104;10107394435;S
20240412;100206;1830.6;30;10107394436;S
20240412;100206;1831;4;10107394441;B
20240412;100206;1831;161;10107394443;B
20240412;100206;1831.2;39;10107394444;B
20240412;100206;1831;5;10107394459;B
20240412;100206;1830.6;12;10107394460;S
20240412;100206;1830.6;98;10107394465;S
20240412;100206;1830.4;2;10107394466;S
20240412;100206;1830.4;15;10107394469;S
20240412;100206;1830.4;1;10107394470;S
20240412;100206;1830.4;1;10107394476;S
20240412;100207;1830.8;1;10107394693;B
20240412;100207;1830.4;138;10107394715;S
20240412;100207;1830.4;8;10107394716;S
20240412;100207;1830.4;10;10107394717;S
20240412;100207;1830.4;1;10107394718;S
20240412;100207;1830.4;26;10107394719;S
20240412;100207;1830.2;3;10107394720;S
20240412;100207;1830.2;2;10107394721;S
20240412;100207;1830.2;1;10107394722;S
20240412;100207;1830.2;41;10107394723;S
20240412;100207;1830.2;2;10107394724;S
20240412;100207;1830.2;1;10107394725;S
20240412;100207;1830.2;3;10107394726;S
20240412;100207;1830.2;2;10107394727;S
20240412;100207;1830.2;5;10107394728;S
20240412;100207;1830.2;5;10107394729;S
20240412;100207;1830.2;9;10107394730;S
20240412;100207;1830.2;1;10107394731;S
20240412;100207;1830.2;1;10107394732;S
20240412;100207;1830.2;2;10107394733;S
20240412;100207;1830.2;4;10107394734;S
20240412;100207;1830.2;6;10107394735;S
20240412;100207;1830.2;10;10107394736;S
20240412;100207;1830.2;1;10107394737;S
20240412;100207;1830.2;2;10107394738;S
20240412;100207;1830.2;3;10107394739;S
20240412;100207;1830.2;1;10107394740;S
20240412;100207;1830.2;5;10107394741;S
20240412;100207;1830.2;7;10107394742;S
20240412;100207;1830.2;5;10107394749;S
20240412;100208;1830.2;2;10107394950;S
20240412;100208;1830.2;1;10107394951;S
20240412;100208;1830.2;1;10107394952;S
20240412;100208;1830.2;234;10107394953;S
20240412;100208;1830.2;3;10107394954;S
20240412;100208;1830.2;1;10107394955;S
20240412;100208;1830.2;1;10107394956;S
20240412;100208;1830.2;1;10107394957;S
20240412;100208;1830.2;4;10107394958;S
20240412;100208;1830;1;10107394959;S
20240412;100208;1830;1;10107394960;S
20240412;100208;1830;5;10107394961;S
20240412;100208;1830;1;10107394962;S
20240412;100208;1830;49;10107394963;S
20240412;100208;1830;1;10107394967;S
20240412;100208;1830;1;10107394968;S
20240412;100208;1830;2;10107394969;S
20240412;100208;1830;25;10107394970;S
20240412;100208;1830;1;10107394971;S
20240412;100208;1830;6;10107394972;S
20240412;100208;1830;64;10107394973;S
20240412;100208;1830.2;1;10107395026;S
20240412;100208;1830;1;10107395027;S
20240412;100208;1830;3;10107395048;S
20240412;100208;1830;9;10107395078;S
20240412;100208;1830;2;10107395080;S
20240412;100208;1830;1;10107395081;S
20240412;100208;1830;2;10107395082;S
20240412;100208;1830;1;10107395083;S
20240412;100208;1830;1;10107395084;S
20240412;100208;1830;5;10107395085;S
20240412;100208;1830;4;10107395086;S
20240412;100208;1830;12;10107395087;S
20240412;100208;1830;2;10107395088;S
20240412;100208;1830;2;10107395089;S
20240412;100208;1830;10;10107395090;S
20240412;100208;1830;2;10107395091;S
20240412;100208;1830;3;10107395092;S
20240412;100208;1830;1;10107395093;S
20240412;100208;1830;2;10107395094;S
20240412;100208;1830;3;10107395095;S
20240412;100208;1830;2;10107395096;S
20240412;100208;1830;1;10107395097;S
20240412;100208;1830;1;10107395098;S
20240412;100208;1830;1;10107395099;S
20240412;100208;1830;1;10107395100;S
20240412;100208;1830;41;10107395101;S
20240412;100208;1830;2;10107395102;S
20240412;100208;1830.6;20;10107395103;B
20240412;100208;1830.6;46;10107395107;B
20240412;100208;1830.8;4;10107395108;B
20240412;100209;1830.8;2;10107395223;B
20240412;100209;1830;16;10107395224;S
20240412;100209;1830;30;10107395225;S
20240412;100209;1830;4;10107395226;S
20240412;100209;1830;5;10107395227;S
20240412;100209;1830;276;10107395228;S
20240412;100209;1830;16;10107395229;S
20240412;100209;1830.6;1;10107395230;B
20240412;100209;1830.6;5;10107395234;B
20240412;100209;1830;2;10107395235;S
20240412;100209;1830.6;19;10107395237;B
20240412;100209;1830;30;10107395251;S
20240412;100209;1830;5;10107395253;S
20240412;100209;1830;20;10107395254;S
20240412;100209;1830;8;10107395290;S
20240412;100209;1830;4;10107395292;S
20240412;100210;1830;120;10107395327;S
20240412;100210;1830;15;10107395335;S
20240412;100210;1830;50;10107395347;S
20240412;100210;1830;1;10107395381;S
20240412;100210;1830;20;10107395392;S
20240412;100210;1830;6;10107395399;S
20240412;100210;1830;300;10107395597;S
20240412;100210;1830.2;1;10107395607;B
20240412;100211;1830;8;10107395635;S
20240412;100211;1830.2;1;10107395684;B
20240412;100213;1830.2;1;10107396271;B
20240412;100213;1830;40;10107396315;S
20240412;100215;1830;1;10107396656;S
20240412;100216;1830;4;10107397020;S
20240412;100216;1830.2;74;10107397030;B
20240412;100216;1830.2;26;10107397031;B
20240412;100219;1830.4;20;10107397825;B
20240412;100219;1830.4;20;10107397842;B
20240412;100219;1830.4;20;10107397878;B
20240412;100219;1830.4;20;10107397901;B
20240412;100219;1830.6;20;10107397941;B
20240412;100219;1830.8;20;10107397971;B
20240412;100219;1830.8;20;10107397996;B
20240412;100220;1830.8;20;10107398027;B
20240412;100220;1831;18;10107398040;B
20240412;100220;1831;2;10107398041;B
20240412;100220;1830.8;11;10107398060;B
20240412;100220;1831;11;10107398096;B
20240412;100220;1831;9;10107398097;B
20240412;100220;1831;20;10107398127;B
20240412;100220;1831;20;10107398138;B
20240412;100220;1831;20;10107398152;B
20240412;100220;1831;20;10107398191;B
20240412;100220;1831;20;10107398229;B
20240412;100220;1831.2;20;10107398251;B
20240412;100221;1831.2;19;10107398271;B
20240412;100222;1831.2;1;10107398613;B
20240412;100224;1831.2;1;10107398954;B
20240412;100226;1831.2;1;10107399294;B
20240412;100229;1831.2;1;10107399997;B
20240412;100235;1831.2;1;10107401316;B
20240412;100237;1831.2;4;10107401719;B
20240412;100238;1831;1;10107401893;S
20240412;100241;1831.2;1;10107402418;B
20240412;100241;1830.8;1;10107402465;S
20240412;100242;1831.2;8;10107402714;B
20240412;100242;1830.8;1;10107402737;S
20240412;100244;1830.8;1;10107403285;S
20240412;100245;1831.2;1;10107403567;B
20240412;100247;1831.2;10;10107403884;B
20240412;100249;1831.2;24;10107404270;B
20240412;100250;1831.2;2;10107404408;B
20240412;100250;1831.2;59;10107404457;B
20240412;100251;1831;20;10107404686;S
20240412;100251;1831;5;10107404697;S
20240412;100251;1830.8;5;10107404698;S
20240412;100254;1831.2;15;10107405225;B
20240412;100254;1831.2;1;10107405237;B
20240412;100300;1831;2;10107406649;S
20240412;100301;1831;1;10107406839;S
20240412;100301;1831;1;10107406840;S
20240412;100301;1830.8;10;10107406841;S
20240412;100304;1831.2;3;10107407469;B
20240412;100308;1831;15;10107408266;S
20240412;100309;1831.2;4;10107408393;B
20240412;100311;1831.2;1;10107408744;B
20240412;100315;1831.2;1;10107410074;B
20240412;100315;1831.2;1;10107410091;B
20240412;100316;1831.2;1;10107410228;B
20240412;100316;1831;1;10107410257;S
20240412;100317;1831;16;10107410389;S
20240412;100319;1831;5;10107410643;B
20240412;100320;1831;9;10107410817;B
20240412;100322;1831;1;10107411102;B
20240412;100322;1831;1;10107411158;B
20240412;100324;1830.8;4;10107411335;S
20240412;100324;1830.8;1;10107411336;S
20240412;100325;1830.8;2;10107411517;S
20240412;100325;1831;1;10107411670;B
20240412;100327;1830.8;1;10107411983;S
20240412;100328;1830.8;90;10107412242;S
20240412;100329;1831;5;10107412385;B
20240412;100329;1831;42;10107412441;B
20240412;100329;1831;58;10107412442;B
20240412;100330;1831;5;10107412676;B
20240412;100331;1831;1;10107412749;B
20240412;100331;1831;3;10107412761;B
20240412;100332;1831;2;10107412965;B
20240412;100333;1831;1;10107413206;B
20240412;100334;1831;1;10107413301;B
20240412;100338;1831;1;10107414079;B
20240412;100338;1831;9;10107414216;B
20240412;100341;1830.8;1;10107414698;S
20240412;100342;1830.8;3;10107414723;S
20240412;100344;1830.8;3;10107415060;S
20240412;100344;1830.8;1;10107415061;S
20240412;100344;1830.8;1;10107415062;S
20240412;100344;1830.6;6;10107415063;S
20240412;100354;1830.8;82;10107416703;B
20240412;100358;1830.8;4;10107417407;B
20240412;100359;1830.8;5;10107417523;B
20240412;100408;1830.8;1;10107419147;B
20240412;100409;1830.8;2;10107419285;B
20240412;100410;1830.8;1;10107419437;B
20240412;100411;1830.8;1;10107419552;B
20240412;100413;1830.8;1;10107419826;B
20240412;100413;1830.8;4;10107419850;B
20240412;100413;1831;8;10107419851;B
20240412;100414;1831;1;10107419911;B
20240412;100415;1831;4;10107420049;B
20240412;100415;1831;1;10107420066;B
20240412;100416;1831;1;10107420124;B
20240412;100416;1831;1;10107420227;B
20240412;100417;1831;1;10107420236;B
20240412;100425;1831;1;10107421580;B
20240412;100426;1830.8;1;10107421796;S
20240412;100428;1831;1;10107421980;B
20240412;100430;1831;21;10107422433;B
20240412;100430;1831;83;10107422434;B
20240412;100430;1831;100;10107422500;B
20240412;100436;1830.8;1;10107423248;S
20240412;100438;1830.8;1;10107423667;S
20240412;100438;1831;7;10107423689;B
20240412;100439;1831;19;10107423814;B
20240412;100441;1831;1;10107424157;B
20240412;100445;1831;1;10107424746;B
20240412;100447;1831;199;10107425003;B
20240412;100447;1831;30;10107425004;B
20240412;100447;1831;1;10107425005;B
20240412;100447;1831;4;10107425006;B
20240412;100447;1831.2;2;10107425007;B
20240412;100447;1831.2;25;10107425008;B
20240412;100447;1831.2;100;10107425009;B
20240412;100447;1831.2;17;10107425010;B
20240412;100447;1831.2;6;10107425011;B
20240412;100447;1831.2;16;10107425012;B
20240412;100448;1831.8;15;10107425149;B
20240412;100448;1832;2;10107425150;B
20240412;100448;1832;233;10107425151;B
20240412;100449;1832;5;10107425381;B
20240412;100449;1832.2;10;10107425382;B
20240412;100455;1832.6;1;10107426367;B
20240412;100456;1832.4;47;10107426483;S
20240412;100456;1832.2;82;10107426484;S
20240412;100456;1832.2;60;10107426485;S
20240412;100456;1832;18;10107426486;S
20240412;100456;1831.8;56;10107426487;S
20240412;100456;1831.8;3;10107426488;S
20240412;100456;1831.6;13;10107426489;S
20240412;100456;1831.6;137;10107426490;S
20240412;100456;1831.6;55;10107426491;S
20240412;100456;1831.4;147;10107426492;S
20240412;100456;1831.2;90;10107426493;S
20240412;100456;1831;99;10107426494;S
20240412;100456;1831;120;10107426495;S
20240412;100456;1831;1;10107426496;S
20240412;100456;1830.8;50;10107426497;S
20240412;100456;1830.8;30;10107426498;S
20240412;100456;1830.6;5;10107426499;S
20240412;100456;1830.6;1;10107426500;S
20240412;100456;1830.6;20;10107426501;S
20240412;100456;1830.4;5;10107426502;S
20240412;100456;1830.4;10;10107426503;S
20240412;100456;1830.4;1;10107426504;S
20240412;100456;1830.4;27;10107426505;S
20240412;100456;1830.4;1;10107426506;S
20240412;100456;1830.4;66;10107426507;S
20240412;100456;1830.4;163;10107426508;S
20240412;100456;1830.2;1;10107426509;S
20240412;100456;1830.2;1;10107426510;S
20240412;100456;1830.2;120;10107426511;S
20240412;100456;1830.2;20;10107426512;S
20240412;100456;1830.2;1;10107426513;S
20240412;100456;1830.2;3;10107426514;S
20240412;100456;1830.2;3;10107426515;S
20240412;100456;1830.2;50;10107426516;S
20240412;100456;1830.2;10;10107426517;S
20240412;100456;1830.2;5;10107426518;S
20240412;100456;1830.2;5;10107426519;S
20240412;100456;1830.2;1;10107426520;S
20240412;100456;1830.2;10;10107426521;S
20240412;100456;1830.2;1;10107426522;S
20240412;100456;1830.2;600;10107426523;S
20240412;100456;1830;1336;10107426524;S
20240412;100511;1831.8;1;10107429270;B
20240412;100513;1831;1;10107429594;S
20240412;100513;1831;82;10107429595;S
20240412;100513;1831;45;10107429596;S
20240412;100513;1831;72;10107429597;S
20240412;100518;1830.8;1;10107430410;S
20240412;100519;1831.4;3;10107430655;B
20240412;100522;1831.4;6;10107431106;B
20240412;100524;1831.4;11;10107431546;B
20240412;100524;1831.4;18;10107431547;B
20240412;100525;1832;1;10107431891;B
20240412;100525;1831.8;50;10107431936;S
20240412;100526;1832;1;10107431974;B
20240412;100529;1832;2;10107432522;B
20240412;100530;1832;3;10107432762;B
20240412;100536;1832.4;1;10107433836;S
20240412;100536;1832.4;5;10107433841;S
20240412;100536;1832.4;1;10107433859;S
20240412;100538;1832.4;3;10107434203;S
20240412;100538;1832.4;5;10107434204;S
20240412;100538;1832.2;42;10107434205;S
20240412;100538;1832;82;10107434206;S
20240412;100538;1831.8;68;10107434207;S
20240412;100538;1831.8;1;10107434211;S
20240412;100540;1832.6;2;10107434503;B
20240412;100541;1832.6;1;10107434681;B
20240412;100548;1831.8;20;10107435796;S
20240412;100549;1831.8;62;10107435959;S
20240412;100549;1831.8;41;10107435960;S
20240412;100549;1831.4;21;10107435961;S
20240412;100549;1831.4;18;10107435962;S
20240412;100549;1831.4;58;10107435963;S
20240412;100552;1832;3;10107436455;B
20240412;100600;1831.2;2;10107437739;S
20240412;100601;1832;13;10107437929;B
20240412;100601;1831.6;137;10107438067;S
20240412;100601;1831.6;40;10107438068;S
20240412;100601;1831.4;18;10107438069;S
20240412;100601;1831.4;5;10107438070;S
20240412;100603;1831.8;6;10107438296;S
20240412;100603;1832;1;10107438417;B
20240412;100606;1832.4;1;10107439304;B
20240412;100606;1832.4;19;10107439320;B
20240412;100606;1832.4;18;10107439321;B
20240412;100606;1832.4;10;10107439322;B
20240412;100606;1832.6;1;10107439323;B
20240412;100606;1832.6;39;10107439324;B
20240412;100606;1832.8;6;10107439325;B
20240412;100606;1832.8;198;10107439326;B
20240412;100606;1833;1;10107439327;B
20240412;100606;1833;5;10107439328;B
20240412;100606;1833;3;10107439329;B
20240412;100606;1832.8;1;10107439330;B
20240412;100609;1832.6;5;10107440113;S
20240412;100611;1832.4;1;10107440384;S
20240412;100615;1832.4;81;10107440901;S
20240412;100615;1832.4;19;10107440902;S
20240412;100616;1832.8;1;10107440976;B
20240412;100618;1832.6;82;10107441358;S
20240412;100618;1832.4;10;10107441359;S
20240412;100619;1832.4;1;10107441499;S
20240412;100625;1833.2;60;10107442502;B
20240412;100625;1833.2;7;10107442503;B
20240412;100627;1833.2;109;10107442696;S
20240412;100629;1833.4;1;10107443048;B
20240412;100629;1833.4;1;10107443049;B
20240412;100631;1833.4;2;10107443432;B
20240412;100632;1833.2;20;10107443534;S
20240412;100632;1833.6;3;10107443551;B
20240412;100634;1833.2;134;10107443732;S
20240412;100634;1832.8;18;10107443733;S
20240412;100634;1832.8;36;10107443734;S
20240412;100634;1832.6;100;10107443735;S
20240412;100634;1832.4;9;10107443736;S
20240412;100634;1832.4;20;10107443737;S
20240412;100634;1832.4;10;10107443738;S
20240412;100634;1832.4;10;10107443739;S
20240412;100634;1832.2;56;10107443740;S
20240412;100634;1832;1;10107443741;S
20240412;100634;1832;10;10107443742;S
20240412;100634;1832;1;10107443743;S
20240412;100634;1832;82;10107443744;S
20240412;100634;1831.8;113;10107443745;S
20240412;100637;1832.2;1;10107444438;B
20240412;100638;1832.2;17;10107444528;B
20240412;100638;1832.2;3;10107444529;B
20240412;100638;1832.2;3;10107444583;B
20240412;100638;1832.2;76;10107444584;B
20240412;100638;1832.2;28;10107444585;B
20240412;100642;1832.2;2;10107445175;B
20240412;100645;1832.6;147;10107445559;B
20240412;100645;1832.6;56;10107445560;B
20240412;100645;1832.6;60;10107445561;B
20240412;100654;1833.4;1;10107447142;B
20240412;100705;1833.4;26;10107449062;B
20240412;100711;1833.4;6;10107450290;B
20240412;100711;1833.6;25;10107450291;B
20240412;100711;1833.6;6;10107450292;B
20240412;100711;1833.6;33;10107450293;B
20240412;100712;1833.8;5;10107450411;B
20240412;100717;1833.6;7;10107451696;S
20240412;100721;1833.8;1;10107452566;B
20240412;100722;1833.8;4;10107452892;B
20240412;100722;1834;5;10107452988;B
20240412;100726;1834;5;10107453568;B
20240412;100729;1833.8;1;10107453859;S
20240412;100731;1833.8;2;10107454332;S
20240412;100731;1833.8;3;10107454333;S
20240412;100732;1833.8;1;10107454541;S
20240412;100732;1834;6;10107454546;B
20240412;100732;1834;27;10107454547;B
20240412;100735;1834;1;10107454959;B
20240412;100738;1834;1;10107455328;B
20240412;100739;1834;1;10107455559;B
20240412;100740;1834;1;10107455770;B
20240412;100740;1834;5;10107455852;B
20240412;100741;1834;50;10107455942;B
20240412;100741;1834;1;10107456028;B
20240412;100743;1833.8;5;10107456357;B
20240412;100745;1834;5;10107456761;B
20240412;100745;1834;2;10107456794;B
20240412;100747;1833.8;82;10107457024;S
20240412;100747;1833.6;21;10107457025;S
20240412;100749;1833.6;1;10107457389;S
20240412;100756;1833.6;92;10107458541;S
20240412;100757;1833.8;27;10107458655;B
20240412;100757;1833.8;31;10107458656;B
20240412;100757;1834;1;10107458680;B
20240412;100800;1834;6;10107459195;B
20240412;100800;1834.2;5;10107459196;B
20240412;100800;1834.2;14;10107459197;B
20240412;100802;1834;57;10107459616;S
20240412;100809;1834.2;31;10107460985;B
20240412;100809;1834.2;9;10107460986;B
20240412;100809;1833.8;6;10107461062;S
20240412;100813;1834.2;1;10107461584;B
20240412;100815;1834.2;30;10107461977;B
20240412;100818;1833.8;1;10107462501;S
20240412;100821;1834;2;10107462944;B
20240412;100822;1833.8;100;10107463079;S
20240412;100823;1834;2;10107463348;B
20240412;100826;1833.8;4;10107463654;S
20240412;100826;1834;8;10107463715;B
20240412;100826;1834;1;10107463742;B
20240412;100827;1834;1;10107463902;B
20240412;100828;1834;1;10107463960;B
20240412;100838;1834.2;1;10107465482;B
20240412;100839;1834;1;10107465600;S
20240412;100840;1834;1;10107465769;S
20240412;100840;1834;1;10107465770;S
20240412;100840;1833.8;150;10107465771;S
20240412;100841;1834;10;10107465867;B
20240412;100841;1834;1;10107465919;B
20240412;100843;1834;5;10107466260;B
20240412;100844;1833.8;58;10107466446;S
20240412;100851;1834.2;2;10107467627;B
20240412;100851;1834.2;5;10107467679;B
20240412;100854;1834;1;10107468273;S
20240412;100855;1834.2;1;10107468279;B
20240412;100855;1834.2;49;10107468399;B
20240412;100901;1834.2;1;10107469186;B
20240412;100903;1834.2;1;10107469559;B
20240412;100903;1834.2;1;10107469602;B
20240412;100907;1834.2;1;10107470245;B
20240412;100907;1834;2;10107470258;S
20240412;100908;1833.8;10;10107470509;S
20240412;100910;1834;5;10107470719;B
20240412;100911;1834;1;10107470910;B
20240412;100912;1834;5;10107471091;B
20240412;100912;1834;1;10107471127;B
20240412;100913;1834;76;10107471386;B
20240412;100913;1834;24;10107471387;B
20240412;100914;1834;1;10107471526;B
20240412;100917;1833.8;430;10107472003;S
20240412;100917;1833.8;5;10107472004;S
20240412;100917;1833.8;1;10107472005;S
20240412;100917;1833.8;1;10107472006;S
20240412;100917;1833.8;1;10107472007;S
20240412;100917;1833.8;28;10107472008;S
20240412;100917;1833.8;134;10107472009;S
20240412;100918;1833.8;4;10107472231;S
20240412;100920;1834;1;10107472767;B
20240412;100920;1834;10;10107472786;B
20240412;100921;1834;30;10107472913;B
20240412;100922;1834;1;10107473050;B
20240412;100925;1834;50;10107473646;B
20240412;100925;1834;1;10107473686;B
20240412;100926;1833.8;11;10107473695;S
20240412;100926;1834;9;10107473879;B
20240412;100927;1834;2;10107473917;B
20240412;100927;1833.8;1;10107473922;S
20240412;100927;1833.8;50;10107473923;S
20240412;100928;1833.6;5;10107474107;B
20240412;100928;1833.4;2;10107474134;S
20240412;100928;1833.4;1;10107474135;S
20240412;100928;1833.4;13;10107474136;S
20240412;100928;1833.2;5;10107474137;S
20240412;100928;1833.2;18;10107474138;S
20240412;100928;1833;76;10107474139;S
20240412;100931;1833.2;1;10107474739;B
20240412;100933;1833;20;10107475225;S
20240412;100937;1833.2;1;10107476136;B
20240412;100939;1833.2;1;10107476422;B
20240412;100940;1833;1;10107476549;S
20240412;100941;1833.2;14;10107476746;B
20240412;100942;1833;1;10107476905;S
20240412;100944;1833;1;10107477216;S
20240412;100944;1833.2;5;10107477219;B
20240412;100944;1833.2;1;10107477235;B
20240412;100944;1833.2;4;10107477308;B
20240412;100948;1833;500;10107477984;S
20240412;100948;1833;196;10107478064;S
20240412;100948;1833;76;10107478065;S
20240412;100948;1833;129;10107478066;S
20240412;100948;1833;13;10107478067;S
20240412;100949;1832.4;1;10107478278;B
20240412;100950;1832.2;1;10107478323;S
20240412;100950;1832;1;10107478324;S
20240412;100950;1832;3;10107478325;S
20240412;100952;1832.4;1;10107478696;B
20240412;100956;1832.4;4;10107479618;B
20240412;100959;1832.4;1;10107480071;B
20240412;101000;1832.4;2;10107480648;B
20240412;101006;1832.4;73;10107481606;B
20240412;101006;1832.4;60;10107481607;B
20240412;101006;1832.4;1;10107481608;B
20240412;101006;1832.6;46;10107481609;B
20240412;101006;1832.6;32;10107481610;B
20240412;101006;1832.8;5;10107481611;B
20240412;101006;1832.8;66;10107481612;B
20240412;101006;1833;18;10107481613;B
20240412;101006;1833;56;10107481614;B
20240412;101006;1833;70;10107481615;B
20240412;101006;1833.2;73;10107481616;B
20240412;101011;1832.8;1;10107482563;B
20240412;101012;1832.4;1;10107482689;S
20240412;101012;1832.4;5;10107482690;S
20240412;101012;1832.2;4;10107482691;S
20240412;101020;1832.6;4;10107483922;B
20240412;101020;1832.8;1;10107483944;B
20240412;101020;1832.2;14;10107483957;S
20240412;101020;1832;1;10107483958;S
20240412;101020;1832;5;10107483959;S
20240412;101022;1832.4;1;10107484133;B
20240412;101023;1832.6;14;10107484376;B
20240412;101023;1832.6;60;10107484377;B
20240412;101023;1833;26;10107484378;B
20240412;101023;1832.8;2;10107484384;B
20240412;101024;1832.8;11;10107484536;B
20240412;101028;1832.4;1;10107485187;S
20240412;101030;1832.4;1;10107485486;B
20240412;101031;1832.4;50;10107485630;B
20240412;101033;1832.4;1;10107485868;B
20240412;101034;1832.4;1;10107486003;B
20240412;101034;1832.4;5;10107486006;B
20240412;101039;1832.6;1;10107486718;B
20240412;101040;1832.6;7;10107486899;B
20240412;101040;1832.4;36;10107486965;S
20240412;101047;1832.4;10;10107487998;S
20240412;101047;1832.6;82;10107488104;B
20240412;101047;1832.6;60;10107488105;B
20240412;101047;1832.8;30;10107488106;B
20240412;101047;1833;137;10107488107;B
20240412;101047;1833.2;66;10107488108;B
20240412;101047;1833.2;147;10107488109;B
20240412;101047;1833.2;4;10107488110;B
20240412;101047;1833.4;13;10107488111;B
20240412;101047;1833.4;56;10107488112;B
20240412;101047;1833.4;348;10107488113;B
20240412;101047;1833.8;1;10107488114;B
20240412;101047;1833.8;90;10107488115;B
20240412;101047;1834;130;10107488116;B
20240412;101047;1834;5;10107488117;B
20240412;101047;1834;600;10107488118;B
20240412;101047;1834.2;9;10107488119;B
20240412;101047;1834.2;44;10107488120;B
20240412;101047;1834.4;178;10107488121;B
20240412;101050;1834;2;10107488506;B
20240412;101053;1834;1;10107488945;B
20240412;101053;1834;2;10107488998;B
20240412;101056;1834;2;10107489336;B
20240412;101105;1834;5;10107490434;B
20240412;101105;1834;2;10107490463;B
20240412;101109;1834;1;10107491001;B
20240412;101112;1834;5;10107491364;B
20240412;101112;1834;5;10107491500;B
20240412;101112;1834;41;10107491554;B
20240412;101112;1834;29;10107491555;B
20240412;101112;1834.2;82;10107491556;B
20240412;101117;1833.4;18;10107492841;S
20240412;101117;1833.4;10;10107492842;S
20240412;101117;1833.2;29;10107492843;S
20240412;101117;1833;1;10107492844;S
20240412;101117;1833;1;10107492845;S
20240412;101117;1833;56;10107492846;S
20240412;101117;1833;116;10107492847;S
20240412;101118;1833.2;10;10107492914;B
20240412;101126;1833.2;2;10107494002;B
20240412;101127;1833.2;54;10107494151;B
20240412;101129;1833.2;1;10107494569;B
20240412;101132;1832.8;7;10107495145;S
20240412;101132;1833.2;1;10107495148;B
20240412;101135;1833.2;1;10107495612;B
20240412;101140;1833.2;30;10107496289;B
20240412;101140;1833.2;1;10107496418;B
20240412;101151;1833;2;10107498197;B
20240412;101151;1833;1;10107498289;B
20240412;101151;1833;9;10107498290;B
20240412;101153;1832.8;1;10107498554;S
20240412;101201;1833.2;1;10107499980;B
20240412;101202;1833;5;10107500045;S
20240412;101202;1833;1;10107500046;S
20240412;101209;1833.2;10;10107501101;B
20240412;101209;1833.2;2;10107501135;B
20240412;101209;1833.2;2;10107501136;B
20240412;101217;1833.2;3;10107502519;B
20240412;101226;1833.2;1;10107503995;B
20240412;101229;1833.2;33;10107504537;B
20240412;101229;1833.4;18;10107504538;B
20240412;101229;1833.4;27;10107504539;B
20240412;101229;1833.6;60;10107504540;B
20240412;101229;1833.8;4;10107504541;B
20240412;101229;1834;1;10107504542;B
20240412;101229;1834;3;10107504543;B
20240412;101229;1834;66;10107504544;B
20240412;101229;1834;125;10107504545;B
20240412;101229;1834;82;10107504546;B
20240412;101229;1834.2;14;10107504547;B
20240412;101229;1834.2;19;10107504548;B
20240412;101238;1834;10;10107505816;B
20240412;101238;1834;2;10107505883;B
20240412;101249;1833.4;18;10107507741;S
20240412;101249;1833.4;2;10107507742;S
20240412;101253;1833.8;1;10107508783;B
20240412;101304;1833.8;4;10107510333;B
20240412;101308;1833.8;5;10107510842;B
20240412;101314;1833.4;2;10107511946;S
20240412;101314;1833.4;1;10107511970;B
20240412;101317;1833.4;1;10107512430;B
20240412;101322;1833.4;1;10107513106;B
20240412;101324;1833.2;20;10107513375;B
20240412;101326;1833.2;1;10107513628;B
20240412;101328;1833.2;1;10107513958;B
20240412;101330;1833.2;3;10107514213;B
20240412;101332;1833;4;10107514429;S
20240412;101333;1833.2;36;10107514682;B
20240412;101334;1833.8;5;10107514778;B
20240412;101337;1833.4;1;10107515306;S
20240412;101400;1833.6;1;10107518613;S
20240412;101404;1833.6;12;10107519300;S
20240412;101412;1834;18;10107520451;B
20240412;101412;1834;42;10107520452;B
20240412;101418;1834;5;10107521223;B
20240412;101420;1834;5;10107521428;B
20240412;101423;1834;1;10107521753;B
20240412;101432;1834;14;10107522891;B
20240412;101434;1833.6;1;10107523103;S
20240412;101434;1833.6;1;10107523104;S
20240412;101438;1834;1;10107523810;B
20240412;101444;1833.6;3;10107524766;S
20240412;101445;1834;5;10107524966;B
20240412;101449;1834;81;10107525686;B
20240412;101449;1834;4;10107525687;B
20240412;101451;1834.4;2;10107526123;B
20240412;101500;1834;1;10107527532;S
20240412;101500;1834;15;10107527541;S
20240412;101500;1834;12;10107527562;S
20240412;101500;1834;2;10107527566;S
20240412;101500;1834;4;10107527567;S
20240412;101500;1834;4;10107527568;S
20240412;101500;1834;46;10107527569;S
20240412;101500;1834;25;10107527571;S
20240412;101500;1833.8;18;10107527572;S
20240412;101500;1833.8;58;10107527573;S
20240412;101500;1833.8;2;10107527574;S
20240412;101500;1833.8;46;10107527575;S
20240412;101500;1833.8;1;10107527576;S
20240412;101500;1833.8;7;10107527577;S
20240412;101510;1834.4;1;10107530347;B
20240412;101510;1834.4;4;10107530348;B
20240412;101517;1834.4;3;10107531765;B
20240412;101520;1834.4;5;10107532450;B
20240412;101525;1834.4;1;10107533468;B
20240412;101527;1834.4;5;10107534036;B
20240412;101530;1834.8;3;10107534886;B
20240412;101530;1834.8;2;10107534887;B
20240412;101530;1834.8;1;10107535000;B
20240412;101533;1834.4;1;10107535480;S
20240412;101542;1834.6;1;10107537451;B
20240412;101542;1834.6;5;10107537461;B
20240412;101543;1834.6;3;10107537581;B
20240412;101543;1834.4;1;10107537631;S
20240412;101543;1834.4;1;10107537632;S
20240412;101543;1834;4;10107537633;S
20240412;101543;1834;24;10107537634;S
20240412;101543;1834;1;10107537635;S
20240412;101543;1833.8;68;10107537636;S
20240412;101546;1834.4;1;10107538331;B
20240412;101549;1834.8;3;10107538999;B
20240412;101549;1834.8;25;10107539000;B
20240412;101549;1834.8;3;10107539001;B
20240412;101554;1834.8;1;10107539983;B
20240412;101603;1834.8;5;10107542323;B
20240412;101612;1834.8;10;10107544746;B
20240412;101614;1834.8;2;10107545234;B
20240412;101616;1834.8;2;10107545587;B
20240412;101617;1834.8;1;10107546011;B
20240412;101624;1834.8;1;10107547192;B
20240412;101625;1834.8;2;10107547582;B
20240412;101625;1834.8;1;10107547589;B
20240412;101628;1834.8;1;10107548068;B
20240412;101631;1834.8;20;10107548528;B
20240412;101632;1834.8;5;10107548771;B
20240412;101636;1834.8;2;10107549701;B
20240412;101637;1834.6;10;10107549932;S
20240412;101637;1834.8;2;10107549974;B
20240412;101642;1834.8;2;10107550826;B
20240412;101643;1834.8;5;10107551004;B
20240412;101645;1834.8;10;10107551349;B
20240412;101648;1834.8;1;10107552093;B
20240412;101648;1834.8;10;10107552184;B
20240412;101653;1834.6;2;10107553336;S
20240412;101656;1834.8;1;10107554097;B
20240412;101702;1834.8;5;10107555493;B
20240412;101703;1834.8;10;10107555840;B
20240412;101705;1834.8;70;10107556062;B
20240412;101711;1834.8;100;10107557169;B
20240412;101712;1834.8;2;10107557384;B
20240412;101714;1834.8;1;10107557780;B
20240412;101719;1834.6;8;10107558946;S
20240412;101719;1834.6;2;10107558947;S
20240412;101719;1834.6;40;10107558948;S
20240412;101719;1834.6;24;10107558949;S
20240412;101719;1834.6;4;10107558950;S
20240412;101719;1834.4;1;10107558951;S
20240412;101719;1834.2;1;10107558952;S
20240412;101719;1834.2;5;10107558953;S
20240412;101719;1834.2;5;10107558954;S
20240412;101719;1834.2;5;10107558955;S
20240412;101719;1834.2;60;10107558956;S
20240412;101719;1834;1;10107558957;S
20240412;101719;1834;44;10107558958;S
20240412;101720;1834.6;2;10107559324;B
20240412;101721;1834.6;5;10107559426;B
20240412;101728;1834;1;10107560670;S
20240412;101728;1834;3;10107560671;S
20240412;101730;1834.6;5;10107561080;B
20240412;101731;1834;21;10107561425;S
20240412;101735;1834.6;2;10107562054;B
20240412;101740;1834.6;1;10107563225;B
20240412;101741;1834.6;9;10107563327;B
20240412;101742;1834.6;10;10107563468;B
20240412;101744;1834.6;3;10107563798;B
20240412;101749;1834;1;10107564585;S
20240412;101749;1834;24;10107564586;S
20240412;101749;1833.8;18;10107564587;S
20240412;101749;1833.8;13;10107564588;S
20240412;101749;1833.8;1;10107564589;S
20240412;101749;1833.6;43;10107564590;S
20240412;101756;1834.4;5;10107566052;B
20240412;101802;1833.8;10;10107567200;S
20240412;101802;1834.4;5;10107567214;B
20240412;101802;1834.4;8;10107567250;B
20240412;101802;1834.6;63;10107567251;B
20240412;101802;1834.6;2;10107567252;B
20240412;101802;1834.6;24;10107567253;B
20240412;101802;1834.8;13;10107567254;B
20240412;101806;1834;5;10107568089;S
20240412;101816;1834.6;66;10107569755;B
20240412;101817;1834.8;61;10107570010;B
20240412;101817;1834.8;4;10107570011;B
20240412;101817;1834.8;5;10107570012;B
20240412;101817;1834.8;1;10107570013;B
20240412;101817;1834.8;24;10107570014;B
20240412;101817;1835;48;10107570015;B
20240412;101817;1835;1;10107570057;B
20240412;101822;1834.6;6;10107570970;S
20240412;101822;1834.6;2;10107570971;S
20240412;101822;1834.4;12;10107570972;S
20240412;101826;1834.4;2;10107571616;S
20240412;101826;1834.2;5;10107571617;S
20240412;101844;1834.8;5;10107574543;B
20240412;101846;1834.6;23;10107574889;B
20240412;101846;1834.8;77;10107574890;B
20240412;101847;1834.4;1;10107575144;S
20240412;101848;1834.4;20;10107575196;B
20240412;101848;1834.6;2;10107575221;B
20240412;101850;1834.2;3;10107575558;S
20240412;101851;1834.4;3;10107575768;B
20240412;101853;1834.4;8;10107576088;B
20240412;101855;1834.2;1;10107576320;S
20240412;101855;1834.2;9;10107576347;S
20240412;101855;1834.2;5;10107576348;S
20240412;101855;1834;4;10107576349;S
20240412;101855;1834;5;10107576350;S
20240412;101855;1834;1;10107576351;S
20240412;101855;1834;5;10107576352;S
20240412;101859;1834.2;1;10107576940;B
20240412;101901;1834.2;1;10107577268;B
20240412;101909;1834.2;1;10107578386;B
20240412;101915;1834.2;2;10107579228;B
20240412;101922;1834.2;1;10107580179;B
20240412;101923;1834.2;1;10107580341;S
20240412;101932;1834.4;3;10107581676;B
20240412;101944;1834;1;10107583357;S
20240412;101949;1833.8;6;10107584171;S
20240412;101950;1834.4;1;10107584292;B
20240412;101955;1834.4;1;10107585449;B
20240412;102001;1834.4;2;10107586271;B
20240412;102005;1834.4;1;10107587003;B
20240412;102013;1834;1;10107588258;S
20240412;102014;1834.2;1;10107588387;B
20240412;102017;1834.2;1;10107588765;B
20240412;102022;1834;4;10107589492;S
20240412;102026;1834;1;10107590972;B
20240412;102031;1834;15;10107594324;B
20240412;102034;1834.2;1;10107594947;B
20240412;102034;1834.2;1;10107594948;B
20240412;102041;1834.2;1;10107595864;B
20240412;102042;1834.2;12;10107596234;B
20240412;102101;1834.2;10;10107602811;B
20240412;102101;1834.2;21;10107602812;B
20240412;102108;1834.4;1;10107604462;B
20240412;102109;1834.4;1;10107604823;B
20240412;102113;1834.2;1;10107606022;S
20240412;102113;1834.2;1;10107606026;S
20240412;102113;1834.2;1;10107606027;S
20240412;102113;1834.2;1;10107606033;S
20240412;102113;1834.2;1;10107606034;S
20240412;102113;1834.2;1;10107606035;S
20240412;102113;1834.2;1;10107606037;S
20240412;102115;1834.4;1;10107607074;B
20240412;102117;1834.4;1;10107607260;B
20240412;102120;1834.4;1;10107607875;B
20240412;102121;1834.4;1;10107607947;B
20240412;102122;1834.2;67;10107608083;S
20240412;102122;1834.2;1;10107608084;S
20240412;102122;1834.2;62;10107608085;S
20240412;102122;1834.4;1;10107608192;B
20240412;102126;1834.4;1;10107609195;B
20240412;102126;1834.4;9;10107609196;B
20240412;102127;1834.4;1;10107609290;B
20240412;102127;1834.4;2;10107609291;B
20240412;102127;1834.4;1;10107609292;B
20240412;102127;1834.4;1;10107609293;B
20240412;102127;1834.4;1;10107609294;B
20240412;102127;1834.4;1;10107609295;B
20240412;102127;1834.4;1;10107609296;B
20240412;102127;1834.4;2;10107609297;B
20240412;102128;1834.4;1;10107609994;B
20240412;102128;1834.4;1;10107609995;B
20240412;102128;1834.4;10;10107609996;B
20240412;102130;1834.4;1;10107610616;B
20240412;102130;1834.4;1;10107610631;B
20240412;102130;1834.4;1;10107610633;B
20240412;102130;1834.4;1;10107610635;B
20240412;102130;1834.4;1;10107610636;S
20240412;102131;1834.4;1;10107610680;S
20240412;102131;1834.4;1;10107610681;S
20240412;102131;1834.4;5;10107610682;S
20240412;102134;1834.8;20;10107611377;B
20240412;102134;1835;4;10107611378;B
20240412;102134;1835;5;10107611379;B
20240412;102134;1835;1;10107611380;B
20240412;102134;1835;10;10107611381;B
20240412;102134;1835;1;10107611382;B
20240412;102134;1835;4;10107611383;B
20240412;102134;1835;5;10107611384;B
20240412;102137;1835;4;10107611717;B
20240412;102137;1835;2;10107611718;B
20240412;102137;1835;3;10107611719;B
20240412;102137;1835;3;10107611720;B
20240412;102137;1835;32;10107611721;B
20240412;102137;1835.2;12;10107611722;B
20240412;102137;1835.2;46;10107611723;B
20240412;102137;1835.2;20;10107611724;B
20240412;102137;1835.2;5;10107611725;B
20240412;102137;1835.4;15;10107611726;B
20240412;102137;1835.4;70;10107611727;B
20240412;102137;1835.4;1;10107611728;B
20240412;102137;1835.4;60;10107611729;B
20240412;102137;1835.6;1;10107611730;B
20240412;102137;1835.6;26;10107611731;B
20240412;102141;1835;1;10107613262;S
20240412;102141;1834.8;1;10107613263;S
20240412;102151;1835.4;1;10107615685;B
20240412;102158;1835.2;2;10107617423;B
20240412;102201;1835.2;2;10107617889;B
20240412;102203;1835.2;15;10107618159;B
20240412;102204;1835;4;10107618246;B
20240412;102204;1835;2;10107618922;S
20240412;102208;1835.4;1;10107619939;B
20240412;102218;1835.2;1;10107622145;S
20240412;102218;1835.2;2;10107622146;S
20240412;102219;1835.2;1;10107622360;B
20240412;102225;1835.2;1;10107624880;B
20240412;102236;1835.2;11;10107627432;B
20240412;102237;1835.6;1;10107627643;B
20240412;102240;1835;3;10107628257;S
20240412;102240;1835;7;10107628258;S
20240412;102243;1835.6;1;10107628581;B
20240412;102252;1835.8;1;10107631827;B
20240412;102252;1835.8;1;10107631828;B
20240412;102252;1836.2;3;10107631921;B
20240412;102252;1836.2;2;10107631922;B
20240412;102253;1836.2;15;10107631938;B
20240412;102253;1836.2;51;10107631986;B
20240412;102253;1836.4;23;10107631987;B
20240412;102253;1836.4;1;10107631988;B
20240412;102253;1836.4;5;10107631989;B
20240412;102253;1836.4;1;10107631990;B
20240412;102253;1836.4;13;10107631991;B
20240412;102253;1836.4;4;10107631992;B
20240412;102253;1836.4;18;10107631993;B
20240412;102253;1836.4;66;10107631994;B
20240412;102253;1836.4;118;10107631995;B
20240412;102254;1835.8;30;10107632180;S
20240412;102256;1836.4;26;10107633448;B
20240412;102257;1835.8;1;10107633634;S
20240412;102300;1835.8;30;10107633863;S
20240412;102300;1836.4;1;10107633891;B
20240412;102306;1836.4;30;10107636192;B
20240412;102309;1836.4;1;10107636574;B
20240412;102309;1836.6;7;10107636575;B
20240412;102311;1836.4;1;10107636945;S
20240412;102314;1836.6;10;10107637240;B
20240412;102314;1836.6;183;10107637353;B
20240412;102314;1836.6;3;10107637354;B
20240412;102314;1836.6;19;10107637355;B
20240412;102320;1836.6;1;10107639777;S
20240412;102321;1836.6;12;10107639781;S
20240412;102322;1836.8;2;10107640048;B
20240412;102322;1836.8;10;10107640110;B
20240412;102322;1836.8;25;10107640111;B
20240412;102322;1837;60;10107640112;B
20240412;102322;1837;1;10107640113;B
20240412;102322;1837;25;10107640114;B
20240412;102323;1836.8;7;10107640137;S
20240412;102323;1837;4;10107640185;B
20240412;102323;1837;20;10107640189;B
20240412;102323;1837;1;10107640208;B
20240412;102324;1837;50;10107640253;B
20240412;102331;1837;8;10107641466;B
20240412;102332;1837;10;10107641538;B
20240412;102333;1837;3;10107641663;B
20240412;102336;1836.8;7;10107642773;S
20240412;102338;1837;22;10107644328;B
20240412;102338;1837;89;10107644329;B
20240412;102339;1837;6;10107644365;B
20240412;102340;1837;107;10107644441;B
20240412;102340;1837;10;10107644442;B
20240412;102340;1837;6;10107644443;B
20240412;102340;1837;10;10107644444;B
20240412;102340;1837;2;10107644445;B
20240412;102340;1837;1;10107644446;B
20240412;102340;1837;14;10107644447;B
20240412;102340;1836.8;1;10107644538;S
20240412;102340;1837;1;10107644539;B
20240412;102340;1837;1;10107644540;B
20240412;102341;1837;1;10107644559;B
20240412;102341;1837;1;10107644560;B
20240412;102341;1837;1;10107644616;B
20240412;102342;1837;1;10107644692;B
20240412;102342;1837;1;10107644693;B
20240412;102342;1837;1;10107644694;B
20240412;102342;1837.2;1;10107644846;B
20240412;102342;1837.2;1;10107644847;B
20240412;102343;1837.2;1;10107644917;B
20240412;102347;1837;10;10107645491;S
20240412;102348;1837.2;1;10107645652;B
20240412;102349;1837.2;1;10107646605;B
20240412;102350;1837.4;10;10107646703;B
20240412;102350;1837.4;43;10107646704;B
20240412;102350;1837.6;7;10107646705;B
20240412;102350;1837.6;2;10107646724;B
20240412;102350;1837.6;20;10107646737;B
20240412;102351;1837.4;5;10107646849;B
20240412;102351;1837.4;5;10107646859;B
20240412;102351;1837.6;5;10107646860;B
20240412;102351;1837.6;47;10107646864;B
20240412;102351;1837.6;1;10107646884;B
20240412;102353;1837.4;4;10107648233;S
20240412;102357;1837.6;6;10107648946;B
20240412;102359;1837.4;2;10107649356;S
20240412;102401;1837.6;2;10107649583;B
20240412;102401;1837.6;1;10107649595;B
20240412;102403;1837.6;9;10107649937;B
20240412;102403;1837.6;1;10107649938;B
20240412;102409;1837.6;30;10107652240;B
20240412;102409;1837.6;17;10107652245;B
20240412;102411;1837.6;25;10107652472;B
20240412;102421;1837.6;1;10107655270;B
20240412;102424;1837.6;1;10107655556;B
20240412;102428;1837.6;3;10107656517;B
20240412;102428;1837.6;4;10107656546;B
20240412;102429;1837.6;1;10107657414;B
20240412;102429;1837.6;2;10107657439;B
20240412;102432;1837.6;1;10107657723;B
20240412;102433;1837.6;1;10107657788;B
20240412;102436;1837.6;13;10107658323;B
20240412;102436;1837.6;33;10107658324;B
20240412;102440;1837.4;1;10107659633;S
20240412;102440;1837.4;1;10107659634;S
20240412;102440;1837.4;1;10107659635;S
20240412;102440;1837.4;7;10107659636;S
20240412;102441;1837.6;2;10107659699;B
20240412;102441;1837.6;25;10107659723;B
20240412;102441;1837.6;2;10107659724;B
20240412;102441;1837.6;7;10107659725;B
20240412;102441;1837.6;2;10107659736;B
20240412;102443;1837.4;1;10107660357;S
20240412;102445;1837.6;10;10107660625;B
20240412;102447;1837.4;1;10107660741;S
20240412;102447;1837.6;3;10107660763;B
20240412;102450;1837.4;1;10107663079;S
20240412;102450;1837.4;1;10107663080;S
20240412;102451;1837.2;10;10107663209;S
20240412;102452;1837.4;18;10107663331;B
20240412;102452;1837.4;2;10107663332;B
20240412;102452;1837.4;2;10107663352;B
20240412;102456;1837.4;1;10107663995;B
20240412;102500;1837.4;2;10107664480;B
20240412;102500;1837.4;18;10107664481;B
20240412;102500;1837.6;77;10107664482;B
20240412;102500;1837.6;3;10107664483;B
20240412;102503;1837.4;2;10107665896;B
20240412;102511;1837.2;1;10107667574;S
20240412;102512;1837;1;10107668614;S
20240412;102512;1837;1;10107668615;S
20240412;102512;1837;50;10107668616;S
20240412;102512;1837;10;10107668617;S
20240412;102512;1836.8;86;10107668620;S
20240412;102512;1836.8;2;10107668621;S
20240412;102512;1836.8;2;10107668622;S
20240412;102512;1836.6;24;10107668641;S
20240412;102513;1836.4;1;10107668703;S
20240412;102513;1836.6;17;10107668895;B
20240412;102513;1836.6;3;10107668896;B
20240412;102515;1836.4;1;10107669185;S
20240412;102517;1836.6;1;10107669428;B
20240412;102518;1836.4;6;10107669507;S
20240412;102532;1836.6;45;10107673989;B
20240412;102532;1836.6;17;10107673990;B
20240412;102532;1836.6;1;10107673991;B
20240412;102532;1836.8;52;10107673992;B
20240412;102536;1836.6;17;10107674740;B
20240412;102536;1836.6;33;10107674741;B
20240412;102540;1836.6;1;10107675246;B
20240412;102545;1836.6;2;10107676019;B
20240412;102545;1836.8;1;10107676027;B
20240412;102549;1836.6;5;10107678435;B
20240412;102552;1836.6;2;10107678796;B
20240412;102559;1836.6;17;10107680198;B
20240412;102559;1836.6;58;10107680199;B
20240412;102559;1836.8;25;10107680200;B
20240412;102605;1836.4;2;10107682074;S
20240412;102605;1836.4;1;10107682075;S
20240412;102605;1836.4;1;10107682076;S
20240412;102605;1836.2;1;10107682117;B
20240412;102605;1836.4;1;10107682123;B
20240412;102605;1836.4;1;10107682124;B
20240412;102605;1836.4;1;10107682128;B
20240412;102605;1836.4;5;10107682171;B
20240412;102606;1836.4;5;10107682174;B
20240412;102606;1836.4;1;10107682176;B
20240412;102606;1836.4;5;10107682184;B
20240412;102606;1836.4;1;10107682185;B
20240412;102606;1836.4;1;10107682187;B
20240412;102606;1836.4;5;10107682189;B
20240412;102606;1836.4;1;10107682190;B
20240412;102606;1836.4;5;10107682193;B
20240412;102606;1836.4;1;10107682196;B
20240412;102606;1836.4;3;10107682198;B
20240412;102606;1836.8;1;10107682233;B
20240412;102613;1836.8;2;10107683146;B
20240412;102614;1836.6;2;10107684887;S
20240412;102614;1836.6;1;10107684888;S
20240412;102614;1836.4;4;10107684889;S
20240412;102614;1836.6;5;10107684894;B
20240412;102614;1836.6;1;10107684896;B
20240412;102614;1836.6;5;10107684917;B
20240412;102614;1836.6;5;10107684933;B
20240412;102614;1836.6;2;10107684954;B
20240412;102622;1836.6;1;10107685955;B
20240412;102623;1836.6;8;10107686103;B
20240412;102623;1836.6;2;10107687196;B
20240412;102623;1836.6;5;10107687197;B
20240412;102623;1836.6;1;10107687198;B
20240412;102624;1836.4;4;10107687254;S
20240412;102624;1836.6;2;10107687323;B
20240412;102627;1836.6;10;10107687552;B
20240412;102627;1836.6;3;10107687575;B
20240412;102627;1836.6;5;10107687622;B
20240412;102630;1836.6;1;10107688189;S
20240412;102633;1836.6;5;10107688538;B
20240412;102637;1836.4;2;10107689729;S
20240412;102637;1836.4;5;10107689730;S
20240412;102637;1836.4;40;10107689731;S
20240412;102637;1836.4;1;10107689732;S
20240412;102637;1836.2;7;10107689733;S
20240412;102639;1836;10;10107689919;S
20240412;102639;1836;1;10107689920;S
20240412;102639;1836;18;10107689921;S
20240412;102639;1836;1;10107689922;S
20240412;102639;1835.8;3;10107689923;S
20240412;102639;1835.8;10;10107689924;S
20240412;102639;1835.8;12;10107689925;S
20240412;102640;1835.8;1;10107690109;B
20240412;102648;1835.6;2;10107691882;B
20240412;102657;1835.4;1;10107695427;B
20240412;102657;1835;1;10107695429;S
20240412;102657;1835;1;10107695430;S
20240412;102701;1835.6;6;10107696600;B
20240412;102705;1835.6;1;10107697576;B
20240412;102706;1835.6;1;10107697829;B
20240412;102708;1835;4;10107698859;S
20240412;102708;1835;2;10107698860;S
20240412;102710;1835.4;1;10107699294;B
20240412;102716;1835;1;10107700452;S
20240412;102729;1835.6;2;10107704360;B
20240412;102737;1835;7;10107706271;S
20240412;102737;1835;7;10107706272;S
20240412;102737;1835;2;10107706273;S
20240412;102737;1835;4;10107706274;S
20240412;102740;1835;5;10107707562;S
20240412;102745;1835.4;1;10107708384;B
20240412;102750;1835.8;4;10107710213;B
20240412;102750;1835.8;66;10107710214;B
20240412;102750;1835.8;10;10107710215;B
20240412;102751;1835.8;1;10107710300;B
20240412;102810;1835;4;10107713146;S
20240412;102811;1835.8;2;10107713422;B
20240412;102812;1835.8;66;10107713459;B
20240412;102812;1835.8;4;10107713460;B
20240412;102812;1836;18;10107713461;B
20240412;102812;1836;15;10107713462;B
20240412;102812;1836;12;10107713463;B
20240412;102812;1836;147;10107713464;B
20240412;102812;1836.2;60;10107713465;B
20240412;102812;1836.6;56;10107713466;B
20240412;102812;1837.2;13;10107713467;B
20240412;102812;1837.2;5;10107713468;B
20240412;102812;1837.2;104;10107713469;B
20240412;102812;1836.4;56;10107713470;S
20240412;102812;1836.4;8;10107713471;B
20240412;102824;1836.4;1;10107714645;B
20240412;102824;1836.4;16;10107714646;B
20240412;102824;1836.4;8;10107714647;B
20240412;102824;1836.4;36;10107714648;B
20240412;102824;1836.6;66;10107714649;B
20240412;102824;1836.6;107;10107714650;B
20240412;102828;1836.6;8;10107715088;B
20240412;102829;1836;18;10107715959;S
20240412;102829;1835.8;1;10107715960;S
20240412;102829;1835.8;13;10107715961;S
20240412;102829;1835.8;16;10107715962;S
20240412;102829;1835.6;52;10107715963;S
20240412;102833;1836.4;10;10107719691;B
20240412;102834;1836.4;1;10107720997;B
20240412;102838;1836.4;2;10107724487;B
20240412;102839;1836.4;5;10107726263;B
20240412;102841;1835.6;13;10107727592;S
20240412;102841;1835.6;18;10107727593;S
20240412;102841;1835.4;69;10107727594;S
20240412;102841;1836;10;10107728376;B
20240412;102842;1836;8;10107729103;B
20240412;102842;1836.2;52;10107729104;B
20240412;102843;1836.2;66;10107730053;B
20240412;102843;1836.4;35;10107730054;B
20240412;102843;1836.4;15;10107730055;B
20240412;102843;1836.6;147;10107730056;B
20240412;102843;1836.6;3;10107730057;B
20240412;102843;1836.6;34;10107730058;B
20240412;102846;1835.6;13;10107732389;S
20240412;102846;1835.6;18;10107732390;S
20240412;102846;1835.6;89;10107732391;S
20240412;102846;1835.6;1;10107733086;S
20240412;102851;1835.6;60;10107736895;S
20240412;102858;1836;5;10107743786;B
20240412;102858;1836;2;10107743787;B
20240412;102908;1835.6;1;10107753612;S
20240412;102908;1835.6;15;10107753613;S
20240412;102908;1835.4;13;10107753614;S
20240412;102908;1835.4;48;10107753615;S
20240412;102908;1835.2;123;10107753616;S
20240412;102910;1836;1;10107755696;B
20240412;102913;1836;1;10107758411;B
20240412;102915;1836;16;10107760611;B
20240412;102915;1836;6;10107760612;B
20240412;102937;1836;1;10107778734;S
20240412;102941;1836.2;1;10107782496;B
20240412;102941;1836.2;1;10107782729;B
20240412;102943;1836.2;3;10107784098;B
20240412;102951;1836.2;4;10107790390;B
20240412;102951;1836.2;1;10107790677;B
20240412;102951;1836.2;13;10107790678;B
20240412;102951;1836.2;15;10107790679;B
20240412;102951;1836.4;66;10107790680;B
20240412;102951;1836.6;2;10107790681;B
20240412;102951;1836.6;53;10107790682;B
20240412;102951;1836.6;7;10107790793;B
20240412;102951;1836.8;50;10107790794;B
20240412;102951;1837;66;10107790795;B
20240412;102951;1837;15;10107790796;B
20240412;102951;1837.2;12;10107790797;B
20240412;102953;1837.2;150;10107792577;B
20240412;102953;1837.2;46;10107792745;B
20240412;102953;1837.4;12;10107792746;B
20240412;102953;1837.4;15;10107792747;B
20240412;102953;1837.4;20;10107792748;B
20240412;102953;1837.6;7;10107792749;B
20240412;102953;1837.6;1;10107792750;B
20240412;102953;1837.6;1;10107792751;B
20240412;102953;1837.6;5;10107792752;B
20240412;102953;1837.6;43;10107792753;B
20240412;102955;1837.8;2;10107794054;B
20240412;102955;1837.8;100;10107794055;B
20240412;102955;1837.8;48;10107794056;B
20240412;102955;1837.8;2;10107794071;B
20240412;102955;1837.8;3;10107794072;B
20240412;102955;1837.8;38;10107794073;B
20240412;102955;1837.8;40;10107794074;B
20240412;102955;1838;15;10107794075;B
20240412;102955;1838;32;10107794076;B
20240412;102955;1838.2;5;10107794077;B
20240412;102955;1838.2;5;10107794078;B
20240412;102955;1838.2;10;10107794079;B
20240412;102956;1838;2;10107794901;B
20240412;102957;1838;150;10107795587;B
20240412;102957;1838;48;10107795659;B
20240412;102957;1838.2;15;10107795660;B
20240412;102957;1838.4;1;10107795661;B
20240412;102957;1838.4;1;10107795662;B
20240412;102957;1838.4;36;10107795663;B
20240412;102957;1838.4;40;10107795664;B
20240412;102957;1838.4;9;10107795665;B
20240412;102959;1838.4;4;10107796609;B
20240412;102959;1838.4;4;10107796730;B
20240412;102959;1838.4;73;10107797214;B
20240412;103003;1838.4;60;10107800214;B
20240412;103007;1838.4;2;10107803281;B
20240412;103009;1838.4;2;10107804960;B
20240412;103016;1837.6;18;10107811364;S
20240412;103016;1837.2;15;10107811365;S
20240412;103016;1837.2;42;10107811366;S
20240412;103020;1838.2;1;10107815059;B
20240412;103020;1838.2;1;10107815145;B
20240412;103025;1838.2;3;10107819919;B
20240412;103027;1838.2;6;10107822218;B
20240412;103038;1838;1;10107832532;B
20240412;103043;1838;1;10107837652;B
20240412;103046;1838;3;10107841045;B
20240412;103048;1838;1;10107842751;B
20240412;103055;1838;30;10107849786;B
20240412;103100;1837.8;5;10107853851;B
20240412;103105;1837.6;15;10107858754;S
20240412;103107;1837.6;1;10107860357;B
20240412;103108;1837.4;2;10107861119;S
20240412;103108;1837.4;18;10107861120;S
20240412;103111;1836.6;2;10107864957;B
20240412;103115;1836.4;8;10107868651;S
20240412;103115;1836.4;15;10107868652;S
20240412;103115;1836.2;2;10107868653;S
20240412;103115;1836.2;259;10107868654;S
20240412;103115;1836;50;10107868655;S
20240412;103115;1836;147;10107868656;S
20240412;103115;1835.8;144;10107868657;S
20240412;103115;1835.8;2;10107868658;S
20240412;103115;1835.6;150;10107868659;S
20240412;103115;1835.6;56;10107868660;S
20240412;103115;1835.6;60;10107868661;S
20240412;103115;1835.4;107;10107868662;S
20240412;103116;1836;27;10107869121;B
20240412;103116;1835.4;11;10107869663;B
20240412;103116;1836.2;5;10107869747;B
20240412;103123;1836.2;1;10107876075;B
20240412;103132;1836.6;1;10107884853;B
20240412;103132;1836.6;14;10107884854;B
20240412;103136;1835.8;1;10107889496;S
20240412;103136;1835.6;9;10107889497;S
20240412;103137;1837;1;10107890106;B
20240412;103143;1837;10;10107896255;B
20240412;103144;1835.8;1;10107897387;S
20240412;103147;1837;2;10107900035;B
20240412;103153;1836.6;1;10107905524;B
20240412;103206;1836.6;10;10107917772;B
20240412;103206;1835.6;1;10107917785;S
20240412;103209;1836;1;10107920089;S
20240412;103209;1835.8;15;10107920090;S
20240412;103209;1835.8;24;10107920091;S
20240412;103209;1835.6;1;10107920092;S
20240412;103209;1835.6;5;10107920093;S
20240412;103209;1835.4;46;10107920462;S
20240412;103209;1835.2;5;10107920753;S
20240412;103210;1835.2;46;10107921889;B
20240412;103210;1835.2;32;10107921890;B
20240412;103210;1835.4;15;10107921891;B
20240412;103210;1835.4;110;10107921907;S
20240412;103213;1835.4;10;10107924844;S
20240412;103214;1835.8;4;10107925047;B
20240412;103219;1835.4;1;10107930165;S
20240412;103222;1835.8;1;10107933437;B
20240412;103223;1835.8;1;10107933947;B
20240412;103224;1835.8;1;10107935186;B
20240412;103225;1835.4;86;10107935740;S
20240412;103225;1835.2;13;10107935741;S
20240412;103225;1835.2;15;10107935742;S
20240412;103225;1835;2;10107935743;S
20240412;103225;1835;3;10107935744;S
20240412;103225;1835;10;10107935745;S
20240412;103225;1835;1;10107935746;S
20240412;103225;1835;1;10107935747;S
20240412;103225;1835;1;10107935748;S
20240412;103225;1835;1;10107935749;S
20240412;103225;1835;277;10107935750;S
20240412;103225;1835;10;10107935751;S
20240412;103225;1835;100;10107935752;S
20240412;103225;1835;10;10107935753;S
20240412;103225;1835;305;10107935754;S
20240412;103227;1835.4;2;10107937512;B
20240412;103229;1835.6;1;10107939023;B
20240412;103234;1835.4;1;10107943287;B
20240412;103236;1835;3;10107944568;S
20240412;103236;1835;1;10107944569;S
20240412;103236;1835;1;10107944570;S
20240412;103236;1835.4;1;10107944760;B
20240412;103236;1835.6;19;10107944761;B
20240412;103249;1835;1;10107955673;S
20240412;103250;1835.4;5;10107956103;B
20240412;103300;1835.4;1;10107963951;B
20240412;103300;1835.4;1;10107963952;B
20240412;103300;1835.4;1;10107963953;B
20240412;103300;1835.4;1;10107963954;B
20240412;103300;1835.4;1;10107963955;B
20240412;103300;1835.4;10;10107963956;B
20240412;103306;1835.4;1;10107969112;B
20240412;103316;1835;1;10107977445;S
20240412;103320;1835.4;5;10107980520;B
20240412;103330;1835.4;1;10107990998;B
20240412;103340;1835.4;1;10107999761;B
20240412;103340;1835.4;1;10108000602;B
20240412;103340;1835.4;4;10108000771;B
20240412;103341;1835.2;2;10108001160;S
20240412;103341;1835;1;10108001161;S
20240412;103348;1835.4;3;10108007633;B
20240412;103356;1835.2;1;10108015571;B
20240412;103356;1835.2;1;10108015801;B
20240412;103357;1835;6;10108016253;S
20240412;103359;1835;1;10108017924;S
20240412;103402;1835;9;10108021354;S
20240412;103402;1835;1;10108021355;S
20240412;103402;1835;4;10108021356;S
20240412;103402;1835;1;10108021357;S
20240412;103402;1835;3;10108021358;S
20240412;103402;1835;1;10108021359;S
20240412;103402;1835;1;10108021360;S
20240412;103402;1835;1;10108021361;S
20240412;103402;1835;1;10108021362;S
20240412;103403;1835;1;10108021863;B
20240412;103403;1835;54;10108022289;B
20240412;103406;1835;1;10108025596;B
20240412;103407;1835;2;10108026446;B
20240412;103409;1834.8;1;10108027608;S
20240412;103411;1835;6;10108030291;B
20240412;103413;1835;1;10108032140;B
20240412;103414;1834.8;1;10108032832;S
20240412;103414;1834.8;15;10108032864;B
20240412;103414;1834.8;66;10108032865;B
20240412;103414;1835;80;10108032866;B
20240412;103414;1834.8;1;10108033288;B
20240412;103416;1834.8;1;10108034422;B
20240412;103416;1834.8;2;10108035115;B
20240412;103417;1834.6;1;10108036127;S
20240412;103419;1834.8;1;10108038241;B
20240412;103420;1834.6;4;10108038661;S
20240412;103420;1834.6;1;10108038662;S
20240412;103420;1834.6;1;10108038663;S
20240412;103420;1834.6;5;10108038664;S
20240412;103420;1834.2;8;10108038665;S
20240412;103420;1834.2;10;10108038666;S
20240412;103420;1834.2;2;10108038667;S
20240412;103420;1834.2;2;10108038668;S
20240412;103420;1834.2;1;10108038669;S
20240412;103420;1834.2;15;10108038670;S
20240412;103420;1834;10;10108038671;S
20240412;103420;1834;1;10108038672;S
20240412;103421;1834;1;10108039480;S
20240412;103421;1834;1;10108039481;S
20240412;103421;1834;3;10108039482;S
20240412;103422;1834;60;10108041026;S
20240412;103426;1834;37;10108044696;S
20240412;103426;1834;1;10108044697;S
20240412;103426;1834;1;10108044698;S
20240412;103426;1834;1;10108044699;S
20240412;103426;1834;1;10108044700;S
20240412;103426;1833.8;1;10108044701;S
20240412;103426;1833.8;1;10108044702;S
20240412;103426;1833.8;1;10108044703;S
20240412;103426;1833.8;1;10108044704;S
20240412;103426;1833.8;1;10108044705;S
20240412;103426;1833.6;10;10108044706;S
20240412;103426;1833.6;1;10108044707;S
20240412;103426;1833.6;1;10108044708;S
20240412;103426;1833.6;2;10108044709;S
20240412;103428;1833.4;1;10108047028;S
20240412;103428;1833.4;1;10108047029;S
20240412;103428;1833.4;15;10108047030;S
20240412;103428;1833.4;5;10108047031;S
20240412;103428;1833.2;38;10108047032;S
20240412;103430;1833.8;70;10108050009;B
20240412;103431;1833.8;2;10108050820;B
20240412;103438;1833.2;28;10108057404;S
20240412;103438;1833.2;3;10108057405;S
20240412;103438;1833.2;1;10108057406;S
20240412;103438;1833.2;5;10108057407;S
20240412;103438;1833.2;23;10108057408;S
20240412;103444;1834;1;10108064016;B
20240412;103446;1834;2;10108066006;B
20240412;103455;1834;1;10108075091;B
20240412;103456;1833.4;15;10108075549;S
20240412;103456;1833.4;16;10108075550;S
20240412;103456;1833.2;29;10108075551;S
20240412;103457;1834.2;16;10108076290;B
20240412;103458;1834.2;2;10108078000;B
20240412;103505;1834.4;1;10108084655;B
20240412;103508;1834.6;10;10108087710;B
20240412;103511;1834.6;1;10108090757;B
20240412;103511;1834.6;1;10108090907;B
20240412;103511;1834.6;4;10108090908;B
20240412;103514;1834.6;2;10108093820;B
20240412;103516;1834.6;3;10108095399;B
20240412;103519;1834.2;3;10108098752;S
20240412;103519;1834.6;4;10108098833;B
20240412;103519;1834.6;1;10108098958;B
20240412;103519;1834.6;2;10108098959;B
20240412;103519;1834.6;1;10108098976;B
20240412;103535;1834.6;1;10108112931;B
20240412;103536;1834.6;20;10108114318;B
20240412;103539;1834.8;2;10108116472;B
20240412;103550;1835;100;10108125821;B
20240412;103556;1834.8;1;10108130471;S
20240412;103556;1835;1;10108130855;B
20240412;103558;1835;2;10108131809;B
20240412;103605;1834.8;1;10108137697;S
20240412;103605;1835;7;10108137751;B
20240412;103608;1835;1;10108139891;B
20240412;103608;1835;222;10108139917;B
20240412;103608;1835;3;10108139918;B
20240412;103608;1835.2;98;10108139919;B
20240412;103608;1835.2;177;10108139920;B
20240412;103611;1834.6;1;10108142344;S
20240412;103614;1835.2;13;10108144459;B
20240412;103623;1835;8;10108151583;B
20240412;103623;1835.2;63;10108151584;B
20240412;103627;1834.8;1;10108155336;S
20240412;103627;1834.6;1;10108155337;S
20240412;103627;1834.6;15;10108155338;S
20240412;103627;1834.4;43;10108155339;S
20240412;103628;1834.4;39;10108156530;S
20240412;103628;1834.4;66;10108156531;S
20240412;103628;1834.4;18;10108156532;S
20240412;103628;1834.4;137;10108156533;S
20240412;103628;1834.2;2;10108156534;S
20240412;103628;1834.2;147;10108156535;S
20240412;103628;1834.2;56;10108156536;S
20240412;103628;1834.2;15;10108156537;S
20240412;103628;1834;1;10108156538;S
20240412;103628;1834;60;10108156539;S
20240412;103628;1833.8;1;10108156540;S
20240412;103628;1833.4;117;10108156541;S
20240412;103628;1833.2;588;10108156542;S
20240412;103628;1833.2;12;10108156543;S
20240412;103628;1833;396;10108156544;S
20240412;103628;1833;1;10108156545;S
20240412;103628;1833;1;10108156546;S
20240412;103628;1833;5;10108156547;S
20240412;103628;1833;1;10108156548;S
20240412;103628;1833;1;10108156549;S
20240412;103628;1833;10;10108156550;S
20240412;103628;1833;1;10108156551;S
20240412;103628;1833;1;10108156552;S
20240412;103628;1833;1;10108156553;S
20240412;103628;1833;2;10108156554;S
20240412;103628;1833;5;10108156555;S
20240412;103628;1833;90;10108156556;S
20240412;103628;1833;10;10108156557;S
20240412;103628;1833;70;10108156558;S
20240412;103628;1832.8;2;10108156559;S
20240412;103628;1832.8;500;10108156560;S
20240412;103628;1832.8;3;10108156561;S
20240412;103628;1832.8;1;10108156562;S
20240412;103628;1832.8;10;10108156563;S
20240412;103628;1832.8;600;10108156564;S
20240412;103628;1832.8;1;10108156565;S
20240412;103628;1832.6;23;10108156566;S
20240412;103628;1832.6;2;10108156567;S
20240412;103628;1832.6;2;10108156568;S
20240412;103628;1832.6;10;10108156569;S
20240412;103628;1832.6;1;10108156570;S
20240412;103628;1832.6;1;10108156571;S
20240412;103628;1832.4;60;10108156572;S
20240412;103628;1832.4;1;10108156573;S
20240412;103628;1832.4;1;10108156574;S
20240412;103628;1832.4;70;10108156575;S
20240412;103628;1832.4;60;10108156576;S
20240412;103628;1832.4;600;10108156577;S
20240412;103628;1832.4;600;10108156578;S
20240412;103628;1832.2;2;10108156579;S
20240412;103628;1832.2;1;10108156580;S
20240412;103628;1832.2;1;10108156581;S
20240412;103628;1832.2;574;10108156582;S
20240412;103629;1832.8;66;10108157093;S
20240412;103629;1832.6;17;10108157094;S
20240412;103629;1832.6;147;10108157095;S
20240412;103629;1832.6;15;10108157096;S
20240412;103629;1832;1;10108157097;S
20240412;103629;1832;50;10108157098;S
20240412;103629;1832;4;10108157099;S
20240412;103630;1832.4;2;10108157387;S
20240412;103630;1832;3;10108157388;S
20240412;103630;1832.4;1;10108158005;B
20240412;103634;1832.2;8;10108161797;S
20240412;103640;1832.6;25;10108167248;B
20240412;103647;1832;19;10108173632;S
20240412;103650;1832.2;66;10108177181;S
20240412;103650;1832.2;16;10108177182;S
20240412;103650;1832;2;10108177183;S
20240412;103651;1832;6;10108177414;S
20240412;103651;1832;4;10108177415;S
20240412;103651;1832;1;10108177416;S
20240412;103651;1832;2;10108177417;S
20240412;103651;1832;1;10108177418;S
20240412;103651;1832;2;10108177419;S
20240412;103651;1832;147;10108177420;S
20240412;103651;1831.8;16;10108177421;S
20240412;103651;1831.6;10;10108177422;S
20240412;103651;1831.4;1;10108177423;S
20240412;103651;1831.4;56;10108177424;S
20240412;103651;1831.4;24;10108177425;S
20240412;103651;1831.4;198;10108177426;S
20240412;103651;1831.4;32;10108177427;S
20240412;103651;1831.6;5;10108177757;S
20240412;103704;1831.6;50;10108189199;S
20240412;103706;1832.4;1;10108191630;B
20240412;103711;1832.4;2;10108196666;B
20240412;103712;1832;2;10108197500;B
20240412;103714;1831.8;2;10108199689;S
20240412;103714;1831.8;51;10108199690;S
20240412;103715;1832;1;10108200055;B
20240412;103715;1832;1;10108200763;B
20240412;103716;1832;24;10108201205;B
20240412;103717;1831.8;7;10108202456;S
20240412;103717;1832;5;10108202698;B
20240412;103719;1832;2;10108203830;B
20240412;103720;1832;2;10108205085;B
20240412;103721;1832;1;10108206436;B
20240412;103722;1831.8;5;10108207104;S
20240412;103722;1831.8;16;10108207105;S
20240412;103722;1831.8;80;10108207106;S
20240412;103722;1831.8;1;10108207107;S
20240412;103722;1831.6;1;10108207108;S
20240412;103722;1831.6;10;10108207109;S
20240412;103722;1831.6;66;10108207110;S
20240412;103722;1831.6;147;10108207111;S
20240412;103722;1831.6;5;10108207112;S
20240412;103722;1831.4;40;10108207113;S
20240412;103722;1831.2;3;10108207114;S
20240412;103722;1831.2;3;10108207115;S
20240412;103722;1831.2;4;10108207116;S
20240412;103722;1831.2;5;10108207117;S
20240412;103722;1831.2;1;10108207118;S
20240412;103722;1831.2;20;10108207119;S
20240412;103722;1831.2;2;10108207120;S
20240412;103722;1831.2;18;10108207121;S
20240412;103722;1831.2;4;10108207122;S
20240412;103722;1831.2;59;10108207123;S
20240412;103722;1831;10;10108207124;S
20240412;103739;1831.8;18;10108224035;B
20240412;103739;1831.8;10;10108224036;B
20240412;103739;1831.8;100;10108224037;B
20240412;103739;1831.8;1;10108224038;B
20240412;103739;1831.8;1;10108224039;B
20240412;103743;1831.8;1;10108228570;S
20240412;103745;1832;20;10108230266;B
20240412;103746;1832;1;10108231218;B
20240412;103747;1831.8;69;10108231619;S
20240412;103747;1831.8;10;10108231620;S
20240412;103747;1832;1;10108232572;B
20240412;103748;1831.8;1;10108233452;S
20240412;103748;1831.6;59;10108233453;S
20240412;103754;1831.6;60;10108239747;S
20240412;103755;1831.8;1;10108240547;B
20240412;103759;1831.6;4;10108244174;B
20240412;103759;1831.6;100;10108244175;B
20240412;103759;1832;40;10108244176;B
20240412;103759;1832;27;10108244177;B
20240412;103759;1832;2;10108244178;B
20240412;103759;1832;1;10108244179;B
20240412;103759;1832;15;10108244180;B
20240412;103759;1832;111;10108244181;B
20240412;103759;1831.8;1;10108244800;B
20240412;103801;1831.4;5;10108246973;S
20240412;103801;1831.4;6;10108246974;S
20240412;103803;1831.4;15;10108248489;S
20240412;103807;1831.6;3;10108252624;B
20240412;103809;1831.4;9;10108254356;S
20240412;103810;1831.6;7;10108255075;B
20240412;103810;1831.6;33;10108255076;B
20240412;103813;1831.8;25;10108258127;B
20240412;103814;1831.8;5;10108259465;B
20240412;103816;1831.6;1;10108261502;S
20240412;103816;1831.6;3;10108261503;S
20240412;103819;1831.8;1;10108264290;B
20240412;103819;1831.8;10;10108264341;B
20240412;103819;1831.4;36;10108264778;S
20240412;103819;1831.4;1;10108264779;S
20240412;103819;1831.4;82;10108264780;S
20240412;103819;1831.4;10;10108264781;S
20240412;103819;1831.2;5;10108264782;S
20240412;103819;1831.2;1;10108264783;S
20240412;103819;1831.2;17;10108264784;S
20240412;103824;1831.8;1;10108269599;B
20240412;103833;1831.8;1;10108278232;B
20240412;103835;1831.8;1;10108280582;B
20240412;103837;1831.8;1;10108282274;B
20240412;103837;1831.6;1;10108283154;S
20240412;103843;1831.6;1;10108288363;S
20240412;103843;1831.6;3;10108288364;S
20240412;103843;1831.8;1;10108288449;B
20240412;103844;1831.6;1;10108289521;S
20240412;103848;1831.6;13;10108292757;S
20240412;103848;1831.6;4;10108292758;S
20240412;103848;1831.6;16;10108292759;S
20240412;103848;1831.4;27;10108292760;S
20240412;103851;1831.8;1;10108295597;B
20240412;103854;1831.8;1;10108298473;B
20240412;103904;1831.6;5;10108306182;S
20240412;103905;1831.8;1;10108307098;B
20240412;103907;1831.8;1;10108308199;B
20240412;103910;1831.6;45;10108310802;S
20240412;103910;1831.6;15;10108310803;S
20240412;103911;1831.8;1;10108311440;B
20240412;103911;1831.8;1;10108311926;B
20240412;103917;1831.8;3;10108317006;B
20240412;103918;1831.8;1;10108318061;B
20240412;103920;1831.8;1;10108318938;B
20240412;103920;1831.8;2;10108319430;B
20240412;103920;1831.8;1;10108319431;B
20240412;103920;1831.8;2;10108319432;B
20240412;103925;1831.8;1;10108323734;B
20240412;103932;1831.6;1;10108329286;S
20240412;103939;1831.8;1;10108336026;B
20240412;103940;1831.6;4;10108336186;S
20240412;103940;1831.6;1;10108336187;S
20240412;103940;1831.6;10;10108336188;S
20240412;103940;1831.6;16;10108336189;S
20240412;103940;1831.4;1;10108336190;S
20240412;103940;1831.4;1;10108336191;S
20240412;103940;1831.4;27;10108336192;S
20240412;103941;1831.8;1;10108338259;B
20240412;103942;1831.8;5;10108339286;B
20240412;103946;1831.6;5;10108343050;S
20240412;103951;1831.8;2;10108348043;B
20240412;103957;1831.6;1;10108353286;S
20240412;103958;1831.6;19;10108354064;S
20240412;103958;1831.6;15;10108354065;S
20240412;103958;1831.4;26;10108354066;S
20240412;103958;1831.8;4;10108354074;B
20240412;103958;1831.6;50;10108354093;S
20240412;103959;1831.8;5;10108354715;B
20240412;104002;1831.8;1;10108357211;B
20240412;104003;1831.8;1;10108358553;B
20240412;104003;1831.8;1;10108358798;B
20240412;104004;1831.6;39;10108359910;S
20240412;104004;1831.6;15;10108359911;S
20240412;104004;1831.6;20;10108359912;S
20240412;104004;1831.4;1;10108359913;S
20240412;104004;1831.4;23;10108359914;S
20240412;104019;1831.6;100;10108375989;S
20240412;104020;1831.6;10;10108376459;S
20240412;104022;1831.6;20;10108378514;S
20240412;104022;1831.4;2;10108378515;S
20240412;104035;1831.8;82;10108391384;B
20240412;104035;1831.8;100;10108391385;B
20240412;104035;1831.8;137;10108391386;B
20240412;104035;1832;100;10108391387;B
20240412;104035;1832;1;10108391388;B
20240412;104035;1832;647;10108391389;B
20240412;104035;1832;2;10108391390;B
20240412;104035;1832;21;10108391391;B
20240412;104038;1831.4;1;10108394983;S
20240412;104038;1831.4;18;10108394984;S
20240412;104038;1831.4;15;10108394985;S
20240412;104038;1831.4;26;10108394986;S
20240412;104038;1831.4;38;10108395029;S
20240412;104043;1831.8;1;10108399832;B
20240412;104050;1831.6;1;10108406730;S
20240412;104057;1831.8;3;10108413967;B
20240412;104057;1831.8;2;10108413968;B
20240412;104058;1831.4;1;10108414786;S
20240412;104058;1831.4;1;10108414787;S
20240412;104100;1831.4;9;10108416159;S
20240412;104100;1831.4;16;10108416160;S
20240412;104100;1831.4;1;10108416161;S
20240412;104100;1831.4;1;10108416162;S
20240412;104100;1831.2;33;10108416163;S
20240412;104104;1831.8;1;10108419761;B
20240412;104104;1831.8;10;10108419762;B
20240412;104107;1831.8;1;10108423473;B
20240412;104107;1831.4;1;10108423509;S
20240412;104107;1831.4;1;10108423510;S
20240412;104115;1831.4;1;10108431256;S
20240412;104115;1831.8;50;10108431826;B
20240412;104128;1832;3;10108443633;B
20240412;104128;1831.6;1;10108443964;S
20240412;104141;1831.6;1;10108456310;S
20240412;104141;1831.6;16;10108456311;S
20240412;104141;1831.4;9;10108456312;S
20240412;104141;1831.4;1;10108456313;S
20240412;104141;1831.4;3;10108456314;S
20240412;104141;1831.4;1;10108456315;S
20240412;104141;1831.4;1;10108456316;S
20240412;104141;1831.4;28;10108456317;S
20240412;104146;1832;4;10108462297;B
20240412;104148;1832;2;10108463376;B
20240412;104148;1831.4;1;10108463810;S
20240412;104148;1831.2;24;10108463811;S
20240412;104149;1831.4;1;10108464563;S
20240412;104149;1831.2;6;10108464564;S
20240412;104149;1831.2;20;10108464565;S
20240412;104149;1831.2;5;10108464566;S
20240412;104149;1831.2;1;10108464567;S
20240412;104149;1831.2;1;10108464568;S
20240412;104149;1831.2;1;10108464569;S
20240412;104149;1831.2;8;10108464570;S
20240412;104156;1831.8;1;10108470414;B
20240412;104203;1831.8;1;10108475963;B
20240412;104204;1831.6;1;10108476954;S
20240412;104204;1831.4;1;10108476955;S
20240412;104204;1831.4;1;10108476956;S
20240412;104204;1831.2;12;10108476957;S
20240412;104204;1831.2;15;10108476958;S
20240412;104204;1831.2;10;10108476959;S
20240412;104204;1831.2;1;10108476960;S
20240412;104204;1831;19;10108476961;S
20240412;104204;1831.4;1;10108477003;B
20240412;104204;1831.4;1;10108477073;B
20240412;104206;1831.2;10;10108478424;S
20240412;104206;1831.2;17;10108478425;S
20240412;104206;1831;21;10108478426;S
20240412;104206;1831;2;10108478427;S
20240412;104206;1831;5;10108478428;S
20240412;104206;1831;5;10108478429;S
20240412;104214;1831.6;1;10108485581;B
20240412;104217;1831.6;1;10108488046;B
20240412;104219;1831.4;1;10108489386;S
20240412;104227;1831.6;62;10108496364;B
20240412;104227;1831.6;11;10108496589;B
20240412;104229;1831.8;25;10108497852;B
20240412;104230;1831.8;1;10108497861;B
20240412;104232;1831.4;1;10108500424;S
20240412;104232;1831.4;2;10108500425;S
20240412;104236;1831.4;10;10108503995;S
20240412;104236;1831.4;2;10108503996;S
20240412;104238;1831.2;20;10108504949;S
20240412;104238;1831.2;66;10108504950;S
20240412;104238;1831;1;10108504951;S
20240412;104242;1831.8;1;10108508886;B
20240412;104242;1831.8;5;10108509447;B
20240412;104244;1831.2;2;10108509902;S
20240412;104247;1831.8;23;10108513932;B
20240412;104248;1831.8;30;10108514981;B
20240412;104250;1831.8;77;10108515644;B
20240412;104250;1831.8;100;10108515645;B
20240412;104250;1832;23;10108515646;B
20240412;104255;1831.2;5;10108520595;S
20240412;104255;1831.2;55;10108520596;S
20240412;104257;1831.2;3;10108523204;S
20240412;104257;1831.2;2;10108523205;S
20240412;104257;1831.2;66;10108523219;S
20240412;104257;1831;1;10108523220;S
20240412;104301;1831.8;80;10108525300;B
20240412;104302;1831.8;1;10108527335;B
20240412;104305;1831.8;2;10108530087;B
20240412;104305;1831.6;5;10108530735;S
20240412;104305;1831.4;3;10108530736;S
20240412;104317;1831.2;66;10108541707;S
20240412;104317;1831.2;10;10108541708;S
20240412;104317;1831.2;19;10108541709;S
20240412;104317;1831;3;10108541710;S
20240412;104317;1831;5;10108541711;S
20240412;104317;1831;1;10108541712;S
20240412;104317;1831;2;10108541713;S
20240412;104317;1831;40;10108541714;S
20240412;104317;1831;1;10108541715;S
20240412;104317;1831;14;10108541716;S
20240412;104317;1831.2;1;10108542038;S
20240412;104317;1831;9;10108542039;S
20240412;104317;1831;80;10108542490;S
20240412;104325;1831.8;1;10108549861;B
20240412;104328;1831;60;10108553000;S
20240412;104341;1831.4;1;10108564752;B
20240412;104344;1831.4;1;10108568914;B
20240412;104350;1831.6;2;10108574072;B
20240412;104358;1831.6;9;10108581605;B
20240412;104358;1831.4;5;10108581607;S
20240412;104358;1831.2;5;10108581608;S
20240412;104415;1832;1;10108598365;B
20240412;104418;1832;20;10108601380;B
20240412;104421;1832;2;10108604791;B
20240412;104422;1832;45;10108605751;B
20240412;104422;1832;18;10108605752;B
20240412;104422;1832;12;10108605753;B
20240412;104422;1832;3;10108605754;B
20240412;104422;1832;7;10108605755;B
20240412;104422;1832;8;10108605756;B
20240412;104422;1832;5;10108605757;B
20240412;104422;1832;2;10108605758;B
20240412;104423;1831.6;1;10108607051;S
20240412;104426;1831.8;60;10108609787;S
20240412;104426;1831.8;2;10108609880;S
20240412;104427;1832;1;10108609931;B
20240412;104427;1832;1;10108610565;B
20240412;104428;1831.8;60;10108611290;S
20240412;104428;1832;1;10108611385;B
20240412;104429;1832;1;10108613111;B
20240412;104429;1832;4;10108613112;B
20240412;104430;1832;1;10108613142;B
20240412;104431;1832;4;10108615279;B
20240412;104431;1832;1;10108615280;B
20240412;104434;1832;5;10108618519;B
20240412;104436;1832;10;10108619117;B
20240412;104436;1832;97;10108619118;B
20240412;104436;1831.8;2;10108619937;S
20240412;104436;1831.8;1;10108619938;S
20240412;104436;1831.8;5;10108619939;S
20240412;104436;1831.8;3;10108619948;S
20240412;104436;1831.8;3;10108619952;S
20240412;104436;1831.8;3;10108619957;S
20240412;104436;1831.8;4;10108619965;S
20240412;104436;1831.8;4;10108619966;S
20240412;104436;1831.8;3;10108619968;S
20240412;104436;1831.8;4;10108619971;S
20240412;104436;1831.8;5;10108619974;S
20240412;104436;1831.8;4;10108619975;S
20240412;104436;1831.8;4;10108619976;S
20240412;104436;1831.8;3;10108619977;S
20240412;104436;1831.8;2;10108619985;S
20240412;104436;1831.8;5;10108619987;S
20240412;104437;1831.8;4;10108620064;S
20240412;104437;1831.8;6;10108620821;S
20240412;104437;1831.8;6;10108621056;S
20240412;104438;1831.8;4;10108621610;S
20240412;104438;1831.8;3;10108621615;S
20240412;104438;1831.8;5;10108621623;S
20240412;104438;1831.8;6;10108621634;S
20240412;104438;1831.8;4;10108621635;S
20240412;104438;1831.8;6;10108621636;S
20240412;104438;1831.8;1;10108621637;S
20240412;104438;1831.8;7;10108621638;S
20240412;104438;1832;2;10108621639;B
20240412;104438;1831.8;8;10108621643;S
20240412;104438;1831.8;3;10108621645;S
20240412;104438;1831.8;10;10108621647;S
20240412;104438;1831.8;8;10108621649;S
20240412;104438;1831.8;2;10108621650;S
20240412;104438;1831.8;3;10108621652;S
20240412;104438;1831.8;3;10108621653;S
20240412;104438;1831.8;3;10108621654;S
20240412;104438;1831.8;6;10108621655;S
20240412;104438;1831.8;4;10108621658;S
20240412;104439;1831.8;2;10108621693;S
20240412;104439;1831.8;2;10108621694;S
20240412;104439;1832;1;10108621715;B
20240412;104439;1831.8;4;10108621737;S
20240412;104440;1831.8;3;10108621762;S
20240412;104440;1831.8;3;10108621780;S
20240412;104440;1831.8;11;10108621781;S
20240412;104440;1831.8;3;10108621782;S
20240412;104440;1831.8;3;10108621785;S
20240412;104440;1831.8;5;10108621786;S
20240412;104440;1831.8;4;10108621793;S
20240412;104440;1831.8;1;10108621794;S
20240412;104440;1831.8;3;10108621800;S
20240412;104440;1831.8;8;10108621802;S
20240412;104440;1831.8;5;10108621803;S
20240412;104440;1831.8;3;10108621804;S
20240412;104440;1831.8;3;10108621805;S
20240412;104440;1831.8;4;10108621806;S
20240412;104440;1831.8;2;10108621807;S
20240412;104440;1831.8;2;10108621810;S
20240412;104440;1831.8;4;10108621811;S
20240412;104440;1832;1;10108621857;B
20240412;104440;1831.8;7;10108621859;S
20240412;104441;1831.8;3;10108621915;S
20240412;104441;1831.8;6;10108621935;S
20240412;104441;1831.8;3;10108621989;S
20240412;104442;1831.8;3;10108622000;S
20240412;104442;1831.8;6;10108622003;S
20240412;104442;1831.8;5;10108622005;S
20240412;104442;1831.8;2;10108622011;S
20240412;104442;1831.8;4;10108622015;S
20240412;104442;1831.8;3;10108622022;S
20240412;104442;1831.8;9;10108622029;S
20240412;104442;1831.8;14;10108622033;S
20240412;104442;1831.8;26;10108622037;S
20240412;104442;1831.8;5;10108622038;S
20240412;104442;1831.8;3;10108622039;S
20240412;104442;1831.8;8;10108622040;S
20240412;104442;1831.8;3;10108622042;S
20240412;104442;1831.8;2;10108622044;S
20240412;104442;1831.8;4;10108622045;S
20240412;104442;1831.8;4;10108622046;S
20240412;104442;1831.8;1;10108622085;S
20240412;104442;1831.8;1;10108622086;S
20240412;104442;1831.8;1;10108622088;S
20240412;104442;1831.8;1;10108622089;S
20240412;104442;1831.8;1;10108622090;S
20240412;104442;1831.8;1;10108622091;S
20240412;104442;1831.8;1;10108622093;S
20240412;104442;1831.8;1;10108622094;S
20240412;104442;1831.8;1;10108622095;S
20240412;104442;1831.8;1;10108622096;S
20240412;104442;1831.8;1;10108622097;S
20240412;104442;1831.8;1;10108622098;S
20240412;104442;1831.8;2;10108622099;S
20240412;104442;1831.8;1;10108622100;S
20240412;104442;1831.8;1;10108622101;S
20240412;104442;1831.8;1;10108622102;S
20240412;104442;1831.8;3;10108622103;S
20240412;104442;1831.8;3;10108622104;S
20240412;104442;1831.8;1;10108622106;S
20240412;104442;1831.8;1;10108622114;S
20240412;104442;1831.8;1;10108622115;S
20240412;104442;1831.8;1;10108622116;S
20240412;104442;1831.8;1;10108622117;S
20240412;104442;1831.8;1;10108622120;S
20240412;104442;1831.8;1;10108622123;S
20240412;104442;1831.8;1;10108622129;S
20240412;104442;1831.8;1;10108622136;S
20240412;104442;1831.8;3;10108622139;S
20240412;104442;1831.8;1;10108622140;S
20240412;104442;1831.8;1;10108622142;S
20240412;104442;1831.8;1;10108622143;S
20240412;104442;1831.8;1;10108622144;S
20240412;104442;1831.8;1;10108622145;S
20240412;104442;1831.8;1;10108622147;S
20240412;104442;1831.8;1;10108622148;S
20240412;104442;1831.8;1;10108622149;S
20240412;104442;1831.8;1;10108622150;S
20240412;104442;1831.8;1;10108622152;S
20240412;104442;1831.8;1;10108622154;S
20240412;104442;1831.8;1;10108622157;S
20240412;104442;1831.8;1;10108622164;S
20240412;104442;1831.8;1;10108622178;S
20240412;104443;1831.8;1;10108622198;S
20240412;104443;1831.8;2;10108622200;S
20240412;104443;1831.8;1;10108622202;S
20240412;104443;1831.8;1;10108622203;S
20240412;104443;1831.8;4;10108622204;S
20240412;104443;1831.8;1;10108622206;S
20240412;104443;1831.8;2;10108622212;S
20240412;104443;1831.8;1;10108622238;B
20240412;104444;1831.8;5;10108622330;B
20240412;104444;1831.8;95;10108622331;B
20240412;104447;1831.8;3;10108622723;B
20240412;104447;1831.8;1;10108622724;B
20240412;104448;1831.8;2;10108622728;B
20240412;104449;1831.8;1;10108622879;B
20240412;104454;1831.6;2;10108623534;S
20240412;104457;1831.6;1;10108623881;S
20240412;104458;1831.8;1;10108623909;B
20240412;104458;1831.8;3;10108623948;B
20240412;104458;1831.8;2;10108623960;B
20240412;104500;1831.8;4;10108624244;B
20240412;104500;1831.8;4;10108624245;B
20240412;104503;1831.8;2;10108624567;B
20240412;104503;1831.8;4;10108624568;B
20240412;104504;1831.6;6;10108624740;S
20240412;104507;1831.6;60;10108625334;S
20240412;104509;1831.8;4;10108625582;B
20240412;104509;1831.8;8;10108625583;B
20240412;104509;1831.8;13;10108625584;B
20240412;104509;1831.8;1;10108625629;B
20240412;104512;1831.6;50;10108625990;S
20240412;104513;1831.6;1;10108626044;S
20240412;104513;1831.6;50;10108626089;S
20240412;104513;1831.8;1;10108626160;B
20240412;104514;1831.6;29;10108626231;S
20240412;104514;1831.6;21;10108626232;S
20240412;104515;1831.8;2;10108626389;B
20240412;104515;1831.6;50;10108626395;S
20240412;104515;1831.8;3;10108626398;B
20240412;104516;1831.6;29;10108626509;S
20240412;104516;1831.6;21;10108626510;S
20240412;104521;1831.8;4;10108627041;B
20240412;104521;1831.8;6;10108627042;B
20240412;104521;1831.8;1;10108627095;B
20240412;104523;1831.6;100;10108627312;S
20240412;104527;1831.6;1;10108628321;S
20240412;104527;1831.6;1;10108628367;S
20240412;104528;1831.6;1;10108628396;S
20240412;104530;1831.6;38;10108628830;B
20240412;104530;1831.8;1;10108628831;B
20240412;104530;1831.8;4;10108628832;B
20240412;104530;1831.8;12;10108628833;B
20240412;104530;1831.8;3;10108628834;B
20240412;104530;1831.8;4;10108628835;B
20240412;104530;1831.8;3;10108628836;B
20240412;104530;1831.8;3;10108628837;B
20240412;104530;1831.8;3;10108628838;B
20240412;104530;1831.8;9;10108628839;B
20240412;104530;1831.8;6;10108628840;B
20240412;104530;1831.8;2;10108628841;B
20240412;104530;1831.8;12;10108628842;B
20240412;104535;1831.8;1;10108629489;B
20240412;104540;1831.8;3;10108630197;B
20240412;104544;1831.6;2;10108630803;B
20240412;104547;1831.4;18;10108631133;S
20240412;104547;1831.4;42;10108631134;S
20240412;104551;1831.6;1;10108631577;B
20240412;104553;1831.6;4;10108631757;B
20240412;104553;1831.6;3;10108631785;B
20240412;104553;1831.4;3;10108631790;S
20240412;104557;1831.8;1;10108632286;B
20240412;104601;1831.8;65;10108632993;B
20240412;104601;1831.8;56;10108632994;B
20240412;104601;1831.8;31;10108632995;B
20240412;104602;1831.8;1;10108633197;B
20240412;104611;1831.8;1;10108634345;B
20240412;104612;1831.8;6;10108634528;B
20240412;104613;1831.8;4;10108634593;B
20240412;104613;1831.8;2;10108634635;B
20240412;104620;1831.8;2;10108635673;B
20240412;104627;1831.8;2;10108636402;B
20240412;104627;1831.8;1;10108636423;B
20240412;104632;1831.8;1;10108636923;B
20240412;104636;1831.6;10;10108637410;S
20240412;104641;1831.6;10;10108637873;S
20240412;104641;1831.4;55;10108637874;S
20240412;104641;1831.4;2;10108637875;S
20240412;104641;1831.2;10;10108637876;S
20240412;104641;1831.2;1;10108637877;S
20240412;104641;1831.2;15;10108637878;S
20240412;104641;1831.2;7;10108637879;S
20240412;104646;1831.8;3;10108638565;B
20240412;104646;1831.8;1;10108638566;B
20240412;104646;1831.8;1;10108638567;B
20240412;104646;1831.8;2;10108638568;B
20240412;104646;1832;2;10108638569;B
20240412;104650;1832;250;10108639317;B
20240412;104652;1832;10;10108639473;B
20240412;104654;1832;1;10108639734;B
20240412;104656;1832;1;10108639946;B
20240412;104659;1832;1;10108640172;B
20240412;104701;1832;1;10108640564;B
20240412;104701;1832;1;10108640599;B
20240412;104704;1832;10;10108640889;B
20240412;104705;1832;1;10108640910;B
20240412;104705;1831.8;1;10108640940;S
20240412;104705;1831.8;26;10108640941;S
20240412;104705;1831.6;2;10108640942;S
20240412;104705;1831.6;66;10108640943;S
20240412;104705;1831.6;5;10108640944;S
20240412;104717;1832;10;10108642200;B
20240412;104734;1831.8;1;10108643860;B
20240412;104734;1832;7;10108643861;B
20240412;104736;1832;1;10108644223;B
20240412;104740;1832;1;10108644669;B
20240412;104742;1832;2;10108644921;B
20240412;104744;1832;8;10108645125;B
20240412;104809;1832;2;10108647797;B
20240412;104821;1832;2;10108649036;B
20240412;104827;1832;1;10108649544;B
20240412;104829;1832;8;10108649948;B
20240412;104830;1832;1;10108650100;B
20240412;104845;1832;54;10108651949;B
20240412;104851;1832;1;10108652908;B
20240412;104855;1832;20;10108653239;B
20240412;104908;1831.6;4;10108654328;S
20240412;104912;1831.6;10;10108654751;S
20240412;104913;1832;2;10108654897;B
20240412;104916;1832;2;10108655138;B
20240412;104925;1832;1;10108656103;B
20240412;104926;1832;1;10108656265;B
20240412;104936;1832;10;10108657455;B
20240412;104941;1832;13;10108658022;B
20240412;104943;1831.8;5;10108658188;S
20240412;104946;1832;1;10108658519;B
20240412;104957;1831.6;1;10108659522;S
20240412;105000;1832;15;10108659729;B
20240412;105000;1831.6;4;10108659743;S
20240412;105004;1832;170;10108660146;B
20240412;105011;1831.6;3;10108660857;S
20240412;105012;1832;1;10108660973;B
20240412;105031;1832;3;10108663912;B
20240412;105031;1832;484;10108664006;B
20240412;105031;1832;900;10108664007;B
20240412;105031;1832;1;10108664008;B
20240412;105031;1832;13;10108664009;B
20240412;105034;1832.6;6;10108664271;B
20240412;105035;1832.6;3;10108664446;B
20240412;105039;1832.6;10;10108665313;B
20240412;105048;1832.6;4;10108666618;B
20240412;105049;1832.6;1;10108666741;B
20240412;105050;1832.6;3;10108666796;B
20240412;105050;1832.6;97;10108666797;B
20240412;105057;1832.6;3;10108667703;B
20240412;105109;1832.6;47;10108669199;B
20240412;105109;1832.6;7;10108669200;B
20240412;105110;1832.6;1;10108669548;B
20240412;105112;1832.6;2;10108669886;B
20240412;105123;1833;2;10108671421;B
20240412;105126;1833;1;10108671624;B
20240412;105128;1833;1;10108672052;B
20240412;105138;1833.2;1;10108673281;B
20240412;105138;1833.2;5;10108673307;B
20240412;105146;1833.2;1;10108674117;B
20240412;105150;1833.2;1;10108674473;B
20240412;105153;1833.2;5;10108674590;B
20240412;105155;1833;1;10108674825;S
20240412;105218;1833.2;5;10108677046;B
20240412;105222;1833;1;10108677431;S
20240412;105222;1833;1;10108677432;S
20240412;105224;1833.2;1;10108677706;B
20240412;105224;1833.2;3;10108677714;B
20240412;105226;1833.2;1;10108677911;B
20240412;105227;1833;8;10108677981;S
20240412;105227;1833;7;10108677982;S
20240412;105227;1833;1;10108677983;S
20240412;105227;1833;1;10108677984;S
20240412;105227;1833;1;10108677985;S
20240412;105232;1833.2;1;10108678420;B
20240412;105234;1833.2;2;10108678618;B
20240412;105240;1833.2;15;10108679362;B
20240412;105241;1833.2;1;10108679455;B
20240412;105244;1833;4;10108679706;S
20240412;105246;1833.2;1;10108679926;B
20240412;105246;1833;5;10108679969;S
20240412;105249;1833.2;1;10108680228;B
20240412;105251;1833;1;10108680343;S
20240412;105251;1833;1;10108680344;S
20240412;105251;1833;1;10108680345;S
20240412;105251;1833;1;10108680346;S
20240412;105253;1833.2;9;10108680627;B
20240412;105259;1833;4;10108681289;B
20240412;105259;1833;6;10108681307;B
20240412;105259;1833;60;10108681308;B
20240412;105259;1833.2;548;10108681309;B
20240412;105259;1833.2;50;10108681310;B
20240412;105259;1833.2;147;10108681311;B
20240412;105259;1833.2;29;10108681312;B
20240412;105259;1833.4;56;10108681313;B
20240412;105259;1833.6;6;10108681314;B
20240412;105259;1833.8;198;10108681315;B
20240412;105305;1833;5;10108682001;B
20240412;105305;1833.4;5;10108682002;B
20240412;105312;1833.4;1;10108682761;B
20240412;105314;1833.6;20;10108683044;B
20240412;105314;1833.8;28;10108683045;B
20240412;105314;1833.8;52;10108683046;B
20240412;105316;1834;5;10108683229;B
20240412;105318;1834;3;10108683359;B
20240412;105320;1834;12;10108683442;B
20240412;105320;1834;3;10108683443;B
20240412;105320;1834;60;10108683444;B
20240412;105320;1834;28;10108683445;B
20240412;105320;1834;1;10108683446;B
20240412;105320;1834.2;5;10108683447;B
20240412;105320;1834.2;591;10108683448;B
20240412;105320;1834.2;9;10108683449;B
20240412;105323;1834;1;10108683777;B
20240412;105325;1834;1;10108683952;B
20240412;105328;1834;1;10108684184;B
20240412;105329;1834;1;10108684331;B
20240412;105335;1834;2;10108684902;B
20240412;105336;1834;2;10108685036;B
20240412;105336;1834;1;10108685039;B
20240412;105336;1834;1;10108685046;B
20240412;105338;1833.8;3;10108685203;S
20240412;105343;1833.8;1;10108685700;B
20240412;105351;1833.6;1;10108686594;B
20240412;105351;1834;1;10108686595;B
20240412;105357;1834;9;10108687146;B
20240412;105357;1834.2;4;10108687147;B
20240412;105406;1834.2;4;10108688024;B
20240412;105406;1834.4;1;10108688025;B
20240412;105412;1834.4;2;10108688655;B
20240412;105412;1834.4;15;10108688656;B
20240412;105415;1834.4;1;10108689008;B
20240412;105419;1834.4;1;10108689375;B
20240412;105421;1834.2;1;10108689503;S
20240412;105421;1834.2;5;10108689545;S
20240412;105429;1834.4;5;10108690373;B
20240412;105439;1834.2;6;10108691119;S
20240412;105439;1834.2;5;10108691120;S
20240412;105441;1834.6;1;10108691387;B
20240412;105455;1834.4;25;10108692928;B
20240412;105455;1834.6;10;10108692929;B
20240412;105500;1834.4;16;10108693534;B
20240412;105504;1834.6;2;10108693958;B
20240412;105506;1834.2;5;10108694049;S
20240412;105506;1834.4;1;10108694133;B
20240412;105509;1834.4;2;10108694430;B
20240412;105515;1834.4;1;10108695054;B
20240412;105515;1834.4;3;10108695058;B
20240412;105518;1834.4;140;10108695252;B
20240412;105518;1834.4;24;10108695253;B
20240412;105518;1834.8;5;10108695254;B
20240412;105518;1834.8;56;10108695255;B
20240412;105518;1834.8;60;10108695256;B
20240412;105518;1835;4;10108695257;B
20240412;105518;1835;3;10108695258;B
20240412;105518;1835;56;10108695259;B
