<DATE>;<TIME>;<LAST>;<VOL>;<ID>;<OPER>
20240422;095954;1868.2;1;10177768017;S
20240422;095954;1868.2;100;10177768018;S
20240422;095954;1868.2;4;10177768019;S
20240422;095954;1868.2;30;10177768020;S
20240422;095954;1868.2;21;10177768021;S
20240422;095954;1868.2;200;10177768022;B
20240422;095954;1868.2;68;10177768023;B
20240422;095954;1868.2;68;10177768024;B
20240422;095954;1868.2;1;10177768025;B
20240422;095954;1868.2;1;10177768026;B
20240422;095954;1868.2;19;10177768027;B
20240422;095954;1868.2;200;10177768028;B
20240422;095954;1868.2;83;10177768029;B
20240422;095954;1868.2;1;10177768030;B
20240422;095954;1868.2;4;10177768031;B
20240422;095954;1868.2;21;10177768032;B
20240422;095954;1868.2;17;10177768033;B
20240422;095954;1868.2;1;10177768034;B
20240422;095954;1868.2;3;10177768035;B
20240422;095954;1868.2;2;10177768036;B
20240422;095954;1868.2;1;10177768037;B
20240422;095954;1868.2;67;10177768038;B
20240422;095954;1868.2;33;10177768039;B
20240422;095954;1868.2;2;10177768040;B
20240422;095954;1868.2;10;10177768041;B
20240422;095954;1868.2;1;10177768042;B
20240422;095954;1868.2;1;10177768043;B
20240422;095954;1868.2;70;10177768044;B
20240422;095954;1868.2;25;10177768045;B
20240422;095954;1868.2;58;10177768046;B
20240422;095954;1868.2;5;10177768047;B
20240422;095954;1868.2;1;10177768048;B
20240422;095954;1868.2;2;10177768049;B
20240422;095954;1868.2;1;10177768050;B
20240422;095954;1868.2;1;10177768051;B
20240422;095954;1868.2;4;10177768052;B
20240422;095954;1868.2;40;10177768053;B
20240422;095954;1868.2;1;10177768054;B
20240422;095954;1868.2;1;10177768055;B
20240422;095954;1868.2;9;10177768056;B
20240422;095954;1868.2;1;10177768057;B
20240422;095954;1868.2;3;10177768058;B
20240422;095954;1868.2;1;10177768059;B
20240422;095954;1868.2;1;10177768060;B
20240422;095954;1868.2;6;10177768061;B
20240422;095954;1868.2;23;10177768062;B
20240422;095954;1868.2;2;10177768063;B
20240422;095954;1868.2;2;10177768064;B
20240422;095954;1868.2;2;10177768065;B
20240422;095954;1868.2;19;10177768066;B
20240422;095954;1868.2;4;10177768067;B
20240422;095954;1868.2;96;10177768068;B
20240422;095954;1868.2;4;10177768069;B
20240422;095954;1868.2;4;10177768070;B
20240422;095954;1868.2;9;10177768071;B
20240422;095954;1868.2;1;10177768072;B
20240422;095954;1868.2;13;10177768073;B
20240422;095954;1868.2;3;10177768074;B
20240422;095954;1868.2;1;10177768075;B
20240422;095954;1868.2;110;10177768076;B
20240422;095954;1868.2;11;10177768077;B
20240422;095954;1868.2;2;10177768078;B
20240422;095954;1868.2;6;10177768079;B
20240422;095954;1868.2;1;10177768080;B
20240422;095954;1868.2;6;10177768081;S
20240422;095954;1868.2;4;10177768082;S
20240422;095954;1868.2;5;10177768083;B
20240422;095954;1868.2;16;10177768084;B
20240422;095954;1868.2;100;10177768085;B
20240422;095954;1868.2;30;10177768086;B
20240422;095954;1868.2;29;10177768087;B
20240422;095954;1868.2;10;10177768088;S
20240422;095954;1868.2;20;10177768089;S
20240422;095954;1868.2;10;10177768090;S
20240422;095954;1868.2;3;10177768091;B
20240422;095954;1868.2;18;10177768092;S
20240422;095954;1868.2;12;10177768093;S
20240422;095954;1868.2;1;10177768094;S
20240422;095954;1868.2;187;10177768095;B
20240422;095954;1868.2;6;10177768096;B
20240422;095954;1868.2;50;10177768097;B
20240422;095954;1868.2;1;10177768098;B
20240422;095954;1868.2;2;10177768099;B
20240422;095954;1868.2;26;10177768100;B
20240422;100001;1868;40;10177771105;S
20240422;100001;1868;30;10177771106;S
20240422;100001;1868;15;10177771109;S
20240422;100001;1867.4;40;10177771287;B
20240422;100002;1867.6;2;10177772006;B
20240422;100002;1867.6;2;10177772087;B
20240422;100002;1867.6;41;10177772424;B
20240422;100002;1867.8;12;10177772425;B
20240422;100002;1867.4;20;10177772430;B
20240422;100002;1868.2;4;10177772799;B
20240422;100003;1868.2;30;10177773814;B
20240422;100003;1868.2;4;10177773817;B
20240422;100004;1868;26;10177773849;S
20240422;100004;1868.2;5;10177774334;B
20240422;100004;1868.2;2;10177774348;B
20240422;100004;1868.2;1;10177774530;B
20240422;100004;1868;10;10177774731;S
20240422;100004;1868.2;1;10177774734;B
20240422;100004;1868;1;10177774736;S
20240422;100004;1868;3;10177774738;S
20240422;100005;1868.2;1;10177775912;B
20240422;100005;1867.6;1;10177775915;S
20240422;100005;1868.2;1;10177775916;B
20240422;100005;1868.2;1;10177777070;B
20240422;100005;1868.2;2;10177777071;B
20240422;100005;1867.6;1;10177777072;S
20240422;100006;1867.6;7;10177777495;S
20240422;100006;1867.6;16;10177777499;S
20240422;100006;1867.6;17;10177777500;S
20240422;100006;1867.4;58;10177777501;S
20240422;100006;1867.4;20;10177778073;S
20240422;100006;1867.2;27;10177778074;S
20240422;100006;1868;1;10177778482;B
20240422;100006;1867.2;4;10177778627;S
20240422;100006;1867.2;13;10177778672;S
20240422;100006;1867.2;1;10177778673;S
20240422;100006;1867;2;10177778674;S
20240422;100006;1867.8;40;10177778732;B
20240422;100006;1867.8;1;10177778738;B
20240422;100007;1867.8;1;10177779922;B
20240422;100007;1867.2;2;10177779933;S
20240422;100007;1867.8;1;10177780258;B
20240422;100007;1867.2;1;10177780260;S
20240422;100007;1867.2;7;10177780264;S
20240422;100007;1867.8;1;10177780267;B
20240422;100007;1867.8;50;10177780269;B
20240422;100007;1867.8;1;10177780390;B
20240422;100007;1867.8;1;10177780394;B
20240422;100007;1867.2;5;10177780397;S
20240422;100007;1867.2;1;10177780398;S
20240422;100007;1867.2;130;10177781587;S
20240422;100007;1868;1;10177781720;B
20240422;100007;1868;1;10177781722;B
20240422;100008;1867;1;10177782085;S
20240422;100008;1867.8;5;10177783265;B
20240422;100008;1867.8;1;10177783266;B
20240422;100008;1867.8;5;10177783267;B
20240422;100008;1867.8;1;10177783268;B
20240422;100008;1867.8;1;10177783681;B
20240422;100008;1867.8;7;10177783682;B
20240422;100008;1868;14;10177783683;B
20240422;100008;1868;13;10177783684;B
20240422;100008;1868.2;8;10177783685;B
20240422;100008;1868.2;89;10177783686;B
20240422;100008;1868.4;10;10177783687;B
20240422;100008;1868.4;16;10177783688;B
20240422;100008;1868.4;33;10177783689;B
20240422;100008;1868.4;9;10177783692;B
20240422;100008;1867.4;1;10177784087;S
20240422;100008;1868.2;1;10177784091;B
20240422;100009;1867.4;1;10177784467;S
20240422;100009;1867.4;1;10177784471;S
20240422;100009;1868.2;11;10177784473;B
20240422;100009;1868.2;5;10177784474;B
20240422;100009;1868.4;7;10177784475;B
20240422;100009;1868.6;398;10177784476;B
20240422;100009;1868.6;3;10177785167;B
20240422;100009;1868.2;1;10177785394;S
20240422;100009;1868.6;1;10177785542;B
20240422;100009;1868.6;10;10177785544;B
20240422;100009;1868.6;17;10177785545;B
20240422;100009;1868.2;1;10177785548;S
20240422;100009;1868.6;1;10177786424;B
20240422;100009;1868.6;5;10177786433;B
20240422;100009;1868.6;2;10177786438;B
20240422;100009;1868.6;1;10177786451;B
20240422;100009;1868.4;68;10177786687;S
20240422;100010;1868.6;3;10177787205;B
20240422;100010;1868.4;2;10177787206;S
20240422;100010;1868.4;1;10177787214;S
20240422;100010;1868.4;3;10177787350;S
20240422;100010;1868.6;24;10177787791;B
20240422;100010;1868.6;65;10177787914;B
20240422;100011;1868.6;7;10177788189;B
20240422;100011;1868.6;1;10177788197;B
20240422;100011;1868.4;3;10177788384;S
20240422;100011;1868.4;1;10177788393;S
20240422;100011;1868.4;15;10177788615;S
20240422;100011;1868.4;35;10177788673;S
20240422;100011;1868.6;24;10177788680;B
20240422;100011;1868.6;1;10177788689;B
20240422;100011;1868.4;1;10177788690;S
20240422;100011;1868.6;1;10177788691;B
20240422;100011;1868.4;1;10177788692;S
20240422;100011;1868.4;1;10177788693;S
20240422;100011;1868.6;15;10177788734;B
20240422;100011;1868.6;3;10177788772;B
20240422;100011;1868.6;7;10177788783;B
20240422;100011;1868.6;63;10177788994;B
20240422;100011;1868.6;9;10177788995;B
20240422;100011;1868.6;13;10177789008;B
20240422;100011;1868.4;5;10177789011;S
20240422;100011;1868.4;4;10177789014;S
20240422;100011;1868.6;16;10177789085;B
20240422;100012;1868.4;8;10177789422;S
20240422;100013;1868.6;1;10177789682;B
20240422;100014;1868.6;2;10177789883;B
20240422;100015;1868.6;8;10177790272;B
20240422;100016;1868.2;3;10177790593;S
20240422;100020;1868.6;29;10177791625;B
20240422;100020;1868.6;3;10177791809;B
20240422;100021;1868.4;6;10177792271;S
20240422;100023;1868.6;45;10177792703;B
20240422;100024;1868.6;1;10177793087;B
20240422;100025;1868.4;67;10177793274;S
20240422;100025;1868.4;81;10177793275;S
20240422;100025;1868.4;1;10177793276;S
20240422;100025;1868.2;135;10177793319;S
20240422;100025;1868;1;10177793320;S
20240422;100025;1867.6;17;10177793321;S
20240422;100025;1867.4;10;10177793322;S
20240422;100026;1867.2;1;10177793935;B
20240422;100027;1867;3;10177794258;S
20240422;100027;1867;1;10177794351;S
20240422;100027;1867.2;15;10177794373;B
20240422;100027;1867;10;10177794487;S
20240422;100030;1867.2;6;10177795577;B
20240422;100031;1867.2;22;10177795662;B
20240422;100031;1867;7;10177795739;S
20240422;100031;1867.2;5;10177795760;B
20240422;100031;1867.2;32;10177795863;B
20240422;100031;1867.2;68;10177795864;B
20240422;100032;1867.4;3;10177796016;B
20240422;100036;1867.4;600;10177797082;B
20240422;100036;1867.8;11;10177797244;B
20240422;100039;1867.6;3;10177797689;S
20240422;100039;1867.8;3;10177797829;B
20240422;100039;1867.6;11;10177797887;S
20240422;100040;1867.8;3;10177798154;B
20240422;100040;1868;81;10177798155;S
20240422;100040;1868;19;10177798156;S
20240422;100040;1868.4;5;10177798242;B
20240422;100042;1868.4;5;10177798551;B
20240422;100043;1868.4;5;10177799057;B
20240422;100045;1868.4;50;10177799512;B
20240422;100045;1868.6;150;10177799513;B
20240422;100045;1868.6;170;10177799514;B
20240422;100045;1868.6;157;10177799516;B
20240422;100045;1868.6;244;10177799517;B
20240422;100045;1868.6;13;10177799518;B
20240422;100045;1869.4;1;10177799519;B
20240422;100045;1869.6;100;10177799525;S
20240422;100045;1869.6;3;10177799643;S
20240422;100046;1869.8;5;10177799805;B
20240422;100046;1869.6;1;10177799826;S
20240422;100049;1869.6;2;10177800762;S
20240422;100049;1869.8;4;10177800897;B
20240422;100051;1869.8;2;10177801224;B
20240422;100051;1869.8;1;10177801304;B
20240422;100052;1869.8;3;10177801643;B
20240422;100052;1869.8;81;10177801644;B
20240422;100052;1870;5;10177801645;B
20240422;100052;1870;1;10177801646;B
20240422;100052;1870;20;10177801647;B
20240422;100052;1870;2;10177801648;B
20240422;100052;1870;1;10177801649;B
20240422;100052;1870;3;10177801650;B
20240422;100052;1870;2;10177801651;B
20240422;100052;1870;25;10177801652;B
20240422;100052;1870;57;10177801653;B
20240422;100052;1870.2;1;10177801673;B
20240422;100053;1870.2;2;10177801684;B
20240422;100053;1870.2;1;10177801852;S
20240422;100053;1870.2;2;10177801853;S
20240422;100053;1870.2;1;10177801860;S
20240422;100053;1870.4;4;10177801901;B
20240422;100053;1870.4;26;10177801964;B
20240422;100053;1870.6;1;10177801965;B
20240422;100053;1870.8;1;10177801966;B
20240422;100053;1870.8;72;10177801967;B
20240422;100053;1870.8;72;10177801968;B
20240422;100054;1870.8;4;10177802074;S
20240422;100054;1871;1;10177802268;B
20240422;100055;1870.8;1;10177802320;S
20240422;100055;1871;2;10177802372;B
20240422;100058;1871;1;10177803435;B
20240422;100058;1871;12;10177803579;B
20240422;100058;1871;13;10177803580;B
20240422;100059;1870.8;4;10177803778;S
20240422;100107;1870.8;14;10177806367;B
20240422;100107;1870.8;2;10177806368;B
20240422;100108;1871;20;10177806508;B
20240422;100109;1871;1;10177806841;B
20240422;100110;1871;16;10177807118;B
20240422;100110;1871;29;10177807119;B
20240422;100114;1871;70;10177807827;S
20240422;100114;1871.2;1;10177808023;B
20240422;100116;1871;85;10177808381;S
20240422;100116;1871;1;10177808382;S
20240422;100116;1871;3;10177808383;S
20240422;100116;1871;10;10177808384;S
20240422;100116;1870.8;1;10177808385;S
20240422;100117;1871.4;1;10177808728;B
20240422;100117;1871.6;1;10177808729;B
20240422;100117;1871.6;1;10177808730;B
20240422;100117;1871.6;12;10177808731;B
20240422;100118;1871.8;1;10177808976;B
20240422;100119;1871;3;10177809090;S
20240422;100123;1871.6;1;10177810075;B
20240422;100124;1871;5;10177810165;S
20240422;100124;1871.6;4;10177810185;B
20240422;100124;1871.6;29;10177810186;B
20240422;100124;1871.8;20;10177810187;B
20240422;100124;1871.8;65;10177810188;B
20240422;100124;1871.8;97;10177810189;B
20240422;100124;1871.8;4;10177810190;B
20240422;100124;1872;1;10177810191;B
20240422;100124;1872;100;10177810192;B
20240422;100124;1872;1;10177810193;B
20240422;100124;1872;59;10177810194;B
20240422;100126;1871.6;9;10177810817;S
20240422;100128;1871.6;1;10177811338;S
20240422;100129;1872;1;10177811515;B
20240422;100129;1872.2;1;10177811516;B
20240422;100129;1872.2;29;10177811517;B
20240422;100129;1872.4;1;10177811518;B
20240422;100129;1872.4;10;10177811519;B
20240422;100129;1872.4;12;10177811520;B
20240422;100129;1872.4;65;10177811521;B
20240422;100129;1872.6;1;10177811522;B
20240422;100129;1872.6;1;10177811523;B
20240422;100129;1872.6;100;10177811524;B
20240422;100129;1872.6;13;10177811525;B
20240422;100129;1872.6;144;10177811526;B
20240422;100129;1872.8;1;10177811560;B
20240422;100129;1872.8;1;10177811561;B
20240422;100129;1872.8;20;10177811600;B
20240422;100129;1873;1;10177811656;B
20240422;100129;1873;1;10177811657;B
20240422;100129;1873;1;10177811658;B
20240422;100129;1873;4;10177811659;B
20240422;100129;1873;4;10177811660;B
20240422;100129;1872.6;6;10177811737;S
20240422;100130;1872.6;2;10177811796;S
20240422;100131;1873;11;10177812026;B
20240422;100131;1873;4;10177812027;B
20240422;100131;1873.2;1;10177812039;B
20240422;100132;1873.2;1;10177812221;B
20240422;100132;1873.2;40;10177812222;B
20240422;100132;1873.4;1;10177812223;B
20240422;100132;1873.4;30;10177812224;B
20240422;100132;1873.4;28;10177812225;B
20240422;100132;1872.8;21;10177812254;S
20240422;100133;1873.2;5;10177812433;B
20240422;100133;1872.8;2;10177812556;S
20240422;100134;1872.8;144;10177812624;S
20240422;100134;1872.8;42;10177812625;S
20240422;100134;1872.6;614;10177812626;S
20240422;100134;1872.6;17;10177812627;S
20240422;100134;1872.6;183;10177812628;S
20240422;100135;1872.6;1;10177812797;S
20240422;100138;1872.8;2;10177813768;S
20240422;100141;1873;2;10177814532;B
20240422;100142;1872.8;5;10177814799;S
20240422;100144;1873;1;10177815296;B
20240422;100144;1873;29;10177815297;B
20240422;100144;1873.2;45;10177815298;B
20240422;100144;1873.2;17;10177815299;B
20240422;100144;1873.4;1;10177815436;B
20240422;100145;1873.4;28;10177815461;B
20240422;100145;1873.4;4;10177815483;B
20240422;100145;1873.4;65;10177815484;B
20240422;100145;1873.6;61;10177815485;B
20240422;100145;1873.6;1;10177815486;B
20240422;100145;1873.6;3;10177815487;B
20240422;100145;1873.6;122;10177815488;B
20240422;100145;1873.6;20;10177815489;B
20240422;100145;1873.6;30;10177815490;B
20240422;100145;1873.8;1;10177815491;B
20240422;100145;1873.8;1;10177815492;B
20240422;100145;1873.8;1;10177815493;B
20240422;100145;1873.8;135;10177815494;B
20240422;100145;1874;1;10177815495;B
20240422;100145;1874;1;10177815496;B
20240422;100145;1874;1;10177815497;B
20240422;100145;1874;5;10177815498;B
20240422;100145;1874;10;10177815499;B
20240422;100145;1874;1;10177815500;B
20240422;100145;1874;1;10177815501;B
20240422;100145;1874;40;10177815502;B
20240422;100145;1874;96;10177815503;B
20240422;100145;1873.8;6;10177815514;B
20240422;100145;1873.4;13;10177815528;S
20240422;100145;1873.6;30;10177815717;B
20240422;100145;1873.8;4;10177815718;B
20240422;100145;1873.8;4;10177815745;B
20240422;100145;1873.8;4;10177815747;B
20240422;100145;1873.8;4;10177815748;B
20240422;100146;1873.8;9;10177815755;B
20240422;100146;1874;3;10177815756;B
20240422;100146;1873.4;1;10177815769;S
20240422;100146;1873.8;1;10177815785;B
20240422;100146;1874;17;10177815786;B
20240422;100146;1874;23;10177815787;B
20240422;100146;1874.2;1;10177815788;B
20240422;100146;1874.2;1;10177815790;B
20240422;100146;1874.2;65;10177815791;B
20240422;100146;1874.2;64;10177815792;B
20240422;100146;1874.2;60;10177815793;B
20240422;100146;1874.4;1;10177815794;B
20240422;100146;1874.4;1;10177815795;B
20240422;100146;1874.4;1;10177815796;B
20240422;100146;1874.4;17;10177815797;B
20240422;100146;1873.6;1;10177815843;B
20240422;100146;1874.2;5;10177815844;B
20240422;100147;1874;18;10177816219;B
20240422;100147;1874.2;28;10177816220;B
20240422;100148;1874.2;5;10177816350;B
20240422;100148;1874.2;65;10177816351;B
20240422;100148;1874.4;45;10177816352;B
20240422;100148;1874.4;38;10177816576;B
20240422;100148;1874.4;6;10177816577;B
20240422;100148;1874.6;1;10177816578;B
20240422;100148;1874.6;1;10177816579;B
20240422;100148;1874.6;20;10177816580;B
20240422;100148;1874.6;65;10177816581;B
20240422;100148;1874.8;1;10177816582;B
20240422;100148;1874.8;1;10177816583;B
20240422;100148;1874.8;8;10177816584;B
20240422;100148;1874.8;9;10177816585;B
20240422;100148;1874.8;3;10177816633;B
20240422;100148;1874.6;3;10177816706;B
20240422;100148;1874.6;23;10177816822;B
20240422;100148;1874.4;42;10177816917;S
20240422;100148;1874.4;144;10177816918;S
20240422;100148;1874.4;96;10177816919;S
20240422;100148;1874.2;18;10177816920;S
20240422;100148;1874.8;54;10177816989;B
20240422;100149;1874.8;1;10177817033;B
20240422;100149;1874.8;9;10177817124;B
20240422;100149;1874.8;4;10177817195;B
20240422;100149;1874.8;5;10177817330;B
20240422;100149;1874.8;10;10177817358;B
20240422;100150;1874.4;42;10177817371;S
20240422;100150;1874.2;17;10177817372;S
20240422;100150;1874.2;600;10177817373;S
20240422;100150;1874.2;96;10177817374;S
20240422;100150;1874;144;10177817375;S
20240422;100150;1873.8;13;10177817376;S
20240422;100150;1873.4;88;10177817377;S
20240422;100152;1874;13;10177817946;B
20240422;100153;1873.2;100;10177818006;S
20240422;100154;1874;2;10177818266;B
20240422;100156;1874;5;10177818759;B
20240422;100156;1874.2;17;10177818760;B
20240422;100156;1874.2;65;10177818761;B
20240422;100156;1874.4;100;10177818762;B
20240422;100157;1874.4;20;10177818942;B
20240422;100157;1874.4;13;10177819111;B
20240422;100157;1874.4;65;10177819112;B
20240422;100157;1874.6;13;10177819113;B
20240422;100157;1874.6;144;10177819114;B
20240422;100157;1874.8;10;10177819115;B
20240422;100157;1874.8;42;10177819116;B
20240422;100157;1874.8;61;10177819117;B
20240422;100157;1875;1;10177819118;B
20240422;100157;1875;1;10177819119;B
20240422;100157;1875;2;10177819120;B
20240422;100157;1875;34;10177819121;B
20240422;100157;1875;1;10177819122;B
20240422;100157;1875;9;10177819123;B
20240422;100157;1875;13;10177819124;B
20240422;100157;1875;15;10177819125;B
20240422;100157;1875;1;10177819126;B
20240422;100157;1875;2;10177819127;B
20240422;100157;1875;15;10177819128;B
20240422;100157;1875;1;10177819129;B
20240422;100157;1875;1;10177819130;B
20240422;100157;1875;50;10177819131;B
20240422;100157;1875;100;10177819132;B
20240422;100157;1875;125;10177819133;B
20240422;100157;1875.2;1;10177819134;B
20240422;100157;1875.2;12;10177819135;B
20240422;100157;1875.2;268;10177819136;B
20240422;100158;1875.2;9;10177819173;B
20240422;100158;1875.2;4;10177819174;B
20240422;100158;1874.8;28;10177819263;B
20240422;100158;1875;166;10177819264;B
20240422;100158;1875.4;1;10177819265;B
20240422;100158;1875.4;16;10177819266;B
20240422;100158;1875.6;25;10177819267;B
20240422;100158;1875.6;264;10177819268;B
20240422;100158;1874.4;17;10177819275;S
20240422;100158;1874.4;3;10177819276;S
20240422;100158;1875;6;10177819282;B
20240422;100158;1875.4;17;10177819283;B
20240422;100158;1875.6;282;10177819284;B
20240422;100158;1874;1;10177819294;S
20240422;100158;1874;16;10177819359;S
20240422;100158;1874;13;10177819360;S
20240422;100158;1874;141;10177819361;S
20240422;100158;1873.8;91;10177819362;S
20240422;100158;1873.8;8;10177819363;S
20240422;100158;1873.6;144;10177819364;S
20240422;100158;1873.4;10;10177819365;S
20240422;100158;1873.4;42;10177819366;S
20240422;100158;1873;15;10177819367;S
20240422;100159;1874.4;10;10177819407;B
20240422;100200;1874;1;10177819775;B
20240422;100200;1873.4;1;10177819812;S
20240422;100201;1873.2;1;10177819824;S
20240422;100201;1873.4;1;10177819930;S
20240422;100202;1873.2;16;10177820103;S
20240422;100202;1873.2;71;10177820104;S
20240422;100202;1873;5;10177820105;S
20240422;100202;1873;8;10177820106;S
20240422;100203;1874;4;10177820291;B
20240422;100203;1874;1;10177820292;B
20240422;100203;1874.2;4;10177820420;B
20240422;100206;1874.2;3;10177821449;B
20240422;100206;1874.2;1;10177821450;B
20240422;100206;1874.2;46;10177821451;B
20240422;100207;1873.4;1;10177821533;S
20240422;100209;1874;6;10177821923;B
20240422;100210;1873.6;100;10177822101;S
20240422;100212;1874;1;10177822855;B
20240422;100217;1874;4;10177824454;S
20240422;100217;1873.8;10;10177824490;S
20240422;100220;1874.2;46;10177825260;B
20240422;100220;1874.4;10;10177825333;B
20240422;100220;1874.4;11;10177825334;B
20240422;100220;1874.4;2;10177825335;B
20240422;100220;1874.4;30;10177825336;B
20240422;100220;1874.6;2;10177825337;B
20240422;100221;1874.6;9;10177825443;B
20240422;100221;1874.6;28;10177825485;B
20240422;100221;1874.6;261;10177825752;B
20240422;100221;1874.8;9;10177825753;B
20240422;100222;1874.2;1;10177825868;S
20240422;100222;1874.2;1;10177825925;S
20240422;100222;1874.8;3;10177825934;B
20240422;100222;1874.2;1;10177826053;S
20240422;100223;1875;1;10177826188;B
20240422;100224;1875;5;10177826477;B
20240422;100225;1875;4;10177826767;B
20240422;100225;1875;2;10177826768;B
20240422;100225;1875;1;10177826769;B
20240422;100225;1875;1;10177826770;B
20240422;100225;1875;1;10177826771;B
20240422;100225;1875;13;10177826772;B
20240422;100225;1875;1;10177826773;B
20240422;100225;1875;100;10177826774;B
20240422;100225;1875;6;10177826775;B
20240422;100225;1875;1;10177826776;B
20240422;100225;1875;26;10177826777;B
20240422;100225;1875;1;10177826778;B
20240422;100225;1875.2;26;10177826779;B
20240422;100225;1875.4;300;10177826780;B
20240422;100225;1875.4;14;10177826781;B
20240422;100225;1875.6;3;10177826782;B
20240422;100225;1875.6;41;10177826894;B
20240422;100225;1875.6;14;10177826981;B
20240422;100228;1875.8;1;10177827636;B
20240422;100228;1875.8;1;10177827637;B
20240422;100228;1875.8;44;10177827638;B
20240422;100231;1875.2;2;10177828885;S
20240422;100234;1875.8;2;10177829706;B
20240422;100237;1875.6;15;10177830687;S
20240422;100237;1875.8;46;10177830869;B
20240422;100241;1875.8;175;10177832028;B
20240422;100241;1875.8;10;10177832029;B
20240422;100241;1875.8;1;10177832030;B
20240422;100241;1875.8;1;10177832031;B
20240422;100241;1875.8;300;10177832032;B
20240422;100241;1876;13;10177832033;B
20240422;100241;1875.8;10;10177832147;S
20240422;100242;1875.6;3;10177832188;S
20240422;100242;1875.6;18;10177832189;S
20240422;100244;1875.8;20;10177832682;B
20240422;100244;1876;29;10177832683;B
20240422;100245;1876;20;10177833028;B
20240422;100246;1875.8;26;10177833453;B
20240422;100248;1875.8;3;10177833767;S
20240422;100250;1875.8;5;10177834263;S
20240422;100250;1875.8;2;10177834264;S
20240422;100251;1875.8;1;10177834520;B
20240422;100251;1875.8;20;10177834548;B
20240422;100252;1875.6;2;10177834617;S
20240422;100252;1875.8;1;10177834681;B
20240422;100252;1875.8;1;10177834707;B
20240422;100252;1876;1;10177834708;B
20240422;100253;1876;38;10177834900;B
20240422;100253;1876;25;10177834929;B
20240422;100254;1876;1;10177835256;B
20240422;100255;1875.6;1;10177835312;S
20240422;100257;1876;75;10177835816;B
20240422;100257;1876;50;10177836118;B
20240422;100259;1875.8;2;10177836493;S
20240422;100259;1876;1;10177836716;B
20240422;100303;1876;192;10177837829;B
20240422;100303;1875.8;1;10177837851;S
20240422;100304;1875.6;70;10177838133;S
20240422;100304;1875.8;1;10177838135;B
20240422;100304;1876;4;10177838136;B
20240422;100305;1875.6;1;10177838179;S
20240422;100306;1875.8;10;10177838517;S
20240422;100306;1876;10;10177838543;B
20240422;100308;1876;12;10177839018;B
20240422;100308;1875.6;1;10177839062;S
20240422;100309;1876;50;10177839326;B
20240422;100310;1876;50;10177839570;B
20240422;100310;1876;1;10177839607;B
20240422;100310;1876;110;10177839626;B
20240422;100311;1875.8;5;10177839891;S
20240422;100311;1875.8;28;10177839892;S
20240422;100311;1875.8;1;10177839937;B
20240422;100313;1875.8;24;10177840270;B
20240422;100313;1875.6;5;10177840307;S
20240422;100313;1875.8;32;10177840377;B
20240422;100313;1875.8;410;10177840462;B
20240422;100313;1876;118;10177840463;B
20240422;100313;1876;15;10177840464;B
20240422;100313;1876;1;10177840465;B
20240422;100313;1876;47;10177840466;B
20240422;100313;1876;9;10177840467;B
20240422;100313;1876;10;10177840468;B
20240422;100313;1876;10;10177840469;B
20240422;100313;1876;4;10177840470;B
20240422;100313;1876;1;10177840471;B
20240422;100313;1876;50;10177840472;B
20240422;100313;1876;14;10177840473;B
20240422;100313;1876.2;1;10177840474;B
20240422;100313;1876.2;60;10177840475;B
20240422;100313;1876.2;28;10177840476;B
20240422;100313;1876.6;3;10177840477;B
20240422;100313;1876.6;88;10177840478;B
20240422;100313;1876.8;1;10177840479;B
20240422;100313;1876.8;100;10177840480;B
20240422;100313;1876.8;1;10177840481;B
20240422;100313;1876.8;29;10177840482;B
20240422;100314;1876.8;2;10177840506;B
20240422;100314;1876.8;14;10177840528;B
20240422;100314;1876.8;1;10177840538;B
20240422;100315;1876.6;1;10177840686;S
20240422;100316;1876.6;2;10177840994;S
20240422;100316;1876.8;1;10177841007;B
20240422;100318;1876.8;5;10177841465;B
20240422;100318;1876.8;14;10177841516;B
20240422;100320;1876.8;3;10177841876;B
20240422;100320;1876.6;3;10177842162;S
20240422;100321;1876.6;1;10177842259;S
20240422;100321;1876.8;33;10177842293;B
20240422;100322;1876.8;1;10177842358;B
20240422;100322;1876.8;34;10177842443;B
20240422;100322;1876.8;2;10177842508;B
20240422;100324;1876.8;100;10177842814;B
20240422;100324;1876.6;4;10177842976;S
20240422;100324;1876.6;28;10177842977;S
20240422;100324;1876.4;92;10177842978;S
20240422;100324;1876.4;42;10177842979;S
20240422;100324;1876;30;10177842980;S
20240422;100324;1876;3;10177842981;S
20240422;100324;1875.8;16;10177842982;S
20240422;100324;1875.8;17;10177842983;S
20240422;100324;1875.8;58;10177842984;S
20240422;100324;1875.8;60;10177842985;S
20240422;100324;1875.6;135;10177842986;S
20240422;100324;1875.6;10;10177842987;S
20240422;100324;1875.6;11;10177842988;S
20240422;100324;1875.6;194;10177842989;S
20240422;100324;1875.6;1;10177842990;S
20240422;100324;1875.4;4;10177842991;S
20240422;100324;1875.4;243;10177842992;S
20240422;100324;1875.4;52;10177842993;S
20240422;100325;1876.2;1;10177843046;B
20240422;100326;1876.2;1;10177843288;B
20240422;100327;1876.2;1;10177843728;B
20240422;100331;1876.2;1;10177844777;B
20240422;100332;1876.6;88;10177844989;B
20240422;100332;1876.6;12;10177844990;B
20240422;100333;1876;5;10177845196;S
20240422;100337;1876.2;1;10177846332;B
20240422;100337;1876.2;1;10177846519;B
20240422;100339;1876.2;5;10177847164;B
20240422;100339;1876.2;3;10177847279;B
20240422;100339;1876.2;27;10177847280;B
20240422;100339;1876.4;70;10177847281;B
20240422;100339;1876.4;1;10177847369;B
20240422;100340;1876;23;10177847612;S
20240422;100341;1876;22;10177847762;S
20240422;100341;1876;1;10177847763;S
20240422;100341;1875.8;2;10177847764;S
20240422;100341;1876;3;10177847878;B
20240422;100342;1876;1;10177848071;B
20240422;100342;1876;19;10177848072;B
20240422;100343;1876.2;2;10177848142;B
20240422;100343;1876.2;3;10177848749;B
20240422;100347;1876;1;10177850568;B
20240422;100347;1876;4;10177850569;B
20240422;100353;1875.4;3;10177852323;B
20240422;100353;1875.2;1;10177852407;S
20240422;100355;1875.2;9;10177852909;S
20240422;100356;1875.2;3;10177853518;B
20240422;100358;1875;10;10177853845;S
20240422;100359;1875.2;51;10177854136;B
20240422;100359;1875.2;1;10177854240;B
20240422;100400;1875.2;8;10177854397;B
20240422;100400;1875.2;2;10177854398;B
20240422;100400;1875.2;1;10177854426;B
20240422;100400;1875.2;1;10177854449;B
20240422;100403;1875;1;10177854997;S
20240422;100403;1875.2;5;10177855085;B
20240422;100405;1875;84;10177855299;S
20240422;100405;1875;8;10177855300;S
20240422;100405;1874.6;26;10177855301;S
20240422;100405;1874.2;17;10177855302;S
20240422;100405;1874;8;10177855303;S
20240422;100406;1873.8;8;10177855574;S
20240422;100406;1873.8;17;10177855575;S
20240422;100406;1874.2;10;10177855653;B
20240422;100406;1873.8;1;10177855679;S
20240422;100408;1873.8;55;10177855984;S
20240422;100412;1873.6;100;10177856990;S
20240422;100412;1873.6;16;10177857044;S
20240422;100413;1873.6;25;10177857155;B
20240422;100413;1873.6;3;10177857156;B
20240422;100413;1873.8;1;10177857180;B
20240422;100413;1873.8;1;10177857222;B
20240422;100415;1873.8;1;10177857547;B
20240422;100415;1873.6;5;10177857630;B
20240422;100417;1873.4;1;10177858110;S
20240422;100417;1873.4;1;10177858111;S
20240422;100420;1873.2;83;10177858637;B
20240422;100420;1873.2;25;10177858638;B
20240422;100420;1873.4;53;10177858639;B
20240422;100421;1873;9;10177859006;S
20240422;100422;1873;483;10177859149;S
20240422;100422;1873;10;10177859150;S
20240422;100422;1873;1;10177859151;S
20240422;100422;1873;5;10177859152;S
20240422;100422;1872.8;2;10177859153;S
20240422;100422;1872.8;25;10177859154;S
20240422;100422;1872.2;70;10177859155;S
20240422;100422;1872;1;10177859156;S
20240422;100422;1872;10;10177859157;S
20240422;100422;1872;300;10177859158;S
20240422;100422;1872;42;10177859159;S
20240422;100422;1872;60;10177859160;S
20240422;100422;1872;17;10177859161;S
20240422;100422;1871.8;1;10177859162;S
20240422;100422;1871.8;1;10177859163;S
20240422;100422;1871.6;90;10177859164;S
20240422;100422;1871.4;48;10177859165;S
20240422;100422;1871.4;144;10177859166;S
20240422;100422;1871.2;150;10177859167;S
20240422;100422;1871.2;325;10177859168;S
20240422;100422;1871;1;10177859206;S
20240422;100422;1871;1;10177859257;S
20240422;100423;1871.4;1;10177859412;B
20240422;100425;1871;10;10177860089;S
20240422;100425;1871;20;10177860090;S
20240422;100425;1871;20;10177860091;S
20240422;100425;1871;10;10177860092;S
20240422;100425;1871;1;10177860093;S
20240422;100425;1870.8;1;10177860131;B
20240422;100426;1870.6;1;10177860212;S
20240422;100426;1870.6;4;10177860213;S
20240422;100426;1870.6;5;10177860214;S
20240422;100426;1870.4;15;10177860215;S
20240422;100426;1870.6;5;10177860333;B
20240422;100426;1870.4;10;10177860335;S
20240422;100426;1870.4;2;10177860381;S
20240422;100428;1870.6;1;10177860866;B
20240422;100429;1870.6;3;10177861075;B
20240422;100431;1870.6;14;10177861612;B
20240422;100433;1870.6;15;10177861881;B
20240422;100433;1870.6;35;10177862109;B
20240422;100435;1870.6;1;10177862502;B
20240422;100436;1870.6;50;10177862688;B
20240422;100437;1870.8;25;10177862792;B
20240422;100437;1870.8;100;10177862831;B
20240422;100444;1870.6;1;10177864278;B
20240422;100445;1870.6;1;10177864627;B
20240422;100445;1870.6;3;10177864729;B
20240422;100445;1870.8;24;10177864730;B
20240422;100445;1871;79;10177864731;B
20240422;100445;1871;5;10177864732;B
20240422;100445;1871;60;10177864733;B
20240422;100445;1871.2;17;10177864734;B
20240422;100445;1871.4;13;10177864735;B
20240422;100445;1871.6;29;10177864736;B
20240422;100451;1870.8;1;10177865898;B
20240422;100451;1871;24;10177865899;B
20240422;100451;1871.2;1;10177865900;B
20240422;100451;1871.2;11;10177865928;B
20240422;100453;1871.4;5;10177866425;B
20240422;100454;1871.2;4;10177866585;B
20240422;100457;1871.2;1;10177867279;B
20240422;100457;1871;81;10177867381;S
20240422;100457;1870.8;19;10177867382;S
20240422;100459;1871.2;1;10177867821;B
20240422;100500;1871;3;10177868102;S
20240422;100500;1871.2;38;10177868125;B
20240422;100503;1871;8;10177868660;S
20240422;100503;1871;47;10177868661;S
20240422;100509;1871.2;4;10177870008;B
20240422;100510;1871;1;10177870267;S
20240422;100510;1871;2;10177870310;S
20240422;100510;1871;5;10177870311;S
20240422;100510;1871;30;10177870312;S
20240422;100510;1870.8;113;10177870313;S
20240422;100510;1871;10;10177870380;B
20240422;100513;1870.8;5;10177871030;S
20240422;100513;1871;19;10177871091;B
20240422;100513;1871;31;10177871092;B
20240422;100514;1871;5;10177871244;B
20240422;100515;1871;14;10177871422;B
20240422;100515;1871;9;10177871423;B
20240422;100515;1871.2;60;10177871460;B
20240422;100515;1871.2;19;10177871461;B
20240422;100515;1871.4;11;10177871462;B
20240422;100517;1871;1;10177871765;S
20240422;100517;1870.8;9;10177871766;S
20240422;100517;1871.2;4;10177871782;B
20240422;100521;1871.4;1;10177872612;B
20240422;100521;1871.4;29;10177872613;B
20240422;100523;1871.2;1;10177872913;S
20240422;100523;1871.2;28;10177872914;S
20240422;100523;1871;31;10177872915;S
20240422;100524;1871.4;1;10177873140;B
20240422;100524;1871.4;1;10177873187;B
20240422;100529;1871.4;6;10177874168;B
20240422;100532;1871.6;2;10177874691;B
20240422;100533;1871.6;1;10177874723;B
20240422;100534;1871.6;41;10177875017;B
20240422;100534;1871.8;1;10177875136;B
20240422;100534;1871.8;4;10177875137;B
20240422;100534;1871.8;10;10177875161;B
20240422;100534;1871.8;8;10177875162;B
20240422;100534;1871.8;9;10177875207;B
20240422;100536;1872;2;10177875586;B
20240422;100536;1872;13;10177875608;B
20240422;100536;1872;14;10177875609;B
20240422;100537;1871.8;1;10177876017;B
20240422;100539;1871.8;1;10177876461;B
20240422;100542;1871.4;8;10177877143;S
20240422;100546;1871.6;1;10177877678;B
20240422;100546;1871.6;1;10177877786;B
20240422;100546;1871.8;10;10177877787;B
20240422;100552;1871.8;50;10177878917;B
20240422;100552;1871.8;28;10177878918;S
20240422;100552;1871.8;17;10177878919;B
20240422;100553;1871.6;1;10177879222;S
20240422;100554;1871.8;1;10177879296;B
20240422;100554;1871.8;81;10177879297;S
20240422;100554;1871.8;7;10177879366;B
20240422;100555;1871.6;10;10177879407;S
20240422;100555;1871.8;1;10177879480;B
20240422;100555;1871.8;81;10177879592;S
20240422;100556;1871.8;1;10177879718;B
20240422;100556;1871.8;32;10177879792;B
20240422;100556;1872;8;10177879793;B
20240422;100557;1871.8;81;10177880171;S
20240422;100557;1871.6;9;10177880172;S
20240422;100602;1871.8;40;10177881132;B
20240422;100602;1871.6;23;10177881196;S
20240422;100603;1871.8;150;10177881284;B
20240422;100603;1871.8;11;10177881367;B
20240422;100605;1871.8;1;10177881695;B
20240422;100605;1871.6;30;10177881801;S
20240422;100606;1871.8;198;10177881937;B
20240422;100606;1872;91;10177881938;B
20240422;100606;1872;28;10177881939;B
20240422;100610;1872.6;3;10177882620;B
20240422;100616;1872.6;17;10177883744;B
20240422;100616;1872.8;24;10177883745;B
20240422;100619;1872.8;180;10177884248;B
20240422;100619;1872.8;10;10177884250;B
20240422;100625;1872.6;10;10177885475;S
20240422;100625;1872.8;1;10177885547;B
20240422;100626;1872.8;16;10177885729;B
20240422;100626;1872.8;1;10177885758;B
20240422;100628;1872.8;2;10177885965;B
20240422;100629;1872.8;3;10177886303;B
20240422;100630;1872.6;2;10177886396;S
20240422;100632;1872.8;27;10177886848;B
20240422;100634;1872.8;20;10177887244;B
20240422;100634;1872.8;1;10177887341;B
20240422;100635;1872.8;15;10177887368;B
20240422;100635;1872.8;3;10177887369;B
20240422;100635;1872.8;79;10177887370;B
20240422;100635;1872.8;11;10177887371;B
20240422;100635;1873;10;10177887510;B
20240422;100635;1873;10;10177887511;B
20240422;100635;1873;16;10177887512;B
20240422;100636;1873;84;10177887767;B
20240422;100636;1873;16;10177887768;B
20240422;100642;1872.8;86;10177888840;S
20240422;100643;1873;46;10177889096;B
20240422;100644;1872.8;2;10177889407;S
20240422;100648;1873;93;10177890196;B
20240422;100651;1872.8;5;10177890796;S
20240422;100651;1873;19;10177890825;B
20240422;100652;1873;27;10177891022;B
20240422;100653;1873;2;10177891296;B
20240422;100654;1873;2;10177891581;B
20240422;100654;1872.8;7;10177891582;S
20240422;100654;1872.8;40;10177891583;S
20240422;100654;1872.8;1;10177891584;S
20240422;100655;1872.8;1;10177891689;S
20240422;100656;1872.8;2;10177891820;S
20240422;100657;1873;1;10177892041;B
20240422;100659;1873;61;10177892279;B
20240422;100659;1873;9;10177892283;B
20240422;100700;1873;1;10177892491;B
20240422;100705;1872.8;1;10177893529;S
20240422;100705;1873;1;10177893548;B
20240422;100706;1873;51;10177893623;B
20240422;100708;1873;8;10177894007;B
20240422;100708;1872.8;48;10177894201;S
20240422;100709;1873;1;10177894241;B
20240422;100709;1873;1;10177894281;B
20240422;100710;1873;5;10177894532;B
20240422;100713;1873;16;10177895139;B
20240422;100713;1873;20;10177895308;B
20240422;100718;1873;1;10177896388;B
20240422;100719;1873;1;10177896595;B
20240422;100721;1873;10;10177897047;B
20240422;100721;1872.8;2;10177897290;S
20240422;100722;1873;29;10177897413;B
20240422;100723;1872.8;11;10177897878;S
20240422;100724;1873;1;10177898140;B
20240422;100726;1872.8;2;10177898702;S
20240422;100727;1873;40;10177898770;B
20240422;100727;1873;14;10177898850;B
20240422;100728;1873;524;10177898880;B
20240422;100728;1873;10;10177898881;B
20240422;100728;1873;1;10177898941;B
20240422;100728;1873;3;10177898981;B
20240422;100734;1872.8;2;10177899887;S
20240422;100734;1873;3;10177900046;B
20240422;100734;1873;27;10177900047;B
20240422;100735;1873;1;10177900247;B
20240422;100735;1873;36;10177900281;B
20240422;100735;1873;7;10177900282;B
20240422;100735;1873;126;10177900283;B
20240422;100736;1872.8;15;10177900480;S
20240422;100739;1873;1;10177900943;B
20240422;100739;1873;1;10177901058;B
20240422;100741;1873;3;10177901326;B
20240422;100741;1873.2;30;10177901327;B
20240422;100741;1873.2;11;10177901328;B
20240422;100741;1873.2;59;10177901379;B
20240422;100741;1873.2;1;10177901453;B
20240422;100743;1873.2;2;10177901780;B
20240422;100743;1872.8;2;10177901983;S
20240422;100748;1873.2;27;10177902719;B
20240422;100749;1873.2;1;10177902861;B
20240422;100749;1873.2;9;10177902862;B
20240422;100755;1873.2;22;10177904004;B
20240422;100757;1873.2;2;10177904288;B
20240422;100757;1873.2;1;10177904317;B
20240422;100758;1872.8;1;10177904508;S
20240422;100758;1873.2;54;10177904526;B
20240422;100802;1872.8;1;10177905158;S
20240422;100805;1873;2;10177905663;B
20240422;100806;1873;1;10177905771;B
20240422;100807;1873;4;10177905881;B
20240422;100807;1873;21;10177905979;B
20240422;100808;1873.2;1;10177906067;B
20240422;100810;1873.2;1;10177906458;B
20240422;100810;1873.2;1;10177906459;B
20240422;100810;1873.4;11;10177906460;B
20240422;100810;1873.4;144;10177906461;B
20240422;100810;1873.6;14;10177906462;B
20240422;100810;1873.6;60;10177906463;B
20240422;100810;1873.6;1;10177906464;B
20240422;100810;1873.8;2;10177906465;B
20240422;100810;1874;20;10177906466;B
20240422;100810;1874;13;10177906467;B
20240422;100810;1874.2;5;10177906468;B
20240422;100810;1874.2;1;10177906469;B
20240422;100810;1874.2;1;10177906470;B
20240422;100810;1874.2;42;10177906471;B
20240422;100810;1874.2;184;10177906472;B
20240422;100811;1873.8;15;10177906751;B
20240422;100813;1873.8;1;10177906946;B
20240422;100821;1873.8;9;10177908244;B
20240422;100821;1874;6;10177908245;B
20240422;100822;1873.2;2;10177908804;S
20240422;100822;1873;13;10177908805;S
20240422;100822;1873;6;10177908806;S
20240422;100823;1873;1;10177908898;S
20240422;100824;1873.6;1;10177909076;B
20240422;100826;1873.4;1;10177909432;B
20240422;100826;1873.4;3;10177909467;B
20240422;100826;1873.4;1;10177909525;B
20240422;100826;1873.4;10;10177909553;B
20240422;100826;1873.6;5;10177909554;B
20240422;100826;1873.6;58;10177909555;B
20240422;100827;1873.4;4;10177909625;B
20240422;100828;1873.4;1;10177909803;S
20240422;100829;1873.6;8;10177910058;B
20240422;100830;1873.6;20;10177910129;B
20240422;100830;1873.6;7;10177910130;B
20240422;100830;1873.6;11;10177910214;B
20240422;100831;1873.4;3;10177910267;S
20240422;100833;1873.4;1;10177910689;S
20240422;100833;1873.6;1;10177910730;B
20240422;100833;1873.6;2;10177910733;B
20240422;100839;1873.6;2;10177912017;B
20240422;100839;1873.6;3;10177912025;B
20240422;100840;1873.4;2;10177912229;S
20240422;100846;1873.6;20;10177913974;B
20240422;100847;1873.4;3;10177914108;S
20240422;100847;1873.2;3;10177914109;S
20240422;100847;1873.4;75;10177914139;B
20240422;100849;1873.2;7;10177914424;S
20240422;100849;1873.2;4;10177914425;S
20240422;100853;1873.4;18;10177915314;B
20240422;100853;1873.4;1;10177915376;B
20240422;100853;1873.4;62;10177915586;B
20240422;100853;1873.4;23;10177915587;B
20240422;100853;1873.4;20;10177915588;B
20240422;100854;1873.2;10;10177915923;S
20240422;100854;1873.2;38;10177915926;B
20240422;100854;1873.2;42;10177915927;B
20240422;100855;1873.2;2;10177916145;B
20240422;100856;1873.2;5;10177916535;B
20240422;100857;1873;1;10177916707;S
20240422;100858;1873;1;10177916763;S
20240422;100859;1873.2;5;10177917072;B
20240422;100900;1873.2;5;10177917243;B
20240422;100901;1873.2;85;10177917594;B
20240422;100901;1873.2;15;10177917595;B
20240422;100901;1873.2;41;10177917733;B
20240422;100901;1873.2;4;10177917776;B
20240422;100901;1873.2;106;10177917777;B
20240422;100902;1873.2;5;10177918037;B
20240422;100904;1873.2;1;10177918367;B
20240422;100906;1873.2;5;10177918832;B
20240422;100906;1873.2;68;10177918873;B
20240422;100906;1873.2;24;10177918874;B
20240422;100906;1873.2;1;10177918875;B
20240422;100906;1873.2;3;10177918876;B
20240422;100906;1873.2;101;10177918877;B
20240422;100908;1873.2;10;10177919177;B
20240422;100909;1873.2;1;10177919365;S
20240422;100911;1873.4;1;10177919695;B
20240422;100912;1873.2;3;10177919862;S
20240422;100912;1873.4;3;10177919888;B
20240422;100912;1873.6;1;10177919889;B
20240422;100912;1873.6;15;10177919890;B
20240422;100913;1873;10;10177920162;S
20240422;100913;1873;10;10177920163;S
20240422;100913;1873;3;10177920164;S
20240422;100913;1873;9;10177920165;S
20240422;100913;1873;16;10177920166;S
20240422;100913;1873;5;10177920167;S
20240422;100913;1872.8;12;10177920168;S
20240422;100913;1872.8;13;10177920169;S
20240422;100913;1872.8;60;10177920170;S
20240422;100913;1872.8;20;10177920171;S
20240422;100913;1872.8;13;10177920172;S
20240422;100915;1872.4;1;10177920438;S
20240422;100915;1872;2;10177920439;S
20240422;100915;1872.4;1;10177920485;B
20240422;100916;1872;181;10177920702;S
20240422;100916;1872;2;10177920703;S
20240422;100916;1872;17;10177920704;S
20240422;100917;1871.8;4;10177920764;S
20240422;100917;1871.6;3;10177920765;S
20240422;100917;1871.6;1;10177920766;S
20240422;100918;1871.6;11;10177920946;S
20240422;100918;1871.6;5;10177920992;S
20240422;100919;1871.6;23;10177921126;S
20240422;100919;1871.4;5;10177921127;S
20240422;100919;1871.4;200;10177921128;S
20240422;100919;1871.4;4;10177921129;S
20240422;100919;1871.2;21;10177921130;S
20240422;100919;1871.2;11;10177921131;S
20240422;100919;1871.2;24;10177921132;S
20240422;100919;1871;55;10177921133;S
20240422;100919;1871;40;10177921134;S
20240422;100919;1871;17;10177921135;S
20240422;100919;1871;144;10177921136;S
20240422;100919;1870.8;354;10177921137;S
20240422;100919;1870.8;2;10177921138;S
20240422;100919;1870.8;1;10177921139;S
20240422;100919;1870.8;20;10177921140;S
20240422;100919;1870.6;50;10177921141;S
20240422;100919;1870.6;10;10177921142;S
20240422;100919;1870.6;19;10177921143;S
20240422;100919;1870.8;8;10177921147;B
20240422;100923;1870.8;81;10177921802;B
20240422;100923;1871;42;10177921803;B
20240422;100923;1871;135;10177921804;B
20240422;100923;1871.2;17;10177921805;B
20240422;100923;1871.2;60;10177921806;B
20240422;100923;1871.4;13;10177921807;B
20240422;100923;1871.4;146;10177921808;B
20240422;100923;1871.6;6;10177921809;B
20240422;100925;1871.2;1;10177922169;B
20240422;100927;1870.8;5;10177922470;S
20240422;100929;1871.6;1;10177922897;B
20240422;100929;1870.8;28;10177922905;S
20240422;100929;1870.6;17;10177922906;S
20240422;100929;1870.6;83;10177922907;S
20240422;100929;1870.4;3;10177922908;S
20240422;100929;1870.4;144;10177922909;S
20240422;100929;1870.4;13;10177922910;S
20240422;100929;1870.4;41;10177922911;S
20240422;100932;1871.2;1;10177923326;B
20240422;100935;1870.4;9;10177923684;S
20240422;100935;1870.4;41;10177923685;S
20240422;100935;1870.2;10;10177923686;S
20240422;100935;1870.2;1;10177923687;S
20240422;100935;1870.2;17;10177923688;S
20240422;100935;1870.2;135;10177923689;S
20240422;100935;1870.2;65;10177923690;S
20240422;100935;1870;20;10177923691;S
20240422;100935;1870;1;10177923692;S
20240422;100935;1870;10;10177923693;S
20240422;100935;1870;1;10177923694;S
20240422;100935;1870;1;10177923695;S
20240422;100935;1870;1;10177923696;S
20240422;100935;1870;150;10177923697;S
20240422;100935;1870;45;10177923698;S
20240422;100935;1870;1;10177923699;S
20240422;100935;1870;1;10177923700;S
20240422;100935;1870;491;10177923701;S
20240422;100935;1870;9;10177923706;S
20240422;100935;1870;40;10177923707;S
20240422;100935;1870;10;10177923708;S
20240422;100935;1870;1;10177923709;S
20240422;100935;1870;30;10177923710;S
20240422;100935;1870;6;10177923711;S
20240422;100935;1870;72;10177923712;S
20240422;100935;1869.6;1;10177923829;S
20240422;100936;1870;1;10177923978;B
20240422;100937;1869.6;15;10177924042;S
20240422;100937;1869.4;5;10177924043;S
20240422;100937;1869.4;10;10177924044;S
20240422;100941;1869.4;1;10177924717;S
20240422;100947;1869.6;34;10177925821;B
20240422;100950;1870;11;10177927078;B
20240422;100953;1870;1;10177927725;B
20240422;100954;1869.6;1;10177927996;B
20240422;100954;1869.6;5;10177928162;B
20240422;100954;1869.6;13;10177928163;B
20240422;100959;1869.8;1;10177929408;B
20240422;101002;1869.8;3;10177930066;B
20240422;101008;1869.8;20;10177931247;B
20240422;101010;1869.8;5;10177931638;B
20240422;101013;1869.8;2;10177932023;B
20240422;101014;1869.8;1;10177932174;B
20240422;101014;1869.8;1;10177932250;B
20240422;101016;1869.4;1;10177932647;S
20240422;101018;1869.8;1;10177932953;B
20240422;101021;1869.4;38;10177933583;S
20240422;101021;1869.4;20;10177933584;S
20240422;101021;1869.4;3;10177933585;S
20240422;101021;1869.4;101;10177933586;S
20240422;101021;1869.4;1;10177933587;S
20240422;101021;1869.4;9;10177933588;S
20240422;101021;1869.4;10;10177933589;S
20240422;101021;1869.6;5;10177933709;B
20240422;101021;1869.6;55;10177933710;B
20240422;101022;1869.4;2;10177933761;S
20240422;101022;1869.6;89;10177933830;B
20240422;101022;1869.6;27;10177933831;B
20240422;101022;1870.2;17;10177933832;B
20240422;101022;1870.2;60;10177933833;B
20240422;101022;1870.2;42;10177933834;B
20240422;101022;1870.4;13;10177933835;B
20240422;101022;1870.6;16;10177933836;B
20240422;101023;1869.4;40;10177933988;S
20240422;101025;1869.4;200;10177934311;S
20240422;101032;1869.6;10;10177935580;B
20240422;101032;1869.6;30;10177935596;B
20240422;101033;1869.4;99;10177935950;S
20240422;101033;1869.4;1;10177935951;S
20240422;101035;1869.6;2;10177936208;B
20240422;101037;1869.6;1;10177936733;B
20240422;101042;1869.6;2;10177937597;B
20240422;101043;1869.6;2;10177937763;B
20240422;101044;1869.4;58;10177937909;S
20240422;101044;1869.4;15;10177937910;S
20240422;101044;1869.4;80;10177937911;S
20240422;101044;1869.4;47;10177937912;S
20240422;101045;1869.4;18;10177938074;S
20240422;101047;1869.4;5;10177938418;S
20240422;101048;1869.6;44;10177938691;B
20240422;101048;1869.6;49;10177938692;B
20240422;101048;1869.6;7;10177938693;B
20240422;101049;1869.6;1;10177938848;B
20240422;101050;1869.6;3;10177938991;B
20240422;101052;1869.6;46;10177939478;B
20240422;101052;1869.6;144;10177939479;B
20240422;101052;1869.6;81;10177939480;B
20240422;101052;1869.6;26;10177939481;B
20240422;101052;1869.8;135;10177939482;B
20240422;101052;1869.8;60;10177939483;B
20240422;101052;1869.8;150;10177939484;B
20240422;101052;1870;17;10177939485;B
20240422;101052;1870;600;10177939486;B
20240422;101052;1870;429;10177939487;B
20240422;101052;1870;42;10177939488;B
20240422;101052;1869.8;1;10177939692;B
20240422;101055;1869.8;7;10177940175;B
20240422;101055;1869.6;1;10177940312;S
20240422;101056;1869.8;30;10177940449;B
20240422;101056;1869.6;20;10177940595;S
20240422;101056;1869.6;272;10177940596;S
20240422;101056;1869.6;38;10177940597;S
20240422;101057;1869.8;1;10177940789;B
20240422;101058;1869.8;4;10177940877;B
20240422;101100;1869.8;6;10177941313;B
20240422;101104;1869.8;1;10177942463;B
20240422;101108;1869.8;3;10177943403;B
20240422;101111;1869.6;8;10177944882;S
20240422;101111;1869.6;168;10177944920;S
20240422;101111;1869.6;122;10177944921;S
20240422;101111;1869.6;10;10177944922;S
20240422;101112;1869.6;10;10177945056;S
20240422;101113;1869.8;1;10177945611;B
20240422;101115;1869.8;1;10177945918;B
20240422;101115;1869.6;9;10177945919;S
20240422;101115;1869.8;2;10177945947;B
20240422;101115;1869.8;8;10177945992;B
20240422;101116;1869.6;1;10177946105;S
20240422;101117;1869.8;1;10177946583;B
20240422;101118;1869.8;1;10177946683;B
20240422;101119;1869.8;1;10177946817;B
20240422;101119;1869.8;46;10177946890;B
20240422;101119;1869.8;26;10177946936;B
20240422;101119;1869.8;20;10177946937;B
20240422;101119;1870;46;10177947005;B
20240422;101119;1869.8;16;10177947049;S
20240422;101120;1870.2;41;10177947213;B
20240422;101120;1870.2;3;10177947383;B
20240422;101120;1869.8;10;10177947386;S
20240422;101123;1870.2;1;10177948069;B
20240422;101124;1870.2;50;10177948187;B
20240422;101124;1870;5;10177948252;S
20240422;101124;1870.2;55;10177948253;B
20240422;101124;1870.2;60;10177948254;B
20240422;101126;1870.4;30;10177948613;S
20240422;101128;1870.4;1;10177949109;S
20240422;101129;1870.4;3;10177949210;S
20240422;101130;1870.4;1;10177949379;S
20240422;101131;1870.8;17;10177949400;B
20240422;101131;1871;25;10177949401;B
20240422;101131;1871.2;4;10177949402;B
20240422;101131;1871.2;4;10177949403;B
20240422;101132;1870.6;10;10177949650;S
20240422;101141;1871.2;4;10177951183;B
20240422;101141;1871.4;3;10177951184;B
20240422;101142;1871.6;15;10177951314;B
20240422;101143;1872;27;10177951506;B
20240422;101143;1872;73;10177951507;B
20240422;101143;1872.4;4;10177951508;B
20240422;101143;1872.4;3;10177951509;B
20240422;101143;1872.6;24;10177951510;B
20240422;101143;1872;70;10177951561;S
20240422;101144;1872.8;1;10177951739;B
20240422;101145;1872.8;1;10177951921;B
20240422;101146;1872.2;9;10177952121;S
20240422;101146;1871.8;17;10177952122;S
20240422;101146;1871.8;8;10177952123;S
20240422;101147;1872.6;17;10177952180;B
20240422;101147;1872.8;37;10177952181;B
20240422;101147;1873;1;10177952182;B
20240422;101147;1873;5;10177952183;B
20240422;101147;1872.8;1;10177952184;B
20240422;101150;1872.8;50;10177952890;B
20240422;101151;1872;37;10177952983;S
20240422;101151;1872;18;10177952984;S
20240422;101151;1872.4;32;10177952997;B
20240422;101153;1872.6;3;10177953264;B
20240422;101153;1871.8;5;10177953271;S
20240422;101153;1871.8;17;10177953272;S
20240422;101153;1871.6;60;10177953273;S
20240422;101153;1871.6;23;10177953274;S
20240422;101153;1871.4;60;10177953275;S
20240422;101153;1871.2;42;10177953276;S
20240422;101153;1871.2;190;10177953277;S
20240422;101153;1871;144;10177953278;S
20240422;101153;1871;5;10177953279;S
20240422;101153;1870.8;194;10177953280;S
20240422;101153;1870.6;260;10177953281;S
20240422;101155;1871.4;17;10177953467;B
20240422;101155;1871.4;38;10177953468;B
20240422;101157;1871.4;1;10177953834;B
20240422;101158;1871.4;15;10177953892;B
20240422;101203;1871.4;5;10177954613;B
20240422;101205;1871.8;1;10177955073;B
20240422;101205;1871.8;206;10177955083;B
20240422;101208;1872;81;10177955403;S
20240422;101208;1872;65;10177955404;S
20240422;101208;1871.8;154;10177955405;S
20240422;101208;1872;4;10177955432;S
20240422;101209;1871.8;50;10177955648;S
20240422;101211;1871.8;3;10177955950;S
20240422;101211;1872.4;30;10177955987;B
20240422;101214;1872;9;10177956523;S
20240422;101216;1872.6;1;10177956728;B
20240422;101216;1872.6;46;10177956767;B
20240422;101218;1872;72;10177957117;S
20240422;101218;1871.8;87;10177957118;S
20240422;101218;1871.8;17;10177957119;S
20240422;101218;1871.4;1;10177957120;S
20240422;101218;1871.4;11;10177957121;S
20240422;101218;1871.4;12;10177957122;S
20240422;101218;1871.4;1;10177957166;S
20240422;101218;1871.6;6;10177957178;S
20240422;101218;1872.4;14;10177957205;B
20240422;101218;1872.6;9;10177957206;B
20240422;101219;1872.6;1;10177957333;B
20240422;101219;1872.6;17;10177957334;B
20240422;101219;1872.6;27;10177957335;B
20240422;101220;1872.6;45;10177957552;B
20240422;101221;1872.6;5;10177957593;B
20240422;101223;1872.6;7;10177958024;S
20240422;101223;1872.8;1;10177958128;B
20240422;101224;1872.8;19;10177958190;B
20240422;101225;1872.8;17;10177958414;B
20240422;101226;1872.8;50;10177958658;B
20240422;101226;1872.6;1;10177958664;S
20240422;101227;1872.6;5;10177958731;S
20240422;101227;1872.8;1;10177958777;B
20240422;101229;1872.8;5;10177959122;B
20240422;101231;1872.8;9;10177959802;B
20240422;101232;1872.8;22;10177959842;B
20240422;101232;1872.8;5;10177959843;B
20240422;101232;1872.8;5;10177959844;B
20240422;101232;1872.8;22;10177959845;B
20240422;101232;1873;5;10177959846;B
20240422;101232;1873;11;10177959847;B
20240422;101232;1873;144;10177959848;B
20240422;101232;1873.2;20;10177959877;B
20240422;101232;1873.2;5;10177959878;B
20240422;101232;1873.2;20;10177959879;B
20240422;101232;1873.4;22;10177959880;B
20240422;101232;1873.6;2;10177959881;B
20240422;101232;1873.6;90;10177959882;B
20240422;101232;1873.8;1;10177959883;B
20240422;101232;1873.8;2;10177959884;B
20240422;101232;1873.8;3;10177959885;B
20240422;101232;1873.8;114;10177959886;B
20240422;101232;1874;10;10177959887;B
20240422;101232;1874;200;10177959888;B
20240422;101232;1874;1;10177959889;B
20240422;101232;1874;10;10177959890;B
20240422;101232;1874;1;10177959891;B
20240422;101232;1874;144;10177959892;B
20240422;101232;1874;60;10177959893;B
20240422;101232;1874;500;10177959926;S
20240422;101233;1874;1;10177960032;S
20240422;101233;1874;8;10177960035;S
20240422;101233;1874.2;1;10177960089;B
20240422;101234;1874;5;10177960208;S
20240422;101234;1874.2;5;10177960442;B
20240422;101235;1874.2;5;10177960484;B
20240422;101235;1874.2;28;10177960506;B
20240422;101235;1874.2;37;10177960552;B
20240422;101235;1874.4;3;10177960553;B
20240422;101235;1874.4;110;10177960554;B
20240422;101235;1874.4;9;10177960569;B
20240422;101236;1874.4;81;10177960682;B
20240422;101236;1874.4;2;10177960683;B
20240422;101236;1874.4;12;10177960684;B
20240422;101236;1874.6;10;10177960685;B
20240422;101236;1874.6;45;10177960686;B
20240422;101236;1874.8;10;10177960738;B
20240422;101236;1874.8;140;10177960739;B
20240422;101237;1874.8;150;10177960820;B
20240422;101237;1874.8;210;10177960832;B
20240422;101237;1874.8;11;10177960833;B
20240422;101237;1874.8;30;10177960834;B
20240422;101237;1874.8;1;10177960835;B
20240422;101237;1874.8;2;10177960836;B
20240422;101237;1874.8;4;10177960837;B
20240422;101237;1875;108;10177960838;B
20240422;101237;1875;10;10177960839;B
20240422;101237;1875;100;10177960840;B
20240422;101237;1875;6;10177960841;B
20240422;101237;1875;10;10177960842;B
20240422;101237;1875;5;10177960843;B
20240422;101237;1875;3;10177960844;B
20240422;101237;1875;10;10177960847;S
20240422;101237;1875.2;20;10177960887;B
20240422;101237;1875.4;480;10177960888;B
20240422;101237;1875.2;135;10177960889;S
20240422;101237;1875.2;93;10177960890;S
20240422;101237;1875;3;10177960900;S
20240422;101237;1875.4;1;10177960991;B
20240422;101238;1875.4;19;10177961007;B
20240422;101238;1875.4;1;10177961008;B
20240422;101238;1875.4;1;10177961009;B
20240422;101238;1875.4;2;10177961010;B
20240422;101238;1875.4;81;10177961011;B
20240422;101238;1875.6;30;10177961012;B
20240422;101238;1875.6;149;10177961013;B
20240422;101238;1875.6;16;10177961014;B
20240422;101238;1875.6;36;10177961015;B
20240422;101238;1875.6;26;10177961016;B
20240422;101238;1875.8;239;10177961017;B
20240422;101238;1875.8;150;10177961018;B
20240422;101238;1875.4;20;10177961127;S
20240422;101241;1875.8;20;10177961684;B
20240422;101242;1875.6;30;10177961976;B
20240422;101242;1875.6;16;10177961977;B
20240422;101245;1875.6;10;10177962522;B
20240422;101245;1875.6;3;10177962560;B
20240422;101246;1875.6;10;10177962727;B
20240422;101248;1875.4;25;10177963086;S
20240422;101248;1875;5;10177963087;S
20240422;101249;1875.2;81;10177963169;B
20240422;101249;1875.2;19;10177963170;B
20240422;101250;1875;1;10177963303;S
20240422;101251;1875.2;1;10177963376;B
20240422;101251;1875.2;100;10177963408;B
20240422;101253;1875.2;10;10177963788;B
20240422;101253;1875.2;46;10177963821;B
20240422;101253;1875.2;46;10177963917;B
20240422;101253;1875.2;46;10177964007;B
20240422;101253;1875;1;10177964121;S
20240422;101254;1875.2;4;10177964180;B
20240422;101255;1875;23;10177964405;S
20240422;101255;1875;27;10177964406;S
20240422;101255;1875;20;10177964407;S
20240422;101255;1874.8;1;10177964437;S
20240422;101255;1875.2;1;10177964482;B
20240422;101256;1875;2;10177964737;S
20240422;101300;1875.2;21;10177965548;B
20240422;101300;1875.2;4;10177965549;B
20240422;101300;1874.8;10;10177965620;S
20240422;101301;1874.8;1;10177965691;S
20240422;101301;1874.8;4;10177965894;S
20240422;101302;1875.2;26;10177966048;B
20240422;101302;1875.2;4;10177966049;B
20240422;101304;1875.4;1;10177966277;B
20240422;101305;1875.4;9;10177966439;B
20240422;101305;1875.4;296;10177966534;B
20240422;101306;1875.4;67;10177966603;B
20240422;101306;1875.4;3;10177966751;B
20240422;101307;1875.4;100;10177966770;B
20240422;101307;1875.2;8;10177966823;S
20240422;101310;1875.2;3;10177967361;B
20240422;101310;1875;25;10177967483;S
20240422;101310;1875;1;10177967511;S
20240422;101312;1875;1;10177968030;S
20240422;101312;1875;1;10177968031;S
20240422;101312;1875;18;10177968032;S
20240422;101312;1875;1;10177968110;S
20240422;101314;1875.2;10;10177968332;B
20240422;101314;1875.2;1;10177968340;B
20240422;101314;1875.2;16;10177968391;B
20240422;101314;1875.2;2;10177968392;B
20240422;101314;1875.4;2;10177968393;B
20240422;101315;1875.4;280;10177968476;B
20240422;101315;1875.4;15;10177968553;B
20240422;101316;1875;27;10177968581;S
20240422;101316;1875;73;10177968582;S
20240422;101318;1875;10;10177968936;S
20240422;101318;1874.8;9;10177968937;S
20240422;101318;1874.8;1;10177968938;S
20240422;101319;1874.8;1;10177969005;S
20240422;101323;1875.2;2;10177969579;B
20240422;101323;1875.2;2;10177969580;B
20240422;101324;1875.2;5;10177969776;B
20240422;101325;1875;32;10177969925;S
20240422;101325;1875;26;10177969926;S
20240422;101325;1875;4;10177969953;B
20240422;101326;1875;10;10177970092;B
20240422;101326;1875;16;10177970154;B
20240422;101327;1875;44;10177970364;B
20240422;101333;1874.8;1;10177971753;B
20240422;101334;1874.8;37;10177971830;B
20240422;101334;1874.6;1;10177971869;S
20240422;101335;1874.6;10;10177972013;S
20240422;101337;1874.8;5;10177972575;B
20240422;101337;1874.8;1;10177972712;B
20240422;101337;1875;4;10177972713;B
20240422;101338;1874.6;20;10177972969;S
20240422;101339;1874.6;3;10177973061;S
20240422;101340;1874.8;3;10177973287;B
20240422;101341;1875;7;10177973510;B
20240422;101342;1875;1;10177973757;B
20240422;101344;1874.6;10;10177974006;S
20240422;101345;1874.4;26;10177974163;S
20240422;101345;1874.2;176;10177974164;S
20240422;101345;1874.8;81;10177974253;B
20240422;101345;1874.8;19;10177974254;B
20240422;101346;1874.2;144;10177974379;S
20240422;101346;1874.2;100;10177974380;S
20240422;101346;1874;1757;10177974381;S
20240422;101351;1874;500;10177975150;S
20240422;101352;1874.2;11;10177975223;B
20240422;101353;1874.2;2;10177975354;B
20240422;101354;1874.2;14;10177975573;B
20240422;101356;1874.2;28;10177976005;B
20240422;101356;1874.2;12;10177976006;B
20240422;101358;1874.2;2;10177976370;B
20240422;101358;1874.4;5;10177976479;B
20240422;101400;1874;20;10177976699;S
20240422;101403;1874;10;10177977244;S
20240422;101403;1874.2;81;10177977256;B
20240422;101403;1874.2;19;10177977257;B
20240422;101406;1874;60;10177977620;S
20240422;101406;1874;120;10177977621;S
20240422;101406;1874;160;10177977622;S
20240422;101406;1874;31;10177977623;S
20240422;101406;1874;56;10177977624;S
20240422;101406;1874.2;1;10177977695;B
20240422;101409;1874;30;10177978108;S
20240422;101410;1874;5;10177978302;S
20240422;101411;1874.2;5;10177978454;B
20240422;101412;1874.2;3;10177978536;B
20240422;101412;1874;30;10177978560;S
20240422;101413;1874.2;30;10177978882;B
20240422;101415;1874;11;10177979124;S
20240422;101424;1874.2;161;10177980616;B
20240422;101424;1874.2;41;10177980617;B
20240422;101424;1874.2;81;10177980618;B
20240422;101424;1874.6;300;10177980619;B
20240422;101424;1874.6;60;10177980620;B
20240422;101424;1874.8;2;10177980621;B
20240422;101424;1874.8;42;10177980622;B
20240422;101424;1875;56;10177980623;B
20240422;101424;1875;11;10177980624;B
20240422;101424;1875;41;10177980625;B
20240422;101424;1875;16;10177980626;B
20240422;101424;1875;3;10177980627;B
20240422;101424;1875;1;10177980628;B
20240422;101424;1875;144;10177980629;B
20240422;101424;1875.2;1;10177980708;B
20240422;101425;1875;346;10177980757;S
20240422;101425;1875.2;10;10177980824;B
20240422;101427;1875;7;10177981143;S
20240422;101427;1875;10;10177981161;S
20240422;101428;1875;71;10177981503;S
20240422;101431;1875.2;10;10177982684;B
20240422;101431;1875;68;10177982696;S
20240422;101433;1875.2;2;10177983011;B
20240422;101433;1875.2;1;10177983012;B
20240422;101433;1875.2;2;10177983013;B
20240422;101433;1875.2;6;10177983014;B
20240422;101433;1875;5;10177983073;S
20240422;101436;1875.2;1;10177983579;B
20240422;101436;1875.2;1;10177983604;B
20240422;101437;1875;1;10177983616;S
20240422;101437;1875;3;10177983665;S
20240422;101437;1875.2;1;10177983667;B
20240422;101438;1875;2;10177983772;S
20240422;101438;1875;40;10177983786;S
20240422;101438;1875.2;31;10177983796;B
20240422;101439;1875;5;10177983945;S
20240422;101440;1875;10;10177984062;S
20240422;101441;1875.2;47;10177984215;B
20240422;101441;1875.2;3;10177984216;B
20240422;101443;1875.2;4;10177984442;B
20240422;101444;1875;3;10177984699;S
20240422;101446;1875.2;10;10177984949;B
20240422;101449;1875.2;2;10177985337;B
20240422;101451;1875;1;10177985686;S
20240422;101452;1875;5;10177985813;S
20240422;101453;1875;1;10177985822;S
20240422;101453;1875.2;65;10177985835;B
20240422;101453;1875.2;5;10177985836;B
20240422;101453;1875.2;50;10177985844;B
20240422;101453;1875;1;10177985845;S
20240422;101453;1875.2;1;10177985933;B
20240422;101456;1875;60;10177986267;S
20240422;101456;1875.2;1;10177986274;B
20240422;101456;1875.2;2;10177986346;B
20240422;101457;1875;90;10177986493;S
20240422;101458;1875;26;10177986550;S
20240422;101459;1875.2;77;10177986630;B
20240422;101459;1875.2;55;10177986631;B
20240422;101500;1875.2;18;10177986753;S
20240422;101500;1875.2;50;10177986754;S
20240422;101500;1875;32;10177986755;S
20240422;101500;1875.2;1;10177986847;B
20240422;101501;1875;42;10177986919;S
20240422;101501;1875.2;16;10177987034;B
20240422;101503;1875;1;10177987336;S
20240422;101503;1875;1;10177987342;S
20240422;101504;1875;1;10177987626;S
20240422;101506;1875;5;10177988196;S
20240422;101507;1875;255;10177988254;S
20240422;101507;1875;3;10177988255;S
20240422;101507;1875;2;10177988256;S
20240422;101507;1875;1;10177988257;S
20240422;101507;1875;5;10177988258;S
20240422;101507;1875.2;8;10177988320;B
20240422;101508;1875.2;3;10177988566;B
20240422;101508;1875.2;9;10177988604;B
20240422;101508;1875.2;44;10177988640;B
20240422;101508;1875.2;9;10177988641;B
20240422;101508;1875.2;54;10177988642;B
20240422;101508;1875.4;43;10177988643;B
20240422;101509;1875;30;10177988755;S
20240422;101509;1875;1;10177988823;S
20240422;101510;1875;5;10177989148;S
20240422;101512;1875;208;10177989624;S
20240422;101513;1875;20;10177989943;S
20240422;101515;1875.2;50;10177990472;B
20240422;101519;1875;5;10177991405;S
20240422;101519;1875.2;1;10177991431;B
20240422;101520;1875;1;10177991633;S
20240422;101520;1875.2;1;10177991889;B
20240422;101521;1875.2;11;10177991912;B
20240422;101523;1875;2;10177992755;S
20240422;101523;1875;2;10177992779;S
20240422;101523;1875.2;1;10177992808;B
20240422;101524;1875;20;10177992937;S
20240422;101525;1875.2;9;10177993228;B
20240422;101529;1875.2;2;10177994383;B
20240422;101531;1875.2;1;10177994996;B
20240422;101532;1875;1;10177995098;S
20240422;101532;1875.2;3;10177995242;B
20240422;101532;1875.2;4;10177995280;B
20240422;101533;1875;1;10177995328;S
20240422;101533;1875.2;28;10177995369;B
20240422;101533;1875.2;2;10177995370;B
20240422;101535;1875;2;10177995930;S
20240422;101536;1875.2;2;10177996025;B
20240422;101537;1875.2;9;10177996256;B
20240422;101537;1875;2;10177996333;S
20240422;101538;1875;12;10177996555;S
20240422;101539;1875;3;10177996801;S
20240422;101541;1875;8;10177997114;S
20240422;101541;1875.2;1;10177997287;B
20240422;101541;1875.2;19;10177997336;B
20240422;101542;1875.2;1;10177997445;B
20240422;101542;1875.2;43;10177997457;B
20240422;101542;1875;4;10177997481;S
20240422;101542;1875;10;10177997530;S
20240422;101543;1875.2;1;10177997579;B
20240422;101544;1875.2;1;10177997811;B
20240422;101544;1875.2;4;10177997903;B
20240422;101544;1875.2;41;10177997904;B
20240422;101546;1875;1;10177998308;S
20240422;101549;1875.2;2;10177998990;B
20240422;101551;1875;2;10177999464;S
20240422;101552;1875;1;10177999720;S
20240422;101552;1875;599;10177999752;S
20240422;101554;1875;5;10178000169;S
20240422;101554;1875;95;10178000235;S
20240422;101554;1875;3;10178000236;S
20240422;101554;1875;1;10178000237;S
20240422;101554;1875;1;10178000238;S
20240422;101555;1875.2;3;10178000256;B
20240422;101556;1875;55;10178000528;S
20240422;101556;1875.2;10;10178000568;B
20240422;101556;1875;2;10178000638;S
20240422;101557;1875;5;10178000851;S
20240422;101558;1875.2;4;10178000944;B
20240422;101559;1875;1;10178001110;S
20240422;101602;1875;1;10178001878;S
20240422;101602;1875.2;6;10178001903;B
20240422;101603;1875.2;2;10178002077;B
20240422;101604;1875;18;10178002254;S
20240422;101605;1875.2;2;10178002482;B
20240422;101605;1875;1;10178002483;S
20240422;101605;1875;100;10178002538;S
20240422;101607;1875;600;10178002836;S
20240422;101607;1875.2;1;10178002903;B
20240422;101607;1875;60;10178003016;S
20240422;101608;1875.2;2;10178003198;B
20240422;101609;1875.2;20;10178003404;B
20240422;101612;1875.2;50;10178004172;B
20240422;101612;1875.2;1;10178004173;B
20240422;101612;1875.2;13;10178004174;B
20240422;101615;1875.2;1;10178004745;B
20240422;101616;1875.2;1;10178004967;B
20240422;101620;1875.2;2;10178005657;B
20240422;101620;1875.2;2;10178005707;B
20240422;101622;1875.2;1;10178006157;B
20240422;101627;1875.2;1;10178007270;B
20240422;101627;1875.2;1;10178007312;B
20240422;101628;1875.2;13;10178007600;B
20240422;101628;1875.2;2;10178007654;B
20240422;101629;1875.2;1;10178007683;B
20240422;101629;1875;40;10178007847;S
20240422;101631;1875;4;10178008055;S
20240422;101631;1875;51;10178008059;S
20240422;101631;1875;5;10178008060;S
20240422;101632;1875;1;10178008381;S
20240422;101632;1875;2;10178008463;S
20240422;101634;1875;7;10178008824;S
20240422;101636;1875;1;10178009243;S
20240422;101637;1875;10;10178009489;S
20240422;101638;1875.2;2;10178009671;B
20240422;101640;1875.2;4;10178010206;B
20240422;101640;1875;1;10178010227;S
20240422;101644;1875.2;1;10178010914;B
20240422;101645;1875.2;2;10178011191;B
20240422;101645;1875.2;3;10178011192;B
20240422;101647;1875.2;7;10178011477;B
20240422;101648;1875;540;10178011854;S
20240422;101651;1875.2;2;10178012400;B
20240422;101652;1875;100;10178012634;S
20240422;101653;1875.2;2;10178012702;B
20240422;101653;1875;1;10178012929;S
20240422;101655;1875.2;6;10178013201;B
20240422;101659;1875;1;10178013978;S
20240422;101659;1875;30;10178014059;S
20240422;101659;1875;100;10178014068;S
20240422;101704;1875.2;19;10178014935;B
20240422;101704;1875.2;102;10178014936;B
20240422;101706;1875;4;10178015270;S
20240422;101710;1875;1;10178015890;S
20240422;101711;1875.2;2;10178016186;B
20240422;101712;1875;2;10178016449;S
20240422;101712;1875;170;10178016462;S
20240422;101712;1875;1;10178016463;S
20240422;101712;1875;30;10178016464;S
20240422;101712;1875;30;10178016465;S
20240422;101712;1875.2;60;10178016521;B
20240422;101713;1875.2;72;10178016674;B
20240422;101717;1875;1;10178017627;S
20240422;101717;1875;3;10178017663;S
20240422;101717;1875;58;10178017664;S
20240422;101723;1875;30;10178018940;S
20240422;101723;1875.2;1;10178019043;B
20240422;101725;1875;1;10178019800;S
20240422;101725;1875.2;3;10178019803;B
20240422;101725;1875.2;76;10178019856;B
20240422;101726;1875;24;10178019999;S
20240422;101727;1875.2;1;10178020084;B
20240422;101728;1875;460;10178020254;S
20240422;101728;1875;1;10178020255;S
20240422;101728;1875;1;10178020275;S
20240422;101728;1875;1;10178020353;S
20240422;101729;1875.2;40;10178020409;B
20240422;101729;1875;1;10178020456;S
20240422;101730;1875;16;10178020643;S
20240422;101730;1875.2;1;10178020753;B
20240422;101733;1875;8;10178021238;S
20240422;101740;1875;40;10178022398;S
20240422;101742;1875.2;1;10178022600;B
20240422;101743;1875.2;1;10178022750;B
20240422;101745;1875;1;10178023013;S
20240422;101745;1875;30;10178023031;S
20240422;101748;1875.2;47;10178023704;B
20240422;101748;1875;300;10178023705;S
20240422;101749;1875.2;54;10178023823;B
20240422;101749;1875.2;6;10178023830;B
20240422;101750;1875;3;10178024031;S
20240422;101753;1875;25;10178024447;S
20240422;101753;1875;5;10178024448;S
20240422;101753;1875;30;10178024537;S
20240422;101753;1875.2;1;10178024554;B
20240422;101753;1875.2;19;10178024556;B
20240422;101754;1875.2;1;10178024621;B
20240422;101759;1875.2;95;10178025614;B
20240422;101759;1875.2;1;10178025717;B
20240422;101802;1875.2;18;10178026170;B
20240422;101802;1875.2;4;10178026171;B
20240422;101802;1875.2;100;10178026172;B
20240422;101802;1875.2;1;10178026173;B
20240422;101806;1875.2;1;10178026964;B
20240422;101808;1875;1;10178027270;S
20240422;101809;1875.2;4;10178027470;B
20240422;101810;1875;14;10178027627;S
20240422;101810;1875;30;10178027628;S
20240422;101810;1875;8;10178027629;S
20240422;101810;1875;48;10178027630;S
20240422;101810;1875;1452;10178027645;S
20240422;101810;1875;14000;10178027646;S
20240422;101810;1875;81;10178027647;S
20240422;101810;1875;6;10178027648;S
20240422;101810;1874.6;17;10178027652;S
20240422;101810;1874.6;61;10178027653;S
20240422;101810;1874.6;39;10178027662;S
20240422;101810;1874.6;1;10178027663;S
20240422;101810;1874.2;16;10178027664;S
20240422;101810;1874;44;10178027665;S
20240422;101810;1874;48;10178027666;S
20240422;101814;1874;1;10178028647;S
20240422;101817;1874.6;17;10178029235;B
20240422;101817;1874.6;81;10178029236;B
20240422;101817;1874.6;2;10178029237;B
20240422;101818;1874.4;5;10178029392;B
20240422;101821;1874.4;1;10178030050;B
20240422;101827;1874;7;10178031233;S
20240422;101833;1874;200;10178032633;S
20240422;101833;1874;24;10178032634;S
20240422;101833;1874;99;10178032636;S
20240422;101833;1874;278;10178033038;S
20240422;101834;1874.2;10;10178033368;B
20240422;101834;1874;24;10178033378;S
20240422;101835;1874.2;5;10178033478;B
20240422;101837;1874;1;10178033983;S
20240422;101837;1874.2;1;10178034116;B
20240422;101839;1874;2;10178034494;S
20240422;101840;1874;2;10178034735;S
20240422;101840;1874.2;23;10178034746;B
20240422;101841;1874.4;5;10178035148;B
20240422;101843;1874.2;5;10178035598;B
20240422;101844;1874.2;1;10178035622;B
20240422;101844;1874.2;2;10178035667;B
20240422;101844;1874;1;10178035750;S
20240422;101846;1874.2;1;10178036009;B
20240422;101848;1874;1;10178036454;S
20240422;101850;1874;1;10178036882;S
20240422;101850;1874.2;65;10178036889;B
20240422;101851;1874;8;10178037156;S
20240422;101852;1874;25;10178037274;S
20240422;101852;1874.2;2;10178037291;B
20240422;101852;1874.2;20;10178037292;B
20240422;101852;1874.2;20;10178037293;B
20240422;101852;1874.2;40;10178037294;B
20240422;101854;1874.2;1;10178037650;B
20240422;101854;1874;1;10178037651;S
20240422;101857;1874;3;10178038084;S
20240422;101859;1874;6;10178038402;S
20240422;101859;1874.2;1;10178038492;B
20240422;101900;1874.2;6;10178038551;B
20240422;101900;1874.2;22;10178038628;B
20240422;101907;1874.2;10;10178040068;B
20240422;101907;1874.2;5;10178040069;B
20240422;101907;1874;1;10178040160;S
20240422;101907;1874;150;10178040161;S
20240422;101907;1874;1;10178040193;S
20240422;101908;1874;4;10178040318;S
20240422;101908;1874;59;10178040319;S
20240422;101908;1874;3;10178040320;S
20240422;101908;1874;5;10178040321;S
20240422;101908;1874;3;10178040322;S
20240422;101908;1874;6;10178040323;S
20240422;101908;1874;10;10178040324;S
20240422;101908;1874.2;1;10178040503;B
20240422;101908;1874;1;10178040504;S
20240422;101909;1874;1;10178040660;S
20240422;101912;1874;3;10178041300;S
20240422;101912;1874;1;10178041301;S
20240422;101912;1874;26;10178041302;S
20240422;101912;1874;1;10178041303;S
20240422;101912;1874;1;10178041337;S
20240422;101913;1874;1;10178041559;S
20240422;101913;1874;1;10178041560;S
20240422;101913;1874.2;1;10178041724;B
20240422;101915;1874;1;10178042242;S
20240422;101915;1874.2;15;10178042246;B
20240422;101916;1874.2;18;10178042397;B
20240422;101916;1874.2;15;10178042453;B
20240422;101917;1874;1;10178042551;S
20240422;101917;1874;1;10178042610;S
20240422;101917;1874;5;10178042627;S
20240422;101917;1874;1;10178042763;S
20240422;101918;1874.2;2;10178042911;B
20240422;101918;1874;5;10178042924;S
20240422;101918;1874.2;1;10178043026;B
20240422;101919;1874;8;10178043125;S
20240422;101919;1874.2;16;10178043148;B
20240422;101919;1874.2;1;10178043250;B
20240422;101919;1874;5;10178043335;S
20240422;101920;1874;1;10178043409;S
20240422;101920;1874;86;10178043412;S
20240422;101920;1874;1;10178043413;S
20240422;101920;1873.8;2;10178043414;S
20240422;101920;1873.8;50;10178043415;S
20240422;101920;1873.6;66;10178043416;S
20240422;101920;1873.4;21;10178043417;S
20240422;101920;1873.2;1;10178043418;S
20240422;101920;1873.2;60;10178043419;S
20240422;101920;1873;286;10178043420;S
20240422;101920;1872.8;7;10178043421;S
20240422;101920;1872.8;42;10178043422;S
20240422;101920;1872.6;8;10178043423;S
20240422;101920;1872.4;18;10178043424;S
20240422;101920;1872;15;10178043425;S
20240422;101920;1872;126;10178043426;S
20240422;101920;1871.8;106;10178043427;S
20240422;101920;1871.8;105;10178043428;S
20240422;101920;1872.2;52;10178043429;S
20240422;101920;1872.2;1;10178043610;S
20240422;101920;1872.2;45;10178043791;S
20240422;101921;1872.2;7;10178043818;S
20240422;101924;1872.6;1;10178044530;B
20240422;101932;1872.6;2;10178046317;B
20240422;101933;1872.4;1;10178046532;B
20240422;101933;1872;144;10178046667;S
20240422;101933;1871.8;12;10178046668;S
20240422;101933;1871.8;64;10178046669;S
20240422;101933;1871.6;106;10178046670;S
20240422;101933;1871.6;200;10178046671;S
20240422;101933;1871.6;1;10178046672;S
20240422;101933;1871.4;1;10178046673;S
20240422;101933;1871.4;18;10178046674;S
20240422;101933;1871.4;60;10178046675;S
20240422;101933;1871.2;42;10178046676;S
20240422;101933;1871;3;10178046677;S
20240422;101933;1870.8;90;10178046678;S
20240422;101933;1870.6;1;10178046679;S
20240422;101933;1870.6;90;10178046680;S
20240422;101933;1870.6;63;10178046681;S
20240422;101933;1870.4;100;10178046682;S
20240422;101933;1870.4;5;10178046683;S
20240422;101933;1871.2;135;10178046688;B
20240422;101933;1871.2;9;10178046750;S
20240422;101933;1871;12;10178046751;S
20240422;101933;1870.8;4;10178046752;S
20240422;101934;1871;60;10178046892;S
20240422;101945;1871.2;1;10178049718;B
20240422;101950;1871.4;1;10178050846;B
20240422;101951;1871.6;1;10178051216;B
20240422;101952;1871.6;1;10178051361;B
20240422;101953;1871.6;12;10178051714;B
20240422;101956;1871.6;19;10178052303;B
20240422;101956;1871.8;52;10178052304;B
20240422;101956;1872;8;10178052305;B
20240422;101956;1872;9;10178052340;B
20240422;101958;1872;2;10178052834;B
20240422;101959;1871.8;1;10178053085;S
20240422;102003;1872;1;10178053864;B
20240422;102004;1872.2;2;10178054291;B
20240422;102004;1872.2;81;10178054307;S
20240422;102005;1872.2;2;10178054384;S
20240422;102005;1872.4;1;10178054424;B
20240422;102006;1872.2;10;10178054697;S
20240422;102007;1872.2;69;10178055040;S
20240422;102007;1872.2;8;10178055041;S
20240422;102007;1872;33;10178055042;S
20240422;102008;1872.2;80;10178055427;S
20240422;102012;1872.2;3;10178056324;S
20240422;102015;1872.4;5;10178057245;B
20240422;102015;1872.4;1;10178057246;B
20240422;102016;1872.4;2;10178057506;B
20240422;102018;1872.4;1;10178058229;B
20240422;102019;1872.4;2;10178058336;B
20240422;102019;1872.4;1;10178058337;B
20240422;102019;1872.4;27;10178058338;B
20240422;102020;1872.4;1;10178058639;B
20240422;102020;1872.4;3;10178058733;B
20240422;102020;1872.4;1;10178058734;B
20240422;102020;1872.4;21;10178058735;B
20240422;102020;1872.4;3;10178058743;S
20240422;102020;1872.4;1;10178058744;S
20240422;102020;1872.4;3;10178058759;S
20240422;102020;1872.4;1;10178058783;S
20240422;102020;1872.4;1;10178058807;S
20240422;102020;1872.4;3;10178058813;S
20240422;102021;1872.4;1;10178058814;S
20240422;102021;1872.4;3;10178058827;S
20240422;102021;1872.4;1;10178058828;S
20240422;102021;1872.4;3;10178058831;S
20240422;102021;1872.4;1;10178058832;S
20240422;102021;1872.4;3;10178058861;S
20240422;102021;1872.4;1;10178058879;S
20240422;102021;1872.4;3;10178058880;S
20240422;102021;1872.4;3;10178058901;S
20240422;102021;1872.4;2;10178058907;S
20240422;102021;1872.6;2;10178059207;B
20240422;102021;1872.4;48;10178059208;S
20240422;102021;1872.4;1;10178059225;B
20240422;102023;1872.4;2;10178059533;B
20240422;102023;1872.2;2;10178059535;S
20240422;102023;1872.4;2;10178059572;B
20240422;102023;1872.2;3;10178059603;S
20240422;102023;1872.2;2;10178059604;S
20240422;102023;1872.2;3;10178059605;S
20240422;102023;1872.2;1;10178059606;S
20240422;102023;1872.2;24;10178059607;S
20240422;102024;1872.4;52;10178060334;B
20240422;102025;1872.6;12;10178061601;B
20240422;102025;1872.4;10;10178061626;S
20240422;102026;1872.6;20;10178061740;B
20240422;102027;1872.6;1;10178061963;B
20240422;102029;1872.4;1;10178062754;S
20240422;102029;1872.4;59;10178062755;S
20240422;102031;1872.6;3;10178063106;B
20240422;102035;1872.6;1;10178066560;B
20240422;102036;1872.6;2;10178066582;B
20240422;102036;1872.4;1;10178066752;S
20240422;102036;1872.4;8;10178066753;S
20240422;102037;1872.6;45;10178066887;B
20240422;102038;1872.6;17;10178067506;B
20240422;102041;1872.6;39;10178068538;B
20240422;102042;1872.6;10;10178068583;B
20240422;102042;1872.6;1;10178068584;B
20240422;102043;1872.6;1;10178068903;B
20240422;102043;1872.4;45;10178069063;S
20240422;102047;1872.4;1;10178071804;S
20240422;102051;1872.4;1;10178073106;S
20240422;102051;1872.6;1;10178073236;B
20240422;102051;1872.8;20;10178073237;B
20240422;102051;1872.8;24;10178073238;B
20240422;102051;1873;1;10178073244;B
20240422;102057;1872.8;5;10178076589;S
20240422;102059;1872.8;30;10178077606;S
20240422;102100;1873;1;10178077683;B
20240422;102111;1873.4;1;10178082191;B
20240422;102111;1873.4;22;10178082192;B
20240422;102118;1873.4;2;10178084395;S
20240422;102119;1873.6;1;10178084731;B
20240422;102119;1873.6;321;10178084732;B
20240422;102120;1873.4;15;10178084932;S
20240422;102121;1873.6;12;10178085254;B
20240422;102122;1873.4;15;10178087716;S
20240422;102126;1873.4;3;10178088529;S
20240422;102126;1873.4;5;10178088576;S
20240422;102130;1873.6;123;10178091075;B
20240422;102130;1873.4;10;10178091209;S
20240422;102130;1873.4;2;10178091210;S
20240422;102130;1873.4;3;10178091211;S
20240422;102132;1873.4;15;10178091535;S
20240422;102133;1873.4;15;10178091849;S
20240422;102136;1873.6;30;10178092294;B
20240422;102136;1873.6;1;10178092323;B
20240422;102138;1873.4;15;10178092755;S
20240422;102138;1873.6;2;10178092840;B
20240422;102138;1873.4;1;10178092873;S
20240422;102138;1873.4;6;10178092874;S
20240422;102138;1873.4;1;10178092875;S
20240422;102138;1873.4;1;10178092876;S
20240422;102138;1873.4;73;10178092877;S
20240422;102138;1873.4;81;10178092878;S
20240422;102138;1873.2;1;10178092879;S
20240422;102138;1873.2;59;10178092880;S
20240422;102138;1873.2;135;10178092881;S
20240422;102138;1873;65;10178092882;S
20240422;102138;1873;27;10178092883;S
20240422;102138;1873;60;10178092884;S
20240422;102138;1873;100;10178092885;S
20240422;102138;1872.8;42;10178092886;S
20240422;102138;1872.6;17;10178092887;S
20240422;102138;1872.6;13;10178092888;S
20240422;102138;1872.6;144;10178092889;S
20240422;102138;1872.4;100;10178092890;S
20240422;102138;1872.2;52;10178092891;S
20240422;102138;1872.2;4;10178092892;S
20240422;102138;1872.2;1;10178092893;S
20240422;102138;1872.2;1;10178092894;S
20240422;102138;1872.2;2;10178092895;S
20240422;102138;1872.2;3;10178092896;S
20240422;102138;1872.2;1;10178092897;S
20240422;102138;1872.2;8;10178092898;S
20240422;102138;1872.2;2;10178092899;S
20240422;102141;1873;1;10178093758;B
20240422;102142;1873;2;10178093998;B
20240422;102142;1873;1;10178094001;B
20240422;102146;1873;3;10178096397;B
20240422;102147;1873;2;10178096477;B
20240422;102147;1873.2;1;10178096478;B
20240422;102147;1873.4;1;10178096590;B
20240422;102149;1873.4;17;10178097156;B
20240422;102149;1873.4;27;10178097157;B
20240422;102155;1873;10;10178099355;S
20240422;102157;1873.4;15;10178100329;B
20240422;102158;1873.4;1;10178100527;B
20240422;102204;1873.2;1;10178102462;S
20240422;102204;1873.4;1;10178102479;B
20240422;102207;1873.4;1;10178103774;B
20240422;102208;1873.6;16;10178103827;B
20240422;102209;1873.6;2;10178104053;B
20240422;102211;1873.4;1;10178105613;S
20240422;102212;1873.6;50;10178105914;B
20240422;102212;1873.4;5;10178105927;S
20240422;102214;1873.6;10;10178106179;B
20240422;102219;1873.4;6;10178108115;S
20240422;102224;1873.4;10;10178110787;S
20240422;102224;1873.4;30;10178110846;S
20240422;102226;1873.6;1;10178111249;B
20240422;102227;1873.6;1;10178111362;B
20240422;102228;1873.6;1;10178111583;B
20240422;102229;1873.6;1;10178112467;B
20240422;102233;1873.6;1;10178113725;B
20240422;102238;1873.6;1;10178114673;B
20240422;102238;1873.6;2;10178114737;B
20240422;102242;1873.4;1;10178115611;S
20240422;102244;1873.6;1;10178117537;B
20240422;102246;1873.6;11;10178117860;B
20240422;102248;1873.6;24;10178118259;B
20240422;102248;1873.4;3;10178118260;S
20240422;102249;1873.6;1;10178118885;B
20240422;102250;1873.6;47;10178119116;B
20240422;102250;1873.4;47;10178119258;S
20240422;102250;1873.4;2;10178119259;S
20240422;102250;1873.4;6;10178119260;S
20240422;102251;1873.6;10;10178119350;B
20240422;102251;1873.6;5;10178119386;B
20240422;102252;1873.6;3;10178120542;B
20240422;102252;1873.6;1;10178120546;B
20240422;102253;1873.4;5;10178120670;S
20240422;102253;1873.6;4;10178120913;B
20240422;102255;1873.6;2;10178122254;B
20240422;102257;1873.6;24;10178122473;B
20240422;102257;1873.4;5;10178122527;S
20240422;102258;1873.4;12;10178122663;S
20240422;102258;1873.6;3;10178122706;B
20240422;102258;1873.6;20;10178122738;B
20240422;102301;1873.6;9;10178123302;B
20240422;102303;1873.6;2;10178125652;B
20240422;102306;1873.6;3;10178126147;B
20240422;102308;1873.6;2;10178126516;B
20240422;102309;1873.6;178;10178126717;B
20240422;102309;1873.6;5;10178126718;B
20240422;102309;1873.6;13;10178126719;B
20240422;102309;1873.6;5;10178126720;B
20240422;102309;1873.6;1;10178126721;B
20240422;102309;1873.6;2;10178126722;B
20240422;102309;1873.8;1;10178126723;B
20240422;102309;1873.8;56;10178126724;B
20240422;102309;1874;1;10178126725;B
20240422;102309;1874.2;4;10178126726;B
20240422;102309;1874.2;1;10178126732;B
20240422;102309;1874.2;1;10178126734;B
20240422;102309;1874.2;2;10178126735;B
20240422;102309;1874.2;1;10178126736;B
20240422;102309;1874.6;5;10178126748;B
20240422;102309;1874.6;1;10178126749;B
20240422;102309;1874.6;8;10178126750;B
20240422;102309;1874.8;1;10178126781;B
20240422;102309;1874.8;4;10178126782;B
20240422;102309;1874.8;15;10178126783;B
20240422;102309;1874.4;7;10178126792;S
20240422;102309;1874.4;18;10178126793;S
20240422;102310;1874.4;63;10178127158;S
20240422;102310;1874.2;17;10178127159;S
20240422;102310;1874.2;20;10178127160;S
20240422;102310;1874.8;25;10178127225;B
20240422;102312;1874.8;10;10178127678;B
20240422;102314;1874.4;1;10178128932;S
20240422;102317;1874.4;1;10178130610;S
20240422;102319;1874.6;1;10178131037;B
20240422;102324;1874.6;5;10178132688;B
20240422;102328;1874.6;1;10178134274;B
20240422;102330;1874.4;14;10178134765;S
20240422;102333;1874.6;3;10178135659;B
20240422;102336;1874.6;1;10178136183;B
20240422;102336;1874.6;6;10178136264;B
20240422;102340;1874.6;13;10178137688;B
20240422;102340;1874.6;7;10178137689;B
20240422;102340;1874.4;1;10178137828;S
20240422;102347;1874.6;1;10178141251;B
20240422;102349;1874.6;1;10178142479;B
20240422;102349;1874.6;4;10178142559;B
20240422;102351;1874.6;2;10178142846;B
20240422;102351;1874.6;1;10178142927;B
20240422;102352;1874.4;5;10178143011;S
20240422;102354;1874.4;10;10178143410;S
20240422;102354;1874.4;40;10178143411;S
20240422;102354;1874.4;2;10178143412;S
20240422;102354;1874.4;20;10178143413;S
20240422;102354;1874.2;3;10178143414;S
20240422;102354;1874.2;1;10178143415;S
20240422;102354;1874.2;29;10178143416;S
20240422;102355;1874.6;4;10178143925;B
20240422;102358;1874.6;5;10178145635;B
20240422;102400;1874.6;12;10178146155;B
20240422;102400;1874.6;4;10178146156;B
20240422;102402;1874.4;1;10178146496;S
20240422;102402;1874.4;54;10178146497;S
20240422;102404;1874.6;16;10178146958;B
20240422;102404;1874.8;84;10178146959;B
20240422;102407;1874.8;2;10178148912;B
20240422;102408;1874.8;4;10178149091;B
20240422;102409;1874.8;11;10178149452;B
20240422;102409;1874.8;5;10178149453;B
20240422;102409;1874.8;54;10178149454;B
20240422;102410;1874.6;7;10178149729;S
20240422;102414;1874.8;1;10178152162;B
20240422;102418;1874.8;2;10178152963;B
20240422;102418;1874.8;43;10178152966;B
20240422;102418;1874.8;2;10178152967;B
20240422;102419;1874.6;1;10178153175;S
20240422;102420;1874.8;90;10178153770;B
20240422;102420;1875;2;10178153795;B
20240422;102420;1875;25;10178153806;B
20240422;102421;1874.8;1;10178154334;S
20240422;102421;1875;34;10178154821;B
20240422;102421;1875;116;10178154822;B
20240422;102422;1875;1;10178154962;B
20240422;102422;1874.8;9;10178154966;S
20240422;102422;1874.8;51;10178154967;S
20240422;102423;1875;30;10178155590;B
20240422;102425;1875;1;10178155904;B
20240422;102426;1874.8;10;10178156009;S
20240422;102427;1875;30;10178156427;B
20240422;102429;1874.8;4;10178156649;S
20240422;102429;1875;1;10178156658;B
20240422;102431;1875;30;10178156900;B
20240422;102431;1874.8;13;10178157064;S
20240422;102436;1874.8;2;10178159594;S
20240422;102439;1875;5;10178160346;B
20240422;102440;1874.8;52;10178160406;S
20240422;102440;1874.8;52;10178161146;S
20240422;102440;1875;86;10178161367;B
20240422;102440;1875;1;10178161368;B
20240422;102440;1875;19;10178161369;B
20240422;102441;1875;50;10178161498;B
20240422;102442;1874.8;30;10178162556;S
20240422;102442;1875;2;10178162573;B
20240422;102442;1875;20;10178162762;B
20240422;102443;1875;150;10178163071;B
20240422;102443;1875;6;10178163075;B
20240422;102444;1875;3;10178163206;B
20240422;102446;1874.8;1;10178163864;S
20240422;102448;1875;10;10178164153;B
20240422;102448;1875;1;10178164154;B
20240422;102448;1875;2;10178164155;B
20240422;102448;1875;1;10178164156;B
20240422;102448;1875;9;10178164157;B
20240422;102448;1874.8;4;10178164234;S
20240422;102448;1874.8;26;10178164235;S
20240422;102450;1875;100;10178164808;B
20240422;102450;1875;20;10178165902;B
20240422;102451;1874.8;12;10178165988;S
20240422;102453;1875;5;10178167055;B
20240422;102454;1875;1;10178167084;B
20240422;102455;1875;3;10178167317;B
20240422;102455;1875;5;10178167373;B
20240422;102456;1874.8;1;10178167492;S
20240422;102457;1874.8;2;10178168149;S
20240422;102458;1874.8;66;10178168246;S
20240422;102458;1874.8;84;10178168247;S
20240422;102458;1875;86;10178168969;B
20240422;102458;1875;5;10178168970;B
20240422;102458;1875;30;10178168982;B
20240422;102459;1875;32;10178169217;B
20240422;102459;1875;15;10178169218;B
20240422;102459;1875;25;10178169219;B
20240422;102459;1875;15;10178169220;B
20240422;102459;1875;8;10178169221;B
20240422;102459;1875;19;10178169222;B
20240422;102459;1875;166;10178169223;B
20240422;102502;1875;3;10178169854;B
20240422;102502;1875;800;10178170141;B
20240422;102503;1875;145;10178170210;B
20240422;102503;1875;53;10178170332;B
20240422;102505;1875;2;10178170736;B
20240422;102505;1874.8;100;10178170841;S
20240422;102506;1874.8;1;10178170933;S
20240422;102506;1874.8;2;10178171031;S
20240422;102506;1874.8;81;10178171032;S
20240422;102506;1874.8;17;10178171033;S
20240422;102506;1875;5;10178171243;B
20240422;102509;1875;1;10178173690;B
20240422;102509;1875;16;10178173710;B
20240422;102510;1875;9;10178173731;B
20240422;102510;1875;5;10178173732;B
20240422;102510;1875;6;10178173733;B
20240422;102510;1875;4;10178173742;B
20240422;102510;1875;1;10178173783;B
20240422;102510;1875;1;10178173859;B
20240422;102511;1875;5;10178173890;B
20240422;102512;1875;13;10178174071;B
20240422;102512;1875;42;10178174072;B
20240422;102512;1875;1;10178174080;B
20240422;102512;1874.8;25;10178174104;S
20240422;102512;1874.8;20;10178174105;S
20240422;102512;1874.8;7;10178174106;S
20240422;102513;1874.8;52;10178174191;S
20240422;102513;1875;5;10178174367;B
20240422;102516;1874.8;4;10178174836;S
20240422;102517;1875;1;10178175851;B
20240422;102519;1875;1;10178176801;B
20240422;102520;1875;2;10178176822;B
20240422;102521;1875;1;10178176973;B
20240422;102522;1875;32;10178177142;B
20240422;102522;1875;1;10178177177;B
20240422;102525;1874.8;1;10178177810;S
20240422;102528;1875;15;10178179649;B
20240422;102530;1875;5;10178179997;B
20240422;102530;1874.8;1;10178180102;S
20240422;102531;1875;968;10178180126;B
20240422;102531;1875;29;10178180127;B
20240422;102531;1875;2;10178180128;B
20240422;102531;1875;1;10178180129;B
20240422;102532;1875;5;10178180356;B
20240422;102533;1874.8;1;10178180490;S
20240422;102534;1874.8;25;10178181892;S
20240422;102537;1874.8;1;10178182848;S
20240422;102538;1875;1;10178183010;B
20240422;102538;1875;1;10178183028;B
20240422;102539;1875;2;10178183104;B
20240422;102539;1875;150;10178183138;B
20240422;102539;1875;1;10178183140;B
20240422;102539;1875;1;10178183144;B
20240422;102539;1874.8;25;10178183177;S
20240422;102540;1875;100;10178183284;B
20240422;102540;1875;15;10178183338;B
20240422;102541;1875;2;10178183599;B
20240422;102542;1874.8;10;10178184275;S
20240422;102543;1875;2;10178185393;B
20240422;102543;1875;2;10178185450;B
20240422;102544;1875;1;10178185551;B
20240422;102544;1875;1;10178185609;B
20240422;102544;1875;184;10178185693;B
20240422;102544;1875;1;10178185694;B
20240422;102545;1875;2;10178185767;B
20240422;102545;1875;48;10178185799;B
20240422;102545;1874.8;5;10178185814;S
20240422;102546;1875;7;10178185998;B
20240422;102548;1875;23;10178187518;B
20240422;102549;1874.8;48;10178187669;S
20240422;102549;1874.8;100;10178187670;S
20240422;102549;1874.8;12;10178187671;S
20240422;102549;1874.8;10;10178187672;S
20240422;102549;1874.8;55;10178187673;S
20240422;102549;1874.8;18;10178187674;S
20240422;102549;1875;1;10178187734;B
20240422;102552;1875;270;10178188088;B
20240422;102552;1875;30;10178188089;B
20240422;102553;1875;1;10178188462;B
20240422;102553;1875;5;10178188472;B
20240422;102554;1874.8;1;10178188601;S
20240422;102554;1875;7;10178188611;B
20240422;102557;1875;2;10178190743;B
20240422;102559;1874.8;28;10178191186;S
20240422;102600;1875;1;10178191222;B
20240422;102600;1874.8;3;10178191351;S
20240422;102601;1875;10;10178191564;B
20240422;102602;1875;1;10178191678;B
20240422;102603;1875;31;10178191849;B
20240422;102603;1875;30;10178191984;B
20240422;102604;1875;1;10178192124;B
20240422;102604;1874.8;2;10178192128;S
20240422;102604;1875;2;10178192202;B
20240422;102604;1875;8;10178192203;B
20240422;102604;1875;1;10178192204;B
20240422;102604;1875;4;10178192206;B
20240422;102605;1875;2;10178192212;B
20240422;102605;1875;8;10178192215;B
20240422;102605;1875;4;10178192216;B
20240422;102605;1875;1;10178192217;B
20240422;102605;1875;2;10178192229;B
20240422;102605;1875;8;10178192231;B
20240422;102605;1875;4;10178192232;B
20240422;102605;1875;1;10178192233;B
20240422;102605;1875;3;10178192234;B
20240422;102605;1875;2;10178192239;B
20240422;102605;1875;1;10178192242;B
20240422;102605;1875;8;10178192248;B
20240422;102605;1875;4;10178192249;B
20240422;102605;1875;1;10178192251;B
20240422;102605;1875;2;10178192252;B
20240422;102605;1875;3;10178192253;B
20240422;102605;1875;8;10178192270;B
20240422;102605;1875;4;10178192271;B
20240422;102605;1875;1;10178192273;B
20240422;102605;1875;3;10178192274;B
20240422;102605;1875;2;10178192275;B
20240422;102605;1875;8;10178192298;B
20240422;102605;1875;4;10178192299;B
20240422;102605;1875;1;10178192303;B
20240422;102605;1875;3;10178192305;B
20240422;102605;1875;2;10178192306;B
20240422;102605;1875;8;10178192318;B
20240422;102605;1875;4;10178192320;B
20240422;102605;1875;1;10178192321;B
20240422;102605;1875;3;10178192322;B
20240422;102605;1875;2;10178192329;B
20240422;102605;1875;3;10178192332;B
20240422;102605;1875;1;10178192333;B
20240422;102605;1875;4;10178192334;B
20240422;102605;1875;3;10178192344;B
20240422;102605;1875;1;10178192345;B
20240422;102605;1875;3;10178192346;B
20240422;102605;1875;3;10178192363;B
20240422;102605;1875;1;10178192365;B
20240422;102605;1875;3;10178192403;B
20240422;102605;1875;1;10178192405;B
20240422;102605;1875;1;10178192465;B
20240422;102606;1875;1;10178192561;B
20240422;102606;1875;1;10178192562;B
20240422;102609;1875;53;10178193708;B
20240422;102609;1874.8;1;10178193737;S
20240422;102610;1875;15;10178193820;B
20240422;102610;1875;1;10178193895;B
20240422;102611;1875;3;10178194122;B
20240422;102612;1875;3;10178194197;B
20240422;102612;1875;962;10178194253;B
20240422;102612;1875;37;10178194254;B
20240422;102612;1875;1;10178194255;B
20240422;102614;1874.8;50;10178196583;S
20240422;102615;1875;100;10178196766;B
20240422;102615;1874.8;1;10178196785;S
20240422;102619;1875;2;10178199922;B
20240422;102621;1875;3;10178201598;B
20240422;102623;1874.8;14;10178203044;S
20240422;102624;1875;42;10178204834;B
20240422;102628;1875;69;10178208865;B
20240422;102628;1875;30;10178208866;B
20240422;102628;1875;1;10178208867;B
20240422;102628;1875;1;10178208881;B
20240422;102628;1875;1;10178208882;B
20240422;102628;1875;1;10178208922;B
20240422;102628;1875;1;10178208926;B
20240422;102628;1875;1;10178208930;B
20240422;102628;1875;1;10178208934;B
20240422;102628;1875;1;10178208935;B
20240422;102628;1875;1;10178208939;B
20240422;102628;1875;2;10178208958;B
20240422;102628;1875;1;10178208995;B
20240422;102628;1875;1;10178208996;B
20240422;102628;1875;1;10178208997;B
20240422;102628;1875;1;10178208998;B
20240422;102628;1875;1;10178208999;B
20240422;102628;1875;2;10178209000;B
20240422;102628;1875;1;10178209010;B
20240422;102628;1875;1;10178209017;B
20240422;102628;1875;1;10178209021;B
20240422;102628;1875;2;10178209025;B
20240422;102628;1875;1;10178209038;B
20240422;102628;1875;1;10178209090;B
20240422;102628;1875;2;10178209091;B
20240422;102628;1875;1;10178209102;B
20240422;102628;1875;1;10178209137;B
20240422;102628;1875;2;10178209148;B
20240422;102628;1875;1;10178209155;B
20240422;102628;1875;1;10178209201;B
20240422;102628;1875;2;10178209202;B
20240422;102628;1875;1;10178209223;B
20240422;102628;1875;2;10178209233;B
20240422;102628;1875;1;10178209305;B
20240422;102628;1875;2;10178209336;B
20240422;102628;1875;2;10178209357;B
20240422;102629;1875;90;10178209923;B
20240422;102629;1875;1;10178210138;B
20240422;102629;1875;100;10178210188;B
20240422;102629;1874.8;6;10178210234;S
20240422;102630;1874.8;2;10178211167;S
20240422;102632;1874.8;3;10178211868;S
20240422;102637;1875;10;10178217764;B
20240422;102642;1875;1;10178221612;B
20240422;102647;1875;1;10178225995;B
20240422;102647;1875;1;10178226110;B
20240422;102647;1875;1;10178226111;B
20240422;102649;1874.8;7;10178227633;S
20240422;102654;1875;30;10178232398;B
20240422;102656;1875;10;10178233398;B
20240422;102656;1875;7;10178234014;B
20240422;102658;1875;5;10178235322;B
20240422;102659;1874.8;17;10178235797;S
20240422;102700;1874.8;7;10178236999;S
20240422;102701;1875;5;10178239092;B
20240422;102701;1874.8;7;10178240303;S
20240422;102702;1874.8;93;10178241257;S
20240422;102702;1874.8;29;10178241258;S
20240422;102702;1874.8;125;10178241259;S
20240422;102703;1874.8;7;10178242031;S
20240422;102704;1874.8;152;10178243419;S
20240422;102706;1875;1;10178245442;B
20240422;102711;1874.8;50;10178250477;S
20240422;102713;1874.8;66;10178252854;S
20240422;102713;1874.8;63;10178252855;S
20240422;102715;1874.8;271;10178254657;B
20240422;102715;1874.8;42;10178254658;B
20240422;102715;1874.8;65;10178254659;B
20240422;102715;1874.8;97;10178254660;B
20240422;102715;1875;41;10178254661;B
20240422;102719;1875;1;10178258303;B
20240422;102720;1875;1;10178259507;B
20240422;102722;1875;1;10178261359;B
20240422;102722;1875;10;10178262622;B
20240422;102723;1874.6;1;10178264075;S
20240422;102724;1875;1;10178264926;B
20240422;102724;1874.8;1;10178265212;S
20240422;102725;1875;2;10178265479;B
20240422;102725;1875;1;10178265623;B
20240422;102725;1875;4;10178265879;B
20240422;102728;1875;2;10178268796;B
20240422;102728;1875;10;10178269194;B
20240422;102730;1875;20;10178271349;B
20240422;102731;1875;1;10178272601;B
20240422;102732;1875;1;10178273560;B
20240422;102732;1875;1;10178273667;B
20240422;102733;1875;154;10178273885;B
20240422;102733;1875;120;10178273886;B
20240422;102733;1874.8;1;10178274584;S
20240422;102734;1875;3;10178275292;B
20240422;102738;1875;10;10178279238;B
20240422;102740;1874.8;28;10178282410;S
20240422;102740;1874.8;24;10178282411;S
20240422;102740;1874.8;52;10178282701;S
20240422;102741;1875;4;10178283454;B
20240422;102742;1875;5;10178284689;B
20240422;102747;1875;1;10178290462;B
20240422;102753;1875;30;10178297048;B
20240422;102754;1875;18;10178297331;B
20240422;102756;1874.8;1;10178301059;S
20240422;102757;1875;1;10178302932;B
20240422;102800;1875;8;10178305528;B
20240422;102803;1874.8;48;10178309079;S
20240422;102805;1875;1;10178310355;B
20240422;102805;1875;2;10178310508;B
20240422;102807;1875;5;10178314747;B
20240422;102812;1874.8;86;10178319779;S
20240422;102812;1874.8;100;10178319780;S
20240422;102812;1874.8;14;10178319781;S
20240422;102812;1875;8;10178320165;B
20240422;102815;1875;1;10178323411;B
20240422;102815;1874.8;3;10178323851;S
20240422;102815;1874.8;6;10178324016;S
20240422;102816;1875;1;10178324475;B
20240422;102818;1874.8;38;10178326991;S
20240422;102818;1874.8;9;10178326992;S
20240422;102818;1874.8;8;10178326993;S
20240422;102820;1875;5;10178328424;B
20240422;102829;1874.8;3;10178339701;S
20240422;102830;1874.8;2;10178340784;S
20240422;102830;1874.8;3;10178340785;S
20240422;102830;1874.8;26;10178340786;S
20240422;102831;1875;33;10178341398;B
20240422;102833;1875;2;10178342857;B
20240422;102833;1874.8;2;10178343014;S
20240422;102837;1874.8;1;10178346937;S
20240422;102838;1874.8;3;10178348048;S
