<DATE>;<TIME>;<LAST>;<VOL>;<ID>;<OPER>
20241113;095949;0.07806;10000;11415562743;B
20241113;095949;0.07806;10000;11415562744;B
20241113;095949;0.07806;10000;11415562745;S
20241113;095949;0.07806;10000;11415562746;S
20241113;095949;0.07806;10000;11415562747;S
20241113;095949;0.07806;30000;11415562748;S
20241113;095949;0.07806;350000;11415562749;S
20241113;095949;0.07806;10000;11415562750;B
20241113;095949;0.07806;250000;11415562751;B
20241113;095949;0.07806;310000;11415562752;B
20241113;095949;0.07806;690000;11415562753;B
20241113;100000;0.07806;160000;11415567240;B
20241113;100000;0.07808;30000;11415567258;B
20241113;100000;0.0781;40000;11415567271;B
20241113;100000;0.0781;150000;11415567272;B
20241113;100000;0.07812;50000;11415567281;B
20241113;100000;0.07814;130000;11415567301;B
20241113;100000;0.07814;270000;11415567302;B
20241113;100000;0.07814;10000;11415567311;B
20241113;100000;0.07814;60000;11415567312;B
20241113;100000;0.07816;70000;11415567318;B
20241113;100000;0.07818;130000;11415567346;B
20241113;100000;0.07818;80000;11415567347;B
20241113;100001;0.07808;150000;11415567967;S
20241113;100002;0.07812;150000;11415568526;S
20241113;100006;0.07812;140000;11415573335;S
20241113;100013;0.07816;60000;11415578569;B
20241113;100013;0.07816;90000;11415578617;B
20241113;100013;0.07816;410000;11415578665;B
20241113;100013;0.07818;90000;11415578666;B
20241113;100013;0.07818;40000;11415578685;B
20241113;100015;0.07818;30000;11415579319;B
20241113;100018;0.07818;10000;11415580104;B
20241113;100018;0.07818;190000;11415580133;B
20241113;100019;0.07818;10000;11415580313;B
20241113;100021;0.07818;20000;11415581072;B
20241113;100022;0.07816;10000;11415581115;B
20241113;100022;0.0782;10000;11415581306;B
20241113;100023;0.0782;30000;11415581645;B
20241113;100024;0.07816;10000;11415581887;B
20241113;100024;0.0782;10000;11415581952;B
20241113;100024;0.07818;600000;11415581977;B
20241113;100024;0.07818;20000;11415582015;B
20241113;100028;0.07818;30000;11415582899;B
20241113;100031;0.07816;390000;11415583799;B
20241113;100039;0.07818;50000;11415585429;S
20241113;100039;0.07818;50000;11415585464;S
20241113;100040;0.07818;340000;11415585657;S
20241113;100040;0.07818;600000;11415585715;B
20241113;100045;0.07812;10000;11415586832;S
20241113;100045;0.0782;70000;11415586838;B
20241113;100045;0.0782;70000;11415586839;B
20241113;100045;0.0782;90000;11415586886;B
20241113;100045;0.07812;10000;11415586902;S
20241113;100045;0.0781;10000;11415586908;S
20241113;100045;0.0781;10000;11415586909;S
20241113;100046;0.0781;10000;11415586930;S
20241113;100046;0.0781;10000;11415586932;S
20241113;100046;0.0781;10000;11415586933;S
20241113;100046;0.0781;30000;11415586950;S
20241113;100046;0.0781;30000;11415587121;S
20241113;100046;0.0781;10000;11415587123;S
20241113;100046;0.0781;10000;11415587152;S
20241113;100046;0.0781;10000;11415587159;S
20241113;100046;0.0781;10000;11415587180;S
20241113;100046;0.0781;10000;11415587181;S
20241113;100047;0.0781;50000;11415587227;S
20241113;100047;0.0781;10000;11415587230;S
20241113;100047;0.0781;10000;11415587239;S
20241113;100047;0.0782;310000;11415587428;B
20241113;100047;0.07812;20000;11415587463;S
20241113;100047;0.0782;10000;11415587487;B
20241113;100047;0.0782;50000;11415587572;B
20241113;100047;0.0782;210000;11415587612;B
20241113;100047;0.07812;10000;11415587663;S
20241113;100047;0.07812;10000;11415587665;S
20241113;100047;0.07812;30000;11415587671;S
20241113;100048;0.07812;10000;11415587736;S
20241113;100048;0.07812;10000;11415587742;S
20241113;100048;0.0782;100000;11415587812;B
20241113;100048;0.07822;10000;11415588022;B
20241113;100048;0.07822;10000;11415588074;B
20241113;100048;0.07814;10000;11415588116;S
20241113;100048;0.07814;10000;11415588122;S
20241113;100049;0.07814;10000;11415588179;S
20241113;100049;0.07812;10000;11415588181;S
20241113;100049;0.07812;10000;11415588370;S
20241113;100049;0.07812;10000;11415588383;S
20241113;100050;0.07812;10000;11415588427;S
20241113;100050;0.07812;10000;11415588432;S
20241113;100050;0.07822;10000;11415588646;B
20241113;100051;0.07812;10000;11415588688;S
20241113;100052;0.07812;30000;11415589062;S
20241113;100053;0.07812;50000;11415589184;S
20241113;100053;0.07812;30000;11415589215;S
20241113;100054;0.07812;20000;11415589270;S
20241113;100056;0.07822;40000;11415589832;B
20241113;100056;0.07824;50000;11415589833;B
20241113;100058;0.07812;20000;11415590142;S
20241113;100059;0.07824;430000;11415590617;B
20241113;100059;0.07822;10000;11415590757;B
20241113;100101;0.0782;10000;11415591128;S
20241113;100101;0.07824;30000;11415591187;B
20241113;100101;0.07824;10000;11415591379;B
20241113;100101;0.07826;10000;11415591443;B
20241113;100101;0.0782;10000;11415591464;S
20241113;100101;0.0782;10000;11415591473;S
20241113;100101;0.0782;10000;11415591481;S
20241113;100101;0.0782;10000;11415591482;S
20241113;100101;0.0782;10000;11415591507;S
20241113;100101;0.07826;10000;11415591524;B
20241113;100101;0.0782;10000;11415591538;S
20241113;100102;0.0782;10000;11415591544;S
20241113;100102;0.0782;10000;11415591551;S
20241113;100102;0.0782;10000;11415591576;S
20241113;100102;0.0782;10000;11415591613;S
20241113;100102;0.0782;10000;11415591681;S
20241113;100102;0.07826;20000;11415591766;B
20241113;100102;0.07826;20000;11415591774;B
20241113;100102;0.07826;10000;11415591775;B
20241113;100102;0.0782;10000;11415591778;S
20241113;100103;0.0782;10000;11415591811;S
20241113;100103;0.07826;490000;11415591815;B
20241113;100103;0.07826;60000;11415591816;B
20241113;100103;0.0782;10000;11415591988;S
20241113;100103;0.0782;10000;11415592016;S
20241113;100103;0.07826;20000;11415592022;B
20241113;100103;0.0782;10000;11415592059;S
20241113;100104;0.0782;50000;11415592130;S
20241113;100104;0.07826;30000;11415592260;B
20241113;100104;0.0782;10000;11415592263;S
20241113;100104;0.0782;10000;11415592275;S
20241113;100105;0.0782;10000;11415592326;S
20241113;100105;0.0782;10000;11415592477;S
20241113;100105;0.0782;10000;11415592575;S
20241113;100105;0.0782;10000;11415592591;S
20241113;100105;0.0782;10000;11415592621;S
20241113;100106;0.0782;10000;11415592789;S
20241113;100106;0.0782;10000;11415592845;S
20241113;100107;0.0782;10000;11415592920;S
20241113;100107;0.0782;10000;11415593008;S
20241113;100107;0.0782;10000;11415593038;S
20241113;100108;0.0782;10000;11415593131;S
20241113;100108;0.0782;10000;11415593229;S
20241113;100109;0.07824;10000;11415593362;S
20241113;100109;0.07824;10000;11415593411;S
20241113;100109;0.07824;200000;11415593458;S
20241113;100110;0.07824;10000;11415593516;S
20241113;100111;0.07828;20000;11415593682;B
20241113;100111;0.07824;10000;11415593697;S
20241113;100112;0.07828;10000;11415593889;B
20241113;100112;0.07824;10000;11415593894;S
20241113;100115;0.07824;10000;11415594504;S
20241113;100115;0.07824;10000;11415594527;S
20241113;100115;0.07824;10000;11415594542;S
20241113;100115;0.07824;10000;11415594558;S
20241113;100116;0.07824;10000;11415594582;S
20241113;100116;0.07824;10000;11415594598;S
20241113;100116;0.07824;10000;11415594618;S
20241113;100116;0.07824;10000;11415594622;S
20241113;100116;0.07824;10000;11415594652;S
20241113;100116;0.07824;10000;11415594668;S
20241113;100116;0.07824;10000;11415594669;S
20241113;100116;0.07824;10000;11415594671;S
20241113;100116;0.07824;10000;11415594673;S
20241113;100116;0.07824;10000;11415594677;S
20241113;100116;0.07824;10000;11415594688;S
20241113;100116;0.07824;10000;11415594689;S
20241113;100116;0.07824;10000;11415594713;S
20241113;100117;0.07824;10000;11415594731;S
20241113;100117;0.07824;10000;11415594779;S
20241113;100117;0.07824;10000;11415594879;S
20241113;100117;0.07824;10000;11415594903;S
20241113;100118;0.07828;220000;11415594959;B
20241113;100118;0.07828;260000;11415594994;B
20241113;100118;0.07824;10000;11415595115;S
20241113;100118;0.07824;30000;11415595132;S
20241113;100118;0.07824;10000;11415595152;S
20241113;100118;0.07824;10000;11415595191;S
20241113;100118;0.07824;50000;11415595198;S
20241113;100119;0.07824;50000;11415595256;S
20241113;100119;0.07824;30000;11415595307;S
20241113;100119;0.07824;50000;11415595385;S
20241113;100119;0.07824;10000;11415595395;S
20241113;100119;0.07824;10000;11415595409;S
20241113;100119;0.07824;30000;11415595412;S
20241113;100120;0.07824;30000;11415595451;S
20241113;100120;0.07824;30000;11415595459;S
20241113;100120;0.07824;30000;11415595485;S
20241113;100120;0.07828;10000;11415595550;B
20241113;100120;0.07824;30000;11415595555;S
20241113;100120;0.07824;10000;11415595560;S
20241113;100120;0.07828;10000;11415595590;B
20241113;100120;0.07824;10000;11415595602;S
20241113;100120;0.07824;50000;11415595638;S
20241113;100121;0.07824;30000;11415595721;S
20241113;100122;0.07824;20000;11415595841;S
20241113;100122;0.07824;30000;11415596033;S
20241113;100123;0.07824;50000;11415596140;S
20241113;100123;0.07824;50000;11415596185;S
20241113;100124;0.07824;20000;11415596259;S
20241113;100124;0.07828;100000;11415596314;B
20241113;100125;0.07824;30000;11415596471;S
20241113;100125;0.07824;30000;11415596564;S
20241113;100125;0.07824;30000;11415596566;S
20241113;100125;0.07824;40000;11415596636;S
20241113;100125;0.07822;10000;11415596637;S
20241113;100126;0.07824;30000;11415596744;S
20241113;100126;0.07824;50000;11415596792;S
20241113;100127;0.07824;30000;11415596852;S
20241113;100127;0.07824;20000;11415597002;S
20241113;100130;0.07824;10000;11415597447;S
20241113;100130;0.07824;10000;11415597522;S
20241113;100131;0.07824;10000;11415597536;S
20241113;100131;0.07824;10000;11415597559;S
20241113;100131;0.07824;30000;11415597571;S
20241113;100131;0.07824;10000;11415597642;S
20241113;100131;0.07824;10000;11415597643;S
20241113;100131;0.07824;30000;11415597649;S
20241113;100131;0.07824;10000;11415597674;S
20241113;100131;0.07824;10000;11415597675;S
20241113;100131;0.07824;30000;11415597697;S
20241113;100131;0.07824;10000;11415597706;S
20241113;100131;0.07824;10000;11415597707;S
20241113;100131;0.07824;50000;11415597718;S
20241113;100131;0.07824;10000;11415597722;S
20241113;100131;0.07824;10000;11415597723;S
20241113;100131;0.07824;20000;11415597749;S
20241113;100132;0.07824;10000;11415597770;S
20241113;100132;0.07824;20000;11415597774;S
20241113;100132;0.07824;10000;11415597781;S
20241113;100132;0.07824;10000;11415597817;S
20241113;100132;0.07824;10000;11415597819;S
20241113;100132;0.07824;10000;11415597862;S
20241113;100132;0.07824;30000;11415597881;S
20241113;100133;0.07824;30000;11415597919;S
20241113;100133;0.07824;10000;11415598019;S
20241113;100140;0.07824;380000;11415599243;S
20241113;100140;0.07824;10000;11415599333;S
20241113;100140;0.07824;10000;11415599334;S
20241113;100140;0.07824;10000;11415599335;S
20241113;100140;0.07824;10000;11415599336;S
20241113;100140;0.07824;10000;11415599337;S
20241113;100140;0.07824;10000;11415599340;S
20241113;100140;0.07824;10000;11415599345;S
20241113;100140;0.07824;10000;11415599347;S
20241113;100140;0.07824;10000;11415599348;S
20241113;100140;0.07824;10000;11415599349;S
20241113;100140;0.07824;10000;11415599350;S
20241113;100140;0.07824;10000;11415599361;S
20241113;100140;0.07824;10000;11415599362;S
20241113;100140;0.07824;10000;11415599366;S
20241113;100140;0.07824;10000;11415599367;S
20241113;100140;0.07824;10000;11415599376;S
20241113;100140;0.07824;50000;11415599380;S
20241113;100140;0.07824;30000;11415599392;S
20241113;100140;0.07824;50000;11415599394;S
20241113;100140;0.07824;50000;11415599403;S
20241113;100140;0.07824;30000;11415599405;S
20241113;100140;0.07824;20000;11415599407;S
20241113;100141;0.07824;30000;11415599408;S
20241113;100141;0.07824;30000;11415599418;S
20241113;100141;0.07824;50000;11415599425;S
20241113;100141;0.07824;50000;11415599428;S
20241113;100141;0.07824;30000;11415599429;S
20241113;100141;0.07824;20000;11415599430;S
20241113;100141;0.07824;30000;11415599432;S
20241113;100141;0.07824;30000;11415599440;S
20241113;100141;0.07824;20000;11415599441;S
20241113;100141;0.07824;30000;11415599443;S
20241113;100145;0.07824;10000;11415600222;S
20241113;100145;0.07824;10000;11415600312;S
20241113;100145;0.07824;10000;11415600319;S
20241113;100146;0.07824;10000;11415600432;S
20241113;100146;0.07824;10000;11415600529;S
20241113;100146;0.07824;10000;11415600531;S
20241113;100146;0.07824;30000;11415600542;S
20241113;100146;0.07824;20000;11415600545;S
20241113;100146;0.07824;10000;11415600601;S
20241113;100146;0.07824;10000;11415600602;S
20241113;100146;0.07824;10000;11415600674;S
20241113;100146;0.07824;30000;11415600718;S
20241113;100146;0.07824;30000;11415600726;S
20241113;100146;0.07824;20000;11415600744;S
20241113;100146;0.07824;10000;11415600774;S
20241113;100146;0.07824;10000;11415600783;S
20241113;100147;0.07824;10000;11415600809;S
20241113;100147;0.07824;30000;11415600817;S
20241113;100147;0.07826;140000;11415600826;B
20241113;100147;0.07826;30000;11415600827;B
20241113;100147;0.07828;1730000;11415600828;B
20241113;100147;0.0783;50000;11415600829;B
20241113;100147;0.0783;500000;11415600830;B
20241113;100147;0.0783;210000;11415600831;B
20241113;100147;0.0783;90000;11415600872;S
20241113;100147;0.0783;30000;11415600978;S
20241113;100147;0.0783;10000;11415601041;S
20241113;100148;0.0783;10000;11415601075;S
20241113;100148;0.0783;10000;11415601271;S
20241113;100149;0.0783;10000;11415601514;S
20241113;100151;0.07832;100000;11415601900;S
20241113;100151;0.07832;10000;11415601944;S
20241113;100151;0.07832;60000;11415601987;S
20241113;100155;0.07834;10000;11415602753;B
20241113;100155;0.07834;80000;11415602754;B
20241113;100157;0.07834;30000;11415603163;B
20241113;100200;0.07832;10000;11415603960;S
20241113;100201;0.07832;10000;11415603987;S
20241113;100201;0.07832;10000;11415604066;S
20241113;100201;0.07832;10000;11415604124;S
20241113;100201;0.07832;10000;11415604128;S
20241113;100201;0.07832;10000;11415604143;S
20241113;100201;0.07832;30000;11415604146;S
20241113;100201;0.07832;20000;11415604151;S
20241113;100201;0.07834;250000;11415604154;B
20241113;100201;0.07832;30000;11415604155;S
20241113;100202;0.07832;10000;11415604194;S
20241113;100202;0.07832;10000;11415604197;S
20241113;100202;0.07832;20000;11415604216;S
20241113;100202;0.07832;30000;11415604218;S
20241113;100202;0.07832;10000;11415604398;S
20241113;100203;0.07832;10000;11415604427;S
20241113;100203;0.07832;10000;11415604565;S
20241113;100205;0.07832;70000;11415605099;S
20241113;100206;0.07832;10000;11415605310;S
20241113;100207;0.07832;10000;11415605530;S
20241113;100208;0.07834;90000;11415605652;B
20241113;100208;0.07834;20000;11415605709;B
20241113;100208;0.07832;80000;11415605780;S
20241113;100208;0.07832;4800000;11415605813;S
20241113;100208;0.0783;2180000;11415605814;S
20241113;100208;0.0783;790000;11415605815;S
20241113;100212;0.07826;20000;11415606567;B
20241113;100212;0.07826;10000;11415606605;B
20241113;100213;0.07826;20000;11415606996;B
20241113;100214;0.07828;210000;11415607119;B
20241113;100215;0.0783;10000;11415607445;B
20241113;100215;0.0783;40000;11415607446;B
20241113;100216;0.0783;10000;11415607613;B
20241113;100216;0.0783;10000;11415607648;S
20241113;100216;0.07832;10000;11415607711;S
20241113;100216;0.07834;10000;11415607714;B
20241113;100216;0.07832;40000;11415607771;B
20241113;100216;0.07832;80000;11415607852;B
20241113;100217;0.07826;30000;11415607972;S
20241113;100217;0.07826;30000;11415607987;S
20241113;100217;0.07826;30000;11415607991;S
20241113;100217;0.07832;20000;11415608106;B
20241113;100217;0.07826;10000;11415608157;S
20241113;100218;0.07826;10000;11415608211;S
20241113;100219;0.07826;10000;11415608453;S
20241113;100219;0.07826;10000;11415608660;S
20241113;100219;0.07826;10000;11415608672;S
20241113;100220;0.07832;80000;11415608815;B
20241113;100220;0.0783;10000;11415608956;B
20241113;100222;0.07832;10000;11415609458;B
20241113;100222;0.07832;200000;11415609459;B
20241113;100222;0.07832;10000;11415609533;B
20241113;100222;0.07832;80000;11415609582;B
20241113;100223;0.07832;90000;11415609690;B
20241113;100223;0.07832;90000;11415609726;B
20241113;100223;0.07832;10000;11415609770;B
20241113;100225;0.07838;30000;11415610512;B
20241113;100225;0.07836;90000;11415610517;B
20241113;100225;0.07838;10000;11415610518;B
20241113;100228;0.07828;30000;11415611160;S
20241113;100228;0.07828;30000;11415611305;S
20241113;100228;0.07828;20000;11415611306;S
20241113;100229;0.0783;30000;11415611521;S
20241113;100229;0.07824;50000;11415611565;S
20241113;100230;0.07824;30000;11415611617;S
20241113;100230;0.07824;30000;11415611673;S
20241113;100231;0.07824;10000;11415611847;S
20241113;100231;0.07824;30000;11415611866;S
20241113;100231;0.07824;10000;11415611920;S
20241113;100231;0.07824;30000;11415611994;S
20241113;100231;0.07824;30000;11415612018;S
20241113;100231;0.07838;20000;11415612032;B
20241113;100232;0.07822;10000;11415612157;S
20241113;100232;0.07822;10000;11415612305;S
20241113;100232;0.07822;10000;11415612310;S
20241113;100233;0.07822;10000;11415612463;S
20241113;100234;0.07836;2560000;11415612554;B
20241113;100234;0.07836;1880000;11415612555;B
20241113;100234;0.0783;10000;11415612614;S
20241113;100236;0.07824;50000;11415613074;S
20241113;100237;0.07824;30000;11415613139;S
20241113;100237;0.0783;10000;11415613253;S
20241113;100237;0.07828;40000;11415613254;S
20241113;100238;0.07822;30000;11415613281;S
20241113;100238;0.07822;30000;11415613327;S
20241113;100240;0.07824;30000;11415613757;S
20241113;100241;0.07824;50000;11415613812;S
20241113;100241;0.07824;30000;11415613887;S
20241113;100245;0.07834;50000;11415614506;B
20241113;100245;0.07826;10000;11415614597;S
20241113;100245;0.07826;10000;11415614611;S
20241113;100246;0.07824;30000;11415614638;S
20241113;100246;0.07824;30000;11415614643;S
20241113;100246;0.07824;30000;11415614651;S
20241113;100246;0.07824;30000;11415614674;S
20241113;100246;0.07824;30000;11415614679;S
20241113;100247;0.07826;10000;11415614876;S
20241113;100247;0.0782;10000;11415614923;S
20241113;100247;0.0782;10000;11415614940;S
20241113;100249;0.07834;20000;11415615377;B
20241113;100250;0.07838;60000;11415615556;B
20241113;100250;0.0784;10000;11415615560;B
20241113;100250;0.0784;80000;11415615649;B
20241113;100252;0.0784;20000;11415615870;B
20241113;100256;0.0784;10000;11415616592;S
20241113;100257;0.07844;10000;11415616817;B
20241113;100258;0.07832;30000;11415616994;S
20241113;100258;0.07838;30000;11415617128;S
20241113;100259;0.07832;10000;11415617196;S
20241113;100259;0.0783;10000;11415617197;S
20241113;100259;0.0783;30000;11415617198;S
20241113;100300;0.07824;50000;11415617291;S
20241113;100300;0.07826;30000;11415617383;S
20241113;100300;0.07822;10000;11415617538;S
20241113;100300;0.07822;30000;11415617543;S
20241113;100300;0.07822;30000;11415617545;S
20241113;100300;0.07822;30000;11415617550;S
20241113;100300;0.07824;10000;11415617602;S
20241113;100300;0.07824;30000;11415617672;S
20241113;100301;0.07824;10000;11415617859;S
20241113;100301;0.07824;30000;11415617899;S
20241113;100302;0.07824;10000;11415618124;S
20241113;100303;0.07824;30000;11415618175;S
20241113;100304;0.07824;50000;11415618268;S
20241113;100304;0.07824;30000;11415618311;S
20241113;100304;0.07824;30000;11415618408;S
20241113;100305;0.07832;10000;11415619110;B
20241113;100305;0.07834;10000;11415619155;B
20241113;100305;0.07838;40000;11415619325;B
20241113;100316;0.0782;10000;11415622124;S
20241113;100316;0.07824;10000;11415622195;S
20241113;100316;0.07824;30000;11415622223;S
20241113;100316;0.07824;30000;11415622224;S
20241113;100316;0.07824;30000;11415622231;S
20241113;100316;0.07824;10000;11415622331;S
20241113;100316;0.07824;30000;11415622389;S
20241113;100317;0.07824;50000;11415622541;S
20241113;100317;0.07818;30000;11415622657;S
20241113;100318;0.07818;10000;11415622969;S
20241113;100322;0.0783;1270000;11415623995;B
20241113;100322;0.0783;390000;11415624026;B
20241113;100323;0.0783;760000;11415624262;B
20241113;100326;0.07832;30000;11415625006;B
20241113;100327;0.07832;220000;11415625055;B
20241113;100327;0.07832;540000;11415625128;B
20241113;100330;0.0783;10000;11415626061;S
20241113;100330;0.07828;10000;11415626169;S
20241113;100330;0.07828;10000;11415626173;S
20241113;100330;0.07828;30000;11415626188;S
20241113;100331;0.07828;30000;11415626250;S
20241113;100331;0.07828;30000;11415626302;S
20241113;100332;0.07828;10000;11415626613;S
20241113;100342;0.07828;120000;11415629198;S
20241113;100343;0.07828;1030000;11415629372;S
20241113;100343;0.07826;260000;11415629373;S
20241113;100343;0.07824;260000;11415629374;S
20241113;100343;0.0782;130000;11415629375;S
20241113;100343;0.0782;210000;11415629376;S
20241113;100343;0.0782;200000;11415629377;B
20241113;100344;0.07816;30000;11415629442;S
20241113;100344;0.07816;50000;11415629461;S
20241113;100344;0.07816;70000;11415629490;S
20241113;100345;0.07816;10000;11415629738;S
20241113;100345;0.07816;30000;11415629764;S
20241113;100345;0.07816;10000;11415629798;S
20241113;100346;0.07816;30000;11415629863;S
20241113;100346;0.07816;30000;11415629865;S
20241113;100346;0.07816;10000;11415630015;S
20241113;100400;0.07812;50000;11415633045;S
20241113;100400;0.07812;10000;11415633107;S
20241113;100401;0.07812;30000;11415633183;S
20241113;100401;0.07812;10000;11415633210;S
20241113;100401;0.07812;30000;11415633225;S
20241113;100405;0.07812;1140000;11415634169;S
20241113;100405;0.07812;540000;11415634170;S
20241113;100405;0.07812;230000;11415634171;S
20241113;100405;0.0781;170000;11415634172;S
20241113;100405;0.0781;10000;11415634173;S
20241113;100405;0.0781;650000;11415634174;S
20241113;100405;0.0781;230000;11415634175;S
20241113;100411;0.0781;10000;11415635357;B
20241113;100411;0.0781;290000;11415635444;B
20241113;100412;0.0781;90000;11415635514;B
20241113;100412;0.0781;20000;11415635544;B
20241113;100412;0.0781;20000;11415635702;B
20241113;100413;0.0781;510000;11415635934;B
20241113;100413;0.0781;200000;11415635935;B
20241113;100416;0.07812;30000;11415636462;S
20241113;100416;0.07812;30000;11415636470;S
20241113;100418;0.07826;120000;11415637132;B
20241113;100421;0.07826;20000;11415637608;B
20241113;100423;0.07828;130000;11415638026;B
20241113;100426;0.07832;40000;11415638806;B
20241113;100431;0.07828;30000;11415639708;S
20241113;100433;0.07828;70000;11415640227;S
20241113;100433;0.07828;270000;11415640228;S
20241113;100445;0.07822;30000;11415643463;S
20241113;100449;0.0783;50000;11415644529;B
20241113;100451;0.07836;160000;11415645069;B
20241113;100451;0.07836;270000;11415645070;B
20241113;100458;0.0784;130000;11415646540;B
20241113;100458;0.0784;310000;11415646541;B
20241113;100458;0.07842;410000;11415646542;B
20241113;100458;0.07842;2490000;11415646543;B
20241113;100458;0.07844;1800000;11415646544;B
20241113;100458;0.07844;1160000;11415646545;B
20241113;100459;0.07838;500000;11415646806;S
20241113;100459;0.07832;210000;11415646807;S
20241113;100459;0.07832;1270000;11415646808;S
20241113;100459;0.07832;400000;11415646809;S
20241113;100459;0.07828;100000;11415646810;S
20241113;100459;0.07826;1020000;11415646811;S
20241113;100500;0.07826;30000;11415647067;S
20241113;100504;0.07826;60000;11415647917;S
20241113;100506;0.07834;70000;11415648672;B
20241113;100506;0.07836;400000;11415648780;B
20241113;100506;0.07836;100000;11415648781;B
20241113;100508;0.07842;60000;11415649543;B
20241113;100508;0.07844;260000;11415649544;B
20241113;100509;0.0783;1270000;11415649594;S
20241113;100509;0.0783;210000;11415649595;S
20241113;100519;0.07838;30000;11415652325;B
20241113;100520;0.07842;400000;11415652440;B
20241113;100534;0.07844;80000;11415656761;B
20241113;100534;0.07844;420000;11415656762;B
20241113;100540;0.07842;60000;11415657981;S
20241113;100603;0.0784;10000;11415662406;B
20241113;100643;0.07832;30000;11415670034;S
20241113;100643;0.0783;10000;11415670035;S
20241113;100643;0.0783;500000;11415670036;S
20241113;100643;0.07828;160000;11415670037;S
20241113;100643;0.07828;160000;11415670038;S
20241113;100645;0.07824;10000;11415670409;S
20241113;100646;0.07822;50000;11415670576;S
20241113;100646;0.07822;20000;11415670588;S
20241113;100646;0.07822;10000;11415670591;S
20241113;100646;0.07822;10000;11415670592;S
20241113;100646;0.07822;10000;11415670597;S
20241113;100646;0.07822;50000;11415670628;S
20241113;100646;0.07822;20000;11415670650;S
20241113;100646;0.07822;20000;11415670676;S
20241113;100700;0.07822;20000;11415673182;S
20241113;100701;0.07822;20000;11415673188;S
20241113;100701;0.07822;20000;11415673189;S
20241113;100701;0.07822;10000;11415673210;S
20241113;100706;0.07828;40000;11415673879;B
20241113;100708;0.0783;80000;11415674254;B
20241113;100708;0.0783;180000;11415674255;B
20241113;100715;0.07838;20000;11415675294;S
20241113;100716;0.07838;20000;11415675336;S
20241113;100718;0.07842;20000;11415675662;B
20241113;100718;0.07844;80000;11415675663;B
20241113;100719;0.07842;10000;11415675766;B
20241113;100719;0.07842;100000;11415675767;S
20241113;100725;0.07836;200000;11415676571;S
20241113;100730;0.0783;20000;11415677495;S
20241113;100730;0.0783;20000;11415677502;S
20241113;100749;0.07832;100000;11415680632;S
20241113;100752;0.07838;500000;11415681404;B
20241113;100755;0.0784;100000;11415682041;B
20241113;100755;0.07842;500000;11415682131;B
20241113;100807;0.07848;470000;11415684560;B
20241113;100807;0.07848;20000;11415684561;B
20241113;100808;0.07848;500000;11415684946;B
20241113;100808;0.07848;40000;11415685025;B
20241113;100809;0.0785;60000;11415685082;B
20241113;100809;0.0785;70000;11415685083;B
20241113;100809;0.0785;10000;11415685084;B
20241113;100809;0.0785;360000;11415685085;B
20241113;100809;0.07848;10000;11415685226;B
20241113;100809;0.0785;130000;11415685227;B
20241113;100809;0.07852;120000;11415685347;B
20241113;100809;0.07852;120000;11415685502;B
20241113;100812;0.07854;130000;11415686431;B
20241113;100812;0.0785;100000;11415686449;S
20241113;100812;0.0785;10000;11415686503;S
20241113;100817;0.07854;90000;11415687443;B
20241113;100817;0.07854;20000;11415687459;B
20241113;100821;0.07854;290000;11415688454;B
20241113;100821;0.07856;210000;11415688455;B
20241113;100823;0.07856;180000;11415689138;B
20241113;100826;0.07856;150000;11415689678;B
20241113;100829;0.0785;10000;11415690206;S
20241113;100831;0.07856;100000;11415690529;B
20241113;100834;0.07848;10000;11415691009;S
20241113;100835;0.07848;10000;11415691106;S
20241113;100844;0.07856;50000;11415692483;B
20241113;100849;0.07856;10000;11415693350;B
20241113;100909;0.07856;300000;11415696019;B
20241113;100909;0.07856;1000000;11415696020;B
20241113;100922;0.07856;100000;11415698029;B
20241113;100922;0.07856;10000;11415698030;B
20241113;100922;0.07856;1550000;11415698031;B
20241113;100922;0.07858;1270000;11415698032;B
20241113;100922;0.07858;210000;11415698033;B
20241113;100922;0.0786;10000;11415698034;B
20241113;100922;0.0786;400000;11415698035;B
20241113;100922;0.0786;1000000;11415698036;B
20241113;100922;0.07862;30000;11415698037;B
20241113;100922;0.07862;100000;11415698038;B
20241113;100922;0.07864;10000;11415698039;B
20241113;100922;0.07864;2400000;11415698040;B
20241113;100922;0.07854;30000;11415698134;S
20241113;100931;0.0785;10000;11415699423;S
20241113;100949;0.0785;20000;11415702057;S
20241113;100949;0.0785;30000;11415702058;S
20241113;100949;0.07848;30000;11415702059;S
20241113;100949;0.07848;120000;11415702060;S
20241113;101012;0.07848;20000;11415705255;B
20241113;101014;0.07848;60000;11415705548;B
20241113;101014;0.07852;410000;11415705549;B
20241113;101014;0.07856;730000;11415705550;B
20241113;101037;0.07846;110000;11415708897;S
20241113;101057;0.07858;20000;11415711937;B
20241113;101136;0.07858;80000;11415716872;B
20241113;101136;0.07858;20000;11415716873;B
20241113;101147;0.07858;40000;11415718599;B
20241113;101147;0.07858;50000;11415718600;B
20241113;101147;0.0786;60000;11415718601;B
20241113;101236;0.0785;50000;11415726516;B
20241113;101236;0.07856;30000;11415726517;B
20241113;101236;0.07858;10000;11415726518;B
20241113;101250;0.07858;10000;11415728525;B
20241113;101317;0.0785;520000;11415732400;S
20241113;101317;0.0785;140000;11415732401;S
20241113;101317;0.07848;1390000;11415732402;S
20241113;101319;0.07848;140000;11415732741;S
20241113;101319;0.07848;120000;11415732845;S
20241113;101342;0.07846;10000;11415736623;S
20241113;101346;0.07844;130000;11415737268;S
20241113;101346;0.07844;370000;11415737269;S
20241113;101347;0.07836;20000;11415737451;S
20241113;101347;0.07836;30000;11415737565;S
20241113;101347;0.07836;100000;11415737595;S
20241113;101347;0.07836;10000;11415737642;S
20241113;101428;0.07834;100000;11415743092;S
20241113;101522;0.07836;10000;11415753346;S
20241113;101522;0.07836;20000;11415753564;S
20241113;101538;0.07836;10000;11415756673;S
20241113;101623;0.07844;10000;11415763322;B
20241113;101646;0.07844;60000;11415768791;B
20241113;101646;0.07836;40000;11415768990;S
20241113;101701;0.07836;40000;11415774294;S
20241113;101718;0.07834;250000;11415777376;B
20241113;101723;0.07834;40000;11415778011;B
20241113;101733;0.07834;10000;11415779716;B
20241113;101750;0.07834;10000;11415784106;B
20241113;101756;0.07834;290000;11415786509;B
20241113;101810;0.07832;100000;11415792102;S
20241113;101821;0.07832;10000;11415795385;S
20241113;101834;0.07836;370000;11415798970;B
20241113;101841;0.07836;80000;11415800702;B
20241113;101841;0.07836;10000;11415800753;B
20241113;101935;0.0784;50000;11415810224;S
20241113;102017;0.07844;50000;11415815482;B
20241113;102017;0.07844;50000;11415815483;B
20241113;102035;0.07844;420000;11415820815;B
20241113;102035;0.07846;1270000;11415820816;B
20241113;102035;0.07846;310000;11415820817;B
20241113;102043;0.07846;200000;11415824669;B
20241113;102049;0.07844;10000;11415826900;B
20241113;102058;0.07844;20000;11415830826;B
20241113;102058;0.07844;180000;11415830827;B
20241113;102059;0.07846;280000;11415831510;B
20241113;102133;0.07846;410000;11415845166;B
20241113;102133;0.07848;1270000;11415845167;B
20241113;102133;0.07848;200000;11415845171;S
20241113;102152;0.07852;130000;11415854257;B
20241113;102152;0.07852;1270000;11415854258;B
20241113;102152;0.07854;400000;11415854259;B
20241113;102152;0.07854;200000;11415854260;B
20241113;102153;0.07848;120000;11415854449;S
20241113;102153;0.07848;10000;11415854450;S
20241113;102153;0.07848;70000;11415854451;S
20241113;102212;0.07848;10000;11415863572;S
20241113;102502;0.07848;10000;11415891946;S
20241113;102510;0.0785;10000;11415893208;B
20241113;102533;0.0785;90000;11415896821;B
20241113;102533;0.0785;410000;11415896822;B
20241113;102549;0.07848;10000;11415898940;S
20241113;102549;0.07848;10000;11415899075;S
20241113;102635;0.07848;10000;11415906622;S
20241113;102706;0.07848;40000;11415910215;B
20241113;102736;0.07848;10000;11415914040;B
20241113;102817;0.07848;110000;11415920483;B
20241113;102817;0.07848;90000;11415920484;B
20241113;102824;0.07848;500000;11415921311;B
20241113;102843;0.07848;30000;11415924094;B
20241113;102900;0.07848;650000;11415926434;B
20241113;102900;0.07848;60000;11415926435;B
20241113;102900;0.07848;70000;11415926436;B
20241113;102900;0.07848;50000;11415926437;B
20241113;102900;0.0785;2170000;11415926438;B
20241113;102906;0.07848;30000;11415927305;B
20241113;102906;0.0785;2970000;11415927306;B
20241113;102906;0.07848;10000;11415927308;B
20241113;102906;0.0785;440000;11415927309;B
20241113;102906;0.0785;10000;11415927310;B
20241113;102920;0.0785;10000;11415929113;B
20241113;102920;0.07852;20000;11415929114;B
20241113;103038;0.07852;10000;11415938343;B
20241113;103038;0.07852;40000;11415938344;B
20241113;103046;0.07848;30000;11415939598;S
20241113;103046;0.07846;10000;11415939674;S
20241113;103046;0.07844;50000;11415939675;S
20241113;103047;0.07842;100000;11415939771;S
20241113;103047;0.07842;10000;11415939772;S
20241113;103047;0.07842;10000;11415939773;S
20241113;103047;0.07842;380000;11415939774;S
20241113;103152;0.07844;800000;11415949502;B
20241113;103154;0.07844;470000;11415949743;B
20241113;103154;0.07844;410000;11415949744;B
20241113;103203;0.0784;40000;11415951074;S
20241113;103228;0.0784;10000;11415953963;S
20241113;103229;0.07842;20000;11415954025;B
20241113;103251;0.0784;40000;11415956212;S
20241113;103251;0.0784;10000;11415956213;S
20241113;103251;0.07838;100000;11415956214;S
20241113;103251;0.07838;10000;11415956215;S
20241113;103251;0.07836;40000;11415956216;S
20241113;103302;0.07836;30000;11415957473;S
20241113;103319;0.07838;10000;11415959843;B
20241113;103324;0.07838;60000;11415960443;B
20241113;103404;0.07838;20000;11415965503;B
20241113;103418;0.07836;20000;11415967254;S
20241113;103425;0.0784;50000;11415968067;B
20241113;103550;0.07836;10000;11415978263;S
20241113;103555;0.07838;1270000;11415978893;B
20241113;103555;0.0784;60000;11415978894;B
20241113;103555;0.0784;90000;11415978895;B
20241113;103555;0.0784;500000;11415978896;B
20241113;103555;0.07842;500000;11415978897;B
20241113;103555;0.07844;210000;11415978898;B
20241113;103555;0.07846;190000;11415978899;B
20241113;103555;0.07848;5530000;11415978900;B
20241113;103628;0.07846;70000;11415984131;B
20241113;103750;0.07842;1000000;11415996264;B
20241113;103805;0.07834;10000;11415998339;S
20241113;103805;0.07834;380000;11415998340;S
20241113;103815;0.07834;20000;11415999388;S
20241113;103815;0.07834;440000;11415999389;S
20241113;103815;0.07832;190000;11415999390;S
20241113;103815;0.07832;20000;11415999391;S
20241113;103815;0.07832;20000;11415999392;S
20241113;103815;0.07832;500000;11415999393;S
20241113;103815;0.0783;10000;11415999394;S
20241113;103815;0.0783;10000;11415999395;S
20241113;103815;0.0783;400000;11415999396;S
20241113;103815;0.0783;1700000;11415999397;S
20241113;103815;0.0783;210000;11415999398;S
20241113;103815;0.07828;50000;11415999399;S
20241113;103815;0.07828;1430000;11415999400;S
20241113;103818;0.0783;10000;11415999610;S
20241113;103837;0.0783;10000;11416001644;S
20241113;103911;0.0783;170000;11416006116;S
20241113;103937;0.07838;200000;11416009257;B
20241113;104042;0.07836;10000;11416019127;B
20241113;104044;0.07832;10000;11416019435;S
20241113;104142;0.07836;10000;11416026078;B
20241113;104156;0.07836;10000;11416027870;S
20241113;104156;0.07838;10000;11416027871;B
20241113;104233;0.07844;400000;11416031893;B
20241113;104250;0.07844;100000;11416034210;B
20241113;104250;0.07844;20000;11416034257;B
20241113;104301;0.07846;30000;11416035674;B
20241113;104301;0.07846;200000;11416035675;B
20241113;104301;0.07846;320000;11416035676;B
20241113;104313;0.07848;100000;11416037332;B
20241113;104313;0.0785;530000;11416037333;B
20241113;104413;0.0785;150000;11416044024;S
20241113;104420;0.07852;100000;11416044667;B
20241113;104445;0.0785;10000;11416048425;B
20241113;104445;0.07852;50000;11416048426;B
20241113;104455;0.07852;190000;11416050110;B
20241113;104520;0.07854;100000;11416053501;B
20241113;104539;0.07854;50000;11416055587;S
20241113;104552;0.07852;470000;11416057005;S
20241113;104619;0.07854;110000;11416060550;B
20241113;104657;0.07854;10000;11416064775;B
20241113;104723;0.07852;340000;11416068472;S
20241113;104737;0.0785;250000;11416070187;B
20241113;104749;0.0785;10000;11416071596;B
20241113;104749;0.0785;20000;11416071680;B
20241113;104749;0.07846;60000;11416071748;S
20241113;104749;0.07846;80000;11416071749;S
20241113;104749;0.07844;130000;11416071750;S
20241113;104750;0.0785;130000;11416072010;B
20241113;104751;0.0785;30000;11416072148;B
20241113;104849;0.07844;30000;11416078805;B
20241113;104853;0.07844;10000;11416079582;B
20241113;104901;0.07844;10000;11416080500;S
20241113;104910;0.07844;130000;11416081510;S
20241113;104913;0.07846;40000;11416081822;B
20241113;104913;0.07848;1270000;11416081823;B
20241113;104913;0.07848;10000;11416081824;B
20241113;104913;0.07852;30000;11416081825;B
20241113;104913;0.07854;80000;11416081826;B
20241113;104913;0.07854;400000;11416081827;B
20241113;104913;0.07856;210000;11416081828;B
20241113;104913;0.07856;170000;11416081829;B
20241113;104913;0.07858;150000;11416081830;B
20241113;104913;0.07858;30000;11416081831;B
20241113;104913;0.07858;2200000;11416081832;B
20241113;104913;0.0786;8080000;11416081833;B
20241113;105016;0.07854;90000;11416088070;B
20241113;105016;0.07856;10000;11416088071;B
20241113;105024;0.07854;40000;11416089005;B
20241113;105039;0.0785;10000;11416091826;S
20241113;105039;0.07848;10000;11416091827;S
20241113;105039;0.07848;20000;11416091828;S
20241113;105039;0.07846;490000;11416091829;S
20241113;105039;0.07846;400000;11416091830;S
20241113;105050;0.07846;70000;11416094074;B
20241113;105050;0.07846;20000;11416094075;B
20241113;105050;0.07852;10000;11416094076;B
20241113;105111;0.07846;10000;11416096203;S
20241113;105221;0.07846;260000;11416104159;S
20241113;105233;0.07846;30000;11416105067;B
20241113;105235;0.07846;10000;11416105205;B
20241113;105247;0.07846;50000;11416106055;B
20241113;105247;0.07848;50000;11416106056;B
20241113;105312;0.07848;160000;11416109567;B
20241113;105358;0.07844;60000;11416119838;S
20241113;105424;0.07846;130000;11416122871;S
20241113;105424;0.07844;810000;11416122872;S
20241113;105424;0.07844;40000;11416122873;S
20241113;105431;0.07842;70000;11416123647;S
20241113;105431;0.07842;140000;11416123648;S
20241113;105604;0.07842;30000;11416132533;B
20241113;105640;0.07842;10000;11416136165;B
20241113;105711;0.07842;10000;11416139437;B
20241113;105756;0.07842;10000;11416144812;B
20241113;105800;0.07842;1730000;11416145315;B
20241113;105800;0.07846;160000;11416145316;B
20241113;105800;0.07848;10000;11416145317;B
20241113;105800;0.07848;20000;11416145318;B
20241113;105800;0.07848;500000;11416145319;B
20241113;105800;0.0785;210000;11416145320;B
20241113;105800;0.0785;1270000;11416145321;B
20241113;105800;0.0785;600000;11416145322;B
20241113;105800;0.07854;10000;11416145323;B
20241113;105800;0.07854;400000;11416145324;B
20241113;105800;0.07854;400000;11416145325;B
20241113;105800;0.07856;690000;11416145326;B
20241113;105814;0.07854;250000;11416147081;B
20241113;105814;0.07856;50000;11416147082;B
20241113;105848;0.07854;40000;11416151672;B
20241113;110003;0.07854;40000;11416161381;B
20241113;110148;0.07854;20000;11416176431;B
20241113;110158;0.07854;10000;11416178367;B
20241113;110200;0.07854;10000;11416178930;B
20241113;110200;0.07854;10000;11416178940;B
20241113;110200;0.07856;10000;11416178941;B
20241113;110200;0.07856;70000;11416179033;B
20241113;110202;0.07856;7410000;11416179537;B
20241113;110202;0.07858;200000;11416179538;S
20241113;110202;0.0786;200000;11416179540;B
20241113;110202;0.0786;60000;11416179541;B
20241113;110202;0.07862;40000;11416179675;B
20241113;110202;0.07862;1480000;11416179678;B
20241113;110202;0.0786;100000;11416179691;S
20241113;110202;0.07864;750000;11416179717;B
20241113;110202;0.07866;200000;11416179718;B
20241113;110202;0.07866;10000;11416179719;B
20241113;110202;0.07866;550000;11416179720;B
20241113;110202;0.07868;10000;11416179721;B
20241113;110204;0.07868;20000;11416180133;B
20241113;110206;0.07868;10000;11416180632;B
20241113;110206;0.0787;10000;11416180633;B
20241113;110206;0.0787;80000;11416180634;B
20241113;110206;0.0787;160000;11416180710;B
20241113;110207;0.0787;90000;11416181010;B
20241113;110215;0.07868;20000;11416182616;B
20241113;110215;0.0787;140000;11416182618;B
20241113;110215;0.07868;10000;11416182687;B
20241113;110215;0.0787;80000;11416182688;B
20241113;110215;0.0787;10000;11416182753;B
20241113;110215;0.0787;10000;11416182809;B
20241113;110220;0.07868;310000;11416184810;S
20241113;110224;0.07868;10000;11416186264;B
20241113;110242;0.07868;50000;11416190438;B
20241113;110255;0.07866;180000;11416194144;S
20241113;110257;0.07868;10000;11416194640;B
20241113;110259;0.07864;500000;11416194954;B
20241113;110433;0.07866;500000;11416211258;S
20241113;110433;0.07866;120000;11416211259;S
20241113;110434;0.07862;530000;11416211383;S
20241113;110434;0.07862;400000;11416211384;S
20241113;110434;0.0786;500000;11416211385;S
20241113;110434;0.0786;400000;11416211386;S
20241113;110434;0.0786;100000;11416211387;S
20241113;110434;0.07858;100000;11416211388;S
20241113;110434;0.07858;210000;11416211389;S
20241113;110434;0.07858;500000;11416211390;S
20241113;110434;0.07856;2590000;11416211391;S
20241113;110434;0.07856;1000000;11416211392;S
20241113;110434;0.07856;1270000;11416211393;S
20241113;110434;0.07852;800000;11416211394;S
20241113;110434;0.0785;10000;11416211395;S
20241113;110434;0.0785;10000;11416211396;S
20241113;110434;0.0785;1670000;11416211397;S
20241113;110434;0.07848;340000;11416211398;S
20241113;110434;0.07848;2870000;11416211399;S
20241113;110434;0.0785;10000;11416211512;S
20241113;110448;0.07856;20000;11416214062;B
20241113;110448;0.07856;180000;11416214063;B
20241113;110448;0.07856;270000;11416214064;B
20241113;110448;0.07858;230000;11416214065;B
20241113;110517;0.07862;130000;11416218503;B
20241113;110517;0.07864;120000;11416218504;B
20241113;110543;0.07864;20000;11416223107;B
20241113;110544;0.07864;250000;11416223224;B
20241113;110553;0.0786;10000;11416224636;B
20241113;110615;0.07856;20000;11416228099;S
20241113;110615;0.07856;120000;11416228100;S
20241113;110716;0.07864;50000;11416240162;B
20241113;110716;0.07864;10000;11416240163;B
20241113;110744;0.07856;120000;11416244978;S
20241113;110811;0.07864;60000;11416250042;B
20241113;110811;0.07862;90000;11416250074;B
20241113;110811;0.07862;410000;11416250075;B
20241113;110858;0.07864;20000;11416259092;B
20241113;110911;0.0786;10000;11416262165;S
20241113;110911;0.0786;40000;11416262166;S
20241113;110939;0.07866;30000;11416267643;B
20241113;110939;0.07868;10000;11416267730;B
20241113;110939;0.07868;30000;11416267831;B
20241113;110939;0.0787;10000;11416267847;B
20241113;110939;0.07872;10000;11416267848;B
20241113;110940;0.07872;20000;11416268148;B
20241113;110940;0.07872;60000;11416268249;B
20241113;110940;0.07872;10000;11416268308;B
20241113;110941;0.07872;10000;11416268426;B
20241113;110941;0.07872;10000;11416268542;B
20241113;110944;0.0787;10000;11416269066;B
20241113;110945;0.0787;20000;11416269274;B
20241113;110945;0.07872;50000;11416269275;B
20241113;110945;0.07872;30000;11416269394;B
20241113;110950;0.0787;10000;11416270489;B
20241113;110950;0.07872;30000;11416270490;B
20241113;110954;0.07872;90000;11416271285;B
20241113;110956;0.07872;10000;11416271699;B
20241113;110956;0.07872;430000;11416271700;B
20241113;110956;0.07872;10000;11416271701;B
20241113;110956;0.07872;500000;11416271702;B
20241113;110956;0.07874;10000;11416271786;B
20241113;110956;0.07876;60000;11416271787;B
20241113;110957;0.07876;20000;11416271930;B
20241113;111003;0.07876;20000;11416273222;B
20241113;111003;0.07876;10000;11416273223;B
20241113;111003;0.07876;10000;11416273224;B
20241113;111003;0.07878;60000;11416273227;B
20241113;111004;0.07876;320000;11416273325;S
20241113;111004;0.07876;10000;11416273326;S
20241113;111006;0.07876;110000;11416273995;B
20241113;111006;0.07876;10000;11416274023;B
20241113;111008;0.07876;10000;11416274626;B
20241113;111047;0.07868;500000;11416284207;S
20241113;111113;0.0787;20000;11416290460;B
20241113;111136;0.07868;500000;11416297366;S
20241113;111136;0.07866;740000;11416297367;S
20241113;111214;0.07872;150000;11416305723;B
20241113;111214;0.07872;10000;11416305724;B
20241113;111214;0.07872;500000;11416305725;B
20241113;111214;0.07872;140000;11416305726;B
20241113;111214;0.07874;140000;11416305727;B
20241113;111214;0.07876;1270000;11416305728;B
20241113;111214;0.07878;10000;11416305729;B
20241113;111214;0.07878;760000;11416305730;B
20241113;111222;0.0787;10000;11416307373;B
20241113;111224;0.07868;150000;11416307726;B
20241113;111224;0.0787;120000;11416307727;B
20241113;111224;0.07872;40000;11416307728;B
20241113;111240;0.0787;150000;11416311256;B
20241113;111240;0.0787;120000;11416311257;B
20241113;111242;0.0787;100000;11416311794;S
20241113;111242;0.0787;90000;11416311795;S
20241113;111306;0.07872;10000;11416322027;B
20241113;111306;0.07872;110000;11416322028;B
20241113;111310;0.07876;250000;11416323633;B
20241113;111315;0.07876;10000;11416326188;B
20241113;111321;0.07876;250000;11416328421;B
20241113;111334;0.07874;60000;11416331853;B
20241113;111334;0.07876;190000;11416331854;B
20241113;111337;0.07872;10000;11416332461;S
20241113;111347;0.07878;250000;11416334645;B
20241113;111358;0.07876;80000;11416336832;B
20241113;111358;0.07878;920000;11416336833;B
20241113;111400;0.07872;580000;11416337130;S
20241113;111400;0.07872;290000;11416337140;S
20241113;111400;0.07874;250000;11416337181;B
20241113;111403;0.07866;10000;11416337742;S
20241113;111403;0.0786;230000;11416337743;S
20241113;111403;0.0786;120000;11416337744;S
20241113;111403;0.07858;1270000;11416337745;S
20241113;111403;0.07858;230000;11416337746;S
20241113;111403;0.07858;210000;11416337747;S
20241113;111403;0.07856;10000;11416337748;S
20241113;111403;0.07854;50000;11416337749;S
20241113;111403;0.07854;190000;11416337750;S
20241113;111412;0.07856;50000;11416339797;B
20241113;111413;0.07858;250000;11416339837;B
20241113;111425;0.07862;250000;11416342210;B
20241113;111426;0.07862;250000;11416342295;B
20241113;111426;0.07862;20000;11416342296;B
20241113;111426;0.07862;170000;11416342297;B
20241113;111426;0.07862;310000;11416342298;B
20241113;111426;0.07864;150000;11416342299;B
20241113;111426;0.07864;1100000;11416342300;B
20241113;111427;0.07866;10000;11416342347;B
20241113;111427;0.07866;500000;11416342348;B
20241113;111427;0.07866;1490000;11416342349;B
20241113;111427;0.07868;1000000;11416342371;B
20241113;111427;0.07872;200000;11416342439;B
20241113;111436;0.07874;400000;11416343893;B
20241113;111436;0.07874;320000;11416343894;B
20241113;111438;0.07878;2500000;11416344060;B
20241113;111438;0.07878;1500000;11416344107;B
20241113;111438;0.07878;500000;11416344108;B
20241113;111438;0.07878;250000;11416344113;B
20241113;111439;0.07878;2500000;11416344186;B
20241113;111439;0.07878;680000;11416344187;B
20241113;111439;0.07878;320000;11416344188;B
20241113;111451;0.0788;10000;11416346630;B
20241113;111451;0.0788;240000;11416346631;B
20241113;111504;0.07878;200000;11416348498;B
20241113;111504;0.07882;50000;11416348499;B
20241113;111508;0.07882;10000;11416349285;B
20241113;111508;0.07882;400000;11416349286;B
20241113;111508;0.07882;10000;11416349287;B
20241113;111510;0.07886;1000000;11416349473;B
20241113;111511;0.07886;1000000;11416349627;B
20241113;111511;0.07886;10000;11416349679;B
20241113;111511;0.07886;690000;11416349681;B
20241113;111511;0.07884;10000;11416349739;B
20241113;111511;0.07886;1300000;11416349740;B
20241113;111511;0.07888;30000;11416349741;B
20241113;111511;0.07888;80000;11416349742;B
20241113;111511;0.07888;580000;11416349743;B
20241113;111512;0.07886;1000000;11416349865;B
20241113;111517;0.07884;10000;11416350587;B
20241113;111517;0.07886;240000;11416350588;B
20241113;111529;0.07884;250000;11416352241;B
20241113;111541;0.0788;90000;11416353835;B
20241113;111541;0.07882;500000;11416353836;B
20241113;111541;0.07886;10000;11416353837;B
20241113;111541;0.07886;10000;11416353838;B
20241113;111541;0.07886;2350000;11416353839;B
20241113;111541;0.07888;40000;11416353840;B
20241113;111542;0.07888;130000;11416354057;B
20241113;111542;0.07888;120000;11416354058;B
20241113;111550;0.07888;1140000;11416355060;B
20241113;111550;0.07888;360000;11416355061;B
20241113;111555;0.07888;140000;11416355855;B
20241113;111555;0.07888;10000;11416355856;B
20241113;111555;0.07888;100000;11416355857;B
20241113;111603;0.07888;1000000;11416356829;B
20241113;111603;0.07888;10000;11416356830;B
20241113;111603;0.0789;400000;11416356831;B
20241113;111603;0.0789;500000;11416356832;B
20241113;111603;0.0789;1520000;11416356833;B
20241113;111603;0.0789;100000;11416356834;S
20241113;111603;0.0789;10000;11416356896;S
20241113;111604;0.07892;10000;11416356986;B
20241113;111604;0.07892;290000;11416356987;B
20241113;111604;0.0789;150000;11416357015;B
20241113;111604;0.07892;50000;11416357016;B
20241113;111608;0.0789;10000;11416357513;B
20241113;111608;0.07892;240000;11416357514;B
20241113;111615;0.07884;10000;11416358479;S
20241113;111621;0.07888;10000;11416359250;B
20241113;111621;0.0789;240000;11416359251;B
20241113;111633;0.0789;250000;11416361953;B
20241113;111646;0.0789;70000;11416363805;B
20241113;111646;0.07892;10000;11416363806;B
20241113;111646;0.07892;170000;11416363807;B
20241113;111659;0.07888;60000;11416365893;B
20241113;111659;0.07888;190000;11416365894;B
20241113;111712;0.0789;250000;11416368196;B
20241113;111725;0.0789;250000;11416370040;B
20241113;111728;0.0789;10000;11416370458;B
20241113;111730;0.0789;480000;11416371096;B
20241113;111730;0.07892;60000;11416371097;B
20241113;111730;0.07892;2560000;11416371098;B
20241113;111730;0.07892;500000;11416371099;B
20241113;111730;0.07894;500000;11416371100;B
20241113;111730;0.07894;900000;11416371101;B
20241113;111737;0.0789;80000;11416372293;B
20241113;111737;0.07892;170000;11416372294;B
20241113;111750;0.07892;250000;11416374071;B
20241113;111753;0.07888;540000;11416374413;S
20241113;111753;0.07886;1010000;11416374414;S
20241113;111803;0.07886;250000;11416375774;B
20241113;111816;0.07888;250000;11416377512;B
20241113;111829;0.07888;250000;11416379491;B
20241113;111841;0.07888;250000;11416381292;B
20241113;111854;0.07888;250000;11416383092;B
20241113;111903;0.07888;160000;11416384273;B
20241113;111907;0.07888;250000;11416384762;B
20241113;111910;0.07886;10000;11416385069;S
20241113;111910;0.07884;390000;11416385070;S
20241113;111914;0.07884;100000;11416385501;B
20241113;111918;0.07886;30000;11416385994;B
20241113;111920;0.07886;250000;11416386348;B
20241113;111933;0.07886;60000;11416387872;B
20241113;111933;0.07886;190000;11416387873;B
20241113;111935;0.07884;900000;11416388214;S
20241113;111946;0.07886;250000;11416389482;B
20241113;111958;0.07886;250000;11416391493;B
20241113;112000;0.07886;30000;11416391842;B
20241113;112006;0.07884;10000;11416392740;S
20241113;112006;0.07884;220000;11416392741;S
20241113;112011;0.07886;250000;11416394523;B
20241113;112024;0.07884;110000;11416396805;B
20241113;112024;0.07884;140000;11416396806;B
20241113;112037;0.07884;140000;11416398968;B
20241113;112037;0.07884;110000;11416398969;B
20241113;112050;0.07884;250000;11416401026;B
20241113;112051;0.07884;300000;11416401335;B
20241113;112102;0.07884;50000;11416403103;B
20241113;112102;0.07884;140000;11416403104;B
20241113;112102;0.07886;110000;11416403105;B
20241113;112115;0.07884;70000;11416405083;B
20241113;112115;0.07886;180000;11416405084;B
20241113;112123;0.07882;10000;11416406087;S
20241113;112128;0.07884;30000;11416406831;B
20241113;112128;0.07886;220000;11416406832;B
20241113;112134;0.07884;150000;11416407506;S
20241113;112141;0.07886;250000;11416408772;B
20241113;112145;0.07886;200000;11416409320;B
20241113;112154;0.07886;250000;11416410752;B
20241113;112158;0.07886;10000;11416411315;B
20241113;112207;0.07886;250000;11416412350;B
20241113;112217;0.07886;10000;11416413594;B
20241113;112219;0.07886;250000;11416414235;B
20241113;112229;0.07886;50000;11416415633;B
20241113;112232;0.07886;250000;11416415899;B
20241113;112245;0.07886;250000;11416417149;B
20241113;112246;0.07886;1750000;11416417279;B
20241113;112246;0.07886;90000;11416417280;B
20241113;112246;0.07888;2160000;11416417281;B
20241113;112248;0.07884;30000;11416417522;S
20241113;112249;0.07886;50000;11416417591;B
20241113;112249;0.07888;100000;11416417592;B
20241113;112258;0.07886;40000;11416418261;B
20241113;112258;0.07888;210000;11416418262;B
20241113;112307;0.07886;20000;11416419164;B
20241113;112307;0.07888;3980000;11416419165;B
20241113;112307;0.07888;2390000;11416419166;B
20241113;112310;0.07892;10000;11416419791;B
20241113;112310;0.07894;10000;11416419792;B
20241113;112310;0.07894;230000;11416419793;B
20241113;112312;0.07888;30000;11416419898;S
20241113;112313;0.07894;10000;11416420028;B
20241113;112313;0.07894;30000;11416420029;B
20241113;112313;0.07896;160000;11416420030;B
20241113;112317;0.07896;640000;11416420529;B
20241113;112319;0.07896;100000;11416420909;B
20241113;112323;0.07896;250000;11416421406;B
20241113;112334;0.07898;10000;11416422799;B
20241113;112336;0.07898;250000;11416422994;B
20241113;112349;0.07898;250000;11416424595;B
20241113;112402;0.07898;20000;11416425758;B
20241113;112402;0.079;30000;11416425759;B
20241113;112402;0.079;30000;11416425760;B
20241113;112402;0.079;10000;11416425761;B
20241113;112402;0.079;10000;11416425762;B
20241113;112402;0.079;150000;11416425763;B
20241113;112402;0.07896;30000;11416425806;S
20241113;112402;0.079;3000000;11416425809;B
20241113;112412;0.079;850000;11416426625;B
20241113;112412;0.079;10000;11416426626;B
20241113;112412;0.07902;640000;11416426627;B
20241113;112415;0.079;60000;11416427011;B
20241113;112415;0.07902;190000;11416427012;B
20241113;112423;0.079;10000;11416427907;B
20241113;112424;0.07902;1000000;11416428003;B
20241113;112425;0.07902;50000;11416428107;B
20241113;112427;0.07902;250000;11416428441;B
20241113;112428;0.07902;990000;11416428474;B
20241113;112432;0.07902;230000;11416428871;B
20241113;112432;0.07902;10000;11416428872;B
20241113;112432;0.07904;100000;11416428873;B
20241113;112432;0.07904;10000;11416428874;B
20241113;112432;0.07904;370000;11416428875;B
20241113;112440;0.07906;10000;11416429424;B
20241113;112440;0.07906;240000;11416429425;B
20241113;112442;0.07906;50000;11416429563;B
20241113;112453;0.07906;250000;11416430344;B
20241113;112456;0.07904;50000;11416430655;S
20241113;112502;0.07904;70000;11416431118;S
20241113;112502;0.07904;80000;11416431132;S
20241113;112506;0.07906;210000;11416431490;B
20241113;112506;0.07906;10000;11416431491;B
20241113;112506;0.07906;30000;11416431492;B
20241113;112510;0.07904;800000;11416431881;S
20241113;112510;0.07904;110000;11416431882;S
20241113;112510;0.07902;100000;11416431883;S
20241113;112510;0.07902;200000;11416431884;S
20241113;112510;0.079;290000;11416431885;S
20241113;112510;0.079;200000;11416431886;S
20241113;112510;0.07896;70000;11416431887;S
20241113;112510;0.07896;20000;11416431888;S
20241113;112510;0.07896;210000;11416431889;S
20241113;112510;0.07894;1000000;11416431890;S
20241113;112510;0.07894;210000;11416431891;S
20241113;112510;0.07894;800000;11416431892;S
20241113;112518;0.07896;90000;11416432680;B
20241113;112518;0.07898;20000;11416432681;B
20241113;112518;0.07898;140000;11416432682;B
20241113;112531;0.07896;70000;11416433723;B
20241113;112531;0.07898;180000;11416433724;B
20241113;112542;0.07894;50000;11416434826;S
20241113;112544;0.07892;160000;11416435027;S
20241113;112544;0.07892;10000;11416435028;S
20241113;112544;0.07892;20000;11416435075;B
20241113;112544;0.07894;230000;11416435076;B
20241113;112557;0.07896;250000;11416436638;B
20241113;112610;0.07896;250000;11416438475;B
20241113;112613;0.07896;450000;11416438770;B
20241113;112616;0.07898;500000;11416439288;B
20241113;112616;0.079;120000;11416439289;B
20241113;112616;0.07898;380000;11416439305;B
20241113;112616;0.079;240000;11416439306;B
20241113;112622;0.07898;250000;11416439843;B
20241113;112635;0.07896;250000;11416442118;B
20241113;112648;0.07898;250000;11416443862;B
20241113;112650;0.0789;200000;11416444143;S
20241113;112650;0.0789;10000;11416444145;S
20241113;112700;0.07898;10000;11416445307;B
20241113;112701;0.07898;140000;11416445365;B
20241113;112701;0.07898;110000;11416445366;B
20241113;112710;0.07898;80000;11416446258;B
20241113;112714;0.07898;80000;11416446722;B
20241113;112714;0.079;140000;11416446723;B
20241113;112714;0.079;30000;11416446724;B
20241113;112727;0.079;30000;11416447943;B
20241113;112727;0.079;220000;11416447944;B
20241113;112736;0.079;10000;11416448833;B
20241113;112739;0.079;250000;11416449031;B
20241113;112752;0.079;250000;11416450262;B
20241113;112805;0.079;250000;11416451365;B
20241113;112810;0.07894;120000;11416451866;S
20241113;112813;0.07894;50000;11416452072;S
20241113;112813;0.07894;10000;11416452073;S
20241113;112818;0.07894;250000;11416452559;B
20241113;112831;0.07894;190000;11416453756;B
20241113;112831;0.07898;10000;11416453757;B
20241113;112831;0.079;20000;11416453758;B
20241113;112831;0.079;30000;11416453759;B
20241113;112842;0.079;1020000;11416454803;B
20241113;112842;0.079;30000;11416454804;B
20241113;112842;0.079;110000;11416454805;B
20241113;112842;0.07902;500000;11416454806;B
20241113;112842;0.07902;1260000;11416454807;B
20241113;112842;0.07902;500000;11416454808;B
20241113;112842;0.07902;400000;11416454809;B
20241113;112842;0.07904;5000000;11416454810;B
20241113;112842;0.07904;210000;11416454811;B
20241113;112842;0.07906;10000;11416454812;B
20241113;112842;0.07906;50000;11416454813;B
20241113;112842;0.07906;20000;11416454814;B
20241113;112842;0.07908;2180000;11416454815;B
20241113;112843;0.07908;250000;11416454893;B
20241113;112856;0.07906;10000;11416455860;B
20241113;112856;0.0791;240000;11416455861;B
20241113;112909;0.07908;10000;11416457337;B
20241113;112909;0.0791;240000;11416457338;B
20241113;112921;0.0791;520000;11416458333;B
20241113;112921;0.07912;200000;11416458334;B
20241113;112922;0.07912;50000;11416458374;B
20241113;112922;0.07912;250000;11416458381;B
20241113;112923;0.07912;10000;11416458528;B
20241113;112923;0.07914;10000;11416458529;B
20241113;112923;0.07914;500000;11416458530;B
20241113;112923;0.07914;200000;11416458531;B
20241113;112923;0.07914;200000;11416458544;B
20241113;112923;0.07914;10000;11416458545;B
20241113;112923;0.07914;410000;11416458546;B
20241113;112934;0.07912;10000;11416459427;B
20241113;112935;0.07914;250000;11416459652;B
20241113;112941;0.07908;40000;11416460350;S
20241113;112943;0.07912;10000;11416460495;B
20241113;112947;0.07914;250000;11416460867;B
20241113;112959;0.07914;10000;11416461848;B
20241113;112959;0.07914;20000;11416461849;B
20241113;113000;0.07914;250000;11416461913;B
20241113;113013;0.07914;250000;11416463072;B
20241113;113014;0.07914;10000;11416463215;B
20241113;113023;0.07914;130000;11416464242;B
20241113;113026;0.07914;250000;11416464424;B
20241113;113039;0.07916;250000;11416465578;B
20241113;113051;0.07916;20000;11416467015;B
20241113;113051;0.07916;20000;11416467016;B
20241113;113051;0.07918;120000;11416467017;B
20241113;113051;0.07918;40000;11416467018;B
20241113;113051;0.07918;10000;11416467019;B
20241113;113051;0.07918;40000;11416467020;B
20241113;113052;0.07918;950000;11416467059;B
20241113;113052;0.0792;550000;11416467060;B
20241113;113104;0.07918;250000;11416468467;B
20241113;113117;0.07916;160000;11416469504;B
20241113;113117;0.07916;90000;11416469505;B
20241113;113130;0.07918;250000;11416470477;B
20241113;113143;0.07918;250000;11416471705;B
20241113;113155;0.07918;10000;11416472680;B
20241113;113155;0.07918;240000;11416472681;B
20241113;113208;0.07918;10000;11416473856;B
20241113;113208;0.07918;250000;11416473919;B
20241113;113218;0.07916;360000;11416474904;S
20241113;113221;0.07916;250000;11416475114;B
20241113;113234;0.07916;250000;11416476222;B
20241113;113244;0.07916;140000;11416477300;B
20241113;113244;0.07916;160000;11416477301;B
20241113;113247;0.07916;250000;11416477498;B
20241113;113252;0.07914;360000;11416478003;S
20241113;113252;0.07912;40000;11416478004;S
20241113;113259;0.07914;10000;11416478661;B
20241113;113259;0.07914;240000;11416478662;B
20241113;113307;0.07912;400000;11416479376;S
20241113;113307;0.07916;250000;11416479394;B
20241113;113312;0.07914;10000;11416479897;B
20241113;113312;0.07916;240000;11416479898;B
20241113;113325;0.07914;10000;11416481043;B
20241113;113325;0.07916;240000;11416481044;B
20241113;113330;0.07912;20000;11416481342;S
20241113;113338;0.07914;10000;11416482033;B
20241113;113338;0.07914;10000;11416482034;B
20241113;113338;0.07916;230000;11416482035;B
20241113;113351;0.07916;250000;11416483291;B
20241113;113403;0.07916;250000;11416484529;B
20241113;113404;0.07916;30000;11416484540;B
20241113;113405;0.07914;60000;11416484653;S
20241113;113416;0.07916;250000;11416485599;B
20241113;113418;0.07916;30000;11416485736;B
20241113;113426;0.07916;300000;11416486441;B
20241113;113429;0.07916;250000;11416486738;B
20241113;113440;0.07916;1240000;11416487504;B
20241113;113440;0.07918;5500000;11416487505;B
20241113;113440;0.07918;1260000;11416487506;B
20241113;113440;0.0792;450000;11416487507;B
20241113;113440;0.0792;300000;11416487508;B
20241113;113440;0.0792;10000;11416487509;B
20241113;113440;0.0792;4240000;11416487510;B
20241113;113440;0.0792;760000;11416487512;B
20241113;113442;0.07926;250000;11416487629;B
20241113;113455;0.07922;10000;11416488992;B
20241113;113455;0.07924;180000;11416488993;B
20241113;113455;0.07924;60000;11416488994;B
20241113;113501;0.07924;440000;11416489596;B
20241113;113501;0.07924;500000;11416489597;B
20241113;113501;0.07924;10000;11416489598;B
20241113;113501;0.07924;160000;11416489599;B
20241113;113501;0.07926;1490000;11416489600;B
20241113;113502;0.07926;30000;11416489728;B
20241113;113508;0.07924;250000;11416490547;B
20241113;113511;0.07924;200000;11416490712;B
20241113;113519;0.07924;20000;11416491352;B
20241113;113520;0.07924;250000;11416491812;B
20241113;113532;0.07924;10000;11416492637;B
20241113;113533;0.07924;250000;11416492747;B
20241113;113546;0.07924;250000;11416493906;B
20241113;113559;0.07924;250000;11416495047;B
20241113;113612;0.07926;10000;11416495921;B
20241113;113612;0.07928;80000;11416495922;B
20241113;113612;0.07928;160000;11416495923;B
20241113;113624;0.07926;10000;11416496937;B
20241113;113624;0.07926;240000;11416496938;B
20241113;113627;0.0792;100000;11416497152;S
20241113;113630;0.0792;90000;11416497339;S
20241113;113637;0.07926;250000;11416497767;B
20241113;113640;0.07926;10000;11416498149;B
20241113;113650;0.07926;100000;11416498766;B
20241113;113650;0.07926;30000;11416498767;B
20241113;113650;0.07926;10000;11416498768;B
20241113;113650;0.07928;110000;11416498769;B
20241113;113701;0.07928;1500000;11416499625;B
20241113;113703;0.07928;200000;11416499748;B
20241113;113703;0.07928;50000;11416499749;B
20241113;113704;0.07928;10000;11416499840;B
20241113;113708;0.07928;200000;11416500129;B
20241113;113716;0.07928;250000;11416500816;B
20241113;113727;0.07926;100000;11416501725;B
20241113;113728;0.07928;250000;11416501827;B
20241113;113741;0.07926;90000;11416502963;B
20241113;113741;0.07926;160000;11416502964;B
20241113;113754;0.07926;30000;11416504321;B
20241113;113754;0.07928;220000;11416504322;B
20241113;113759;0.07928;280000;11416504680;B
20241113;113803;0.07928;30000;11416505038;B
20241113;113807;0.07928;250000;11416505373;B
20241113;113817;0.07926;300000;11416506152;S
20241113;113820;0.07926;190000;11416506375;B
20241113;113820;0.07928;60000;11416506376;B
20241113;113832;0.07928;250000;11416507315;B
20241113;113843;0.07928;100000;11416508384;B
20241113;113845;0.07928;250000;11416508791;B
20241113;113845;0.07924;10000;11416508797;S
20241113;113846;0.07928;1780000;11416508824;B
20241113;113846;0.07928;2560000;11416508825;B
20241113;113846;0.07928;100000;11416508826;S
20241113;113851;0.0793;10000;11416509271;B
20241113;113853;0.0793;10000;11416509375;B
20241113;113853;0.0793;10000;11416509396;B
20241113;113858;0.0793;250000;11416509957;B
20241113;113905;0.0793;10000;11416510783;B
20241113;113911;0.0793;230000;11416511385;B
20241113;113911;0.0793;10000;11416511386;B
20241113;113911;0.0793;10000;11416511387;B
20241113;113912;0.07928;20000;11416511531;S
20241113;113920;0.0793;120000;11416512038;B
20241113;113924;0.07928;540000;11416512655;S
20241113;113924;0.07926;250000;11416512668;B
20241113;113925;0.07922;60000;11416512754;S
20241113;113925;0.0792;10000;11416512755;S
20241113;113931;0.0792;160000;11416513267;S
20241113;113931;0.0792;10000;11416513268;S
20241113;113931;0.0792;200000;11416513269;S
20241113;113931;0.07918;300000;11416513270;S
20241113;113931;0.07918;10000;11416513271;S
20241113;113931;0.07916;320000;11416513272;S
20241113;113936;0.07914;10000;11416513996;S
20241113;113936;0.0792;10000;11416514042;B
20241113;113936;0.0792;10000;11416514043;B
20241113;113936;0.0792;160000;11416514044;B
20241113;113936;0.0792;10000;11416514045;B
20241113;113936;0.0792;10000;11416514046;B
20241113;113936;0.07922;10000;11416514047;B
20241113;113936;0.07922;40000;11416514048;B
20241113;113938;0.07912;20000;11416514261;S
20241113;113949;0.07918;10000;11416515240;B
20241113;113949;0.0792;80000;11416515241;B
20241113;113949;0.0792;160000;11416515242;B
20241113;114000;0.07918;10000;11416516185;B
20241113;114000;0.07918;500000;11416516186;B
20241113;114000;0.0792;240000;11416516187;B
20241113;114000;0.0792;500000;11416516188;B
20241113;114000;0.0792;10000;11416516189;B
20241113;114000;0.0792;40000;11416516190;B
20241113;114002;0.07922;10000;11416516289;B
20241113;114002;0.07922;20000;11416516290;B
20241113;114002;0.07924;220000;11416516291;B
20241113;114009;0.07922;10000;11416517025;B
20241113;114009;0.07922;230000;11416517026;B
20241113;114015;0.07922;170000;11416517593;B
20241113;114015;0.07922;10000;11416517594;B
20241113;114015;0.07924;70000;11416517595;B
20241113;114028;0.07922;10000;11416518750;B
20241113;114028;0.07922;240000;11416518751;B
20241113;114028;0.0792;180000;11416518779;S
20241113;114030;0.07922;160000;11416518947;B
20241113;114030;0.07924;2540000;11416518948;B
20241113;114038;0.07924;10000;11416519761;B
20241113;114040;0.07924;250000;11416519932;B
20241113;114043;0.07924;10000;11416520220;B
20241113;114043;0.07924;10000;11416520250;B
20241113;114043;0.07924;1890000;11416520260;B
20241113;114045;0.07928;3470000;11416520442;B
20241113;114052;0.0793;20000;11416521024;B
20241113;114053;0.0793;250000;11416521161;B
20241113;114058;0.0793;4600000;11416521500;B
20241113;114058;0.0793;5000000;11416521501;B
20241113;114058;0.0793;200000;11416521502;B
20241113;114058;0.0793;130000;11416521503;S
20241113;114102;0.07932;360000;11416521861;B
20241113;114106;0.07932;190000;11416522146;B
20241113;114106;0.07932;10000;11416522147;B
20241113;114106;0.07932;50000;11416522148;B
20241113;114108;0.07932;100000;11416522242;B
20241113;114111;0.07932;10000;11416522462;B
20241113;114112;0.0793;40000;11416522519;S
20241113;114112;0.07932;10000;11416522559;B
20241113;114113;0.07932;10000;11416522632;B
20241113;114115;0.07932;10000;11416522697;B
20241113;114115;0.07932;10000;11416522768;B
20241113;114116;0.0793;10000;11416522787;S
20241113;114116;0.07932;10000;11416522858;B
20241113;114117;0.07932;10000;11416523024;B
20241113;114118;0.07932;10000;11416523071;B
20241113;114119;0.07932;10000;11416523112;B
20241113;114119;0.07932;160000;11416523124;B
20241113;114119;0.07932;90000;11416523125;B
20241113;114119;0.07932;10000;11416523141;B
20241113;114120;0.07932;10000;11416523163;B
20241113;114120;0.07932;10000;11416523225;B
20241113;114121;0.07932;10000;11416523245;B
20241113;114121;0.07932;10000;11416523295;B
20241113;114122;0.07932;10000;11416523348;B
20241113;114122;0.07932;10000;11416523378;B
20241113;114122;0.07932;10000;11416523395;B
20241113;114123;0.07932;10000;11416523438;B
20241113;114123;0.07932;10000;11416523471;B
20241113;114124;0.07932;10000;11416523494;B
20241113;114124;0.07932;10000;11416523517;B
20241113;114125;0.07932;10000;11416523540;B
20241113;114125;0.07932;10000;11416523603;B
20241113;114126;0.07932;10000;11416523623;B
20241113;114126;0.07932;10000;11416523657;B
20241113;114132;0.07932;10000;11416524004;B
20241113;114132;0.07932;240000;11416524005;B
20241113;114133;0.07932;10000;11416524074;B
20241113;114133;0.07932;10000;11416524090;B
20241113;114133;0.07932;10000;11416524135;B
20241113;114134;0.07932;10000;11416524142;B
20241113;114134;0.07932;10000;11416524152;B
20241113;114134;0.07932;10000;11416524172;B
20241113;114135;0.07932;10000;11416524191;B
20241113;114135;0.07932;10000;11416524220;B
20241113;114135;0.07932;10000;11416524280;B
20241113;114136;0.07932;10000;11416524303;B
20241113;114136;0.07932;10000;11416524326;B
20241113;114136;0.07932;10000;11416524333;B
20241113;114144;0.07932;250000;11416524890;B
20241113;114151;0.0793;20000;11416525501;S
20241113;114155;0.07932;10000;11416525785;B
20241113;114157;0.07932;150000;11416526032;B
20241113;114157;0.07934;100000;11416526033;B
20241113;114158;0.07932;80000;11416526058;S
20241113;114158;0.0793;120000;11416526062;S
20241113;114158;0.0793;470000;11416526063;S
20241113;114158;0.07934;10000;11416526094;B
20241113;114159;0.07934;10000;11416526149;B
20241113;114159;0.07934;10000;11416526166;B
20241113;114200;0.07934;10000;11416526196;B
20241113;114200;0.07934;10000;11416526259;B
20241113;114200;0.07934;610000;11416526260;B
20241113;114200;0.07934;10000;11416526261;B
20241113;114201;0.07936;10000;11416526295;B
20241113;114201;0.07936;10000;11416526328;B
20241113;114201;0.07936;10000;11416526371;B
20241113;114202;0.07936;10000;11416526448;B
20241113;114202;0.07936;10000;11416526467;B
20241113;114203;0.07936;10000;11416526493;B
20241113;114203;0.07936;10000;11416526516;B
20241113;114203;0.07936;10000;11416526563;B
20241113;114204;0.07936;10000;11416526575;B
20241113;114204;0.07936;10000;11416526596;B
20241113;114205;0.07936;10000;11416526624;B
20241113;114206;0.07934;10000;11416526804;S
20241113;114206;0.07936;50000;11416526819;B
20241113;114206;0.07936;150000;11416526820;B
20241113;114207;0.07936;10000;11416526884;B
20241113;114210;0.07934;10000;11416527094;B
20241113;114210;0.07936;240000;11416527095;B
20241113;114210;0.07936;160000;11416527102;B
20241113;114210;0.07936;210000;11416527103;B
20241113;114210;0.07938;10000;11416527104;B
20241113;114210;0.07938;210000;11416527105;B
20241113;114210;0.07938;70000;11416527106;B
20241113;114210;0.0794;10000;11416527107;B
20241113;114210;0.0794;10000;11416527108;B
20241113;114210;0.0794;320000;11416527109;B
20241113;114216;0.07936;10000;11416527652;B
20241113;114216;0.07936;10000;11416527658;B
20241113;114217;0.07936;10000;11416527668;B
20241113;114217;0.07936;10000;11416527692;B
20241113;114217;0.07936;10000;11416527714;B
20241113;114218;0.07936;10000;11416527732;B
20241113;114218;0.07936;10000;11416527755;B
20241113;114218;0.07936;10000;11416527797;B
20241113;114219;0.07936;10000;11416527821;B
20241113;114219;0.07936;10000;11416527841;B
20241113;114219;0.07936;10000;11416527849;B
20241113;114219;0.07936;10000;11416527858;B
20241113;114220;0.07936;10000;11416527870;B
20241113;114220;0.07936;10000;11416527880;B
20241113;114220;0.07936;10000;11416527943;B
20241113;114220;0.07936;10000;11416527975;B
20241113;114221;0.07936;10000;11416528015;B
20241113;114221;0.07936;10000;11416528033;B
20241113;114221;0.07936;10000;11416528067;B
20241113;114221;0.07936;10000;11416528078;B
20241113;114222;0.07936;10000;11416528089;B
20241113;114222;0.07936;10000;11416528115;B
20241113;114222;0.07936;10000;11416528132;B
20241113;114222;0.07936;10000;11416528145;B
20241113;114223;0.07936;10000;11416528177;B
20241113;114223;0.07936;10000;11416528188;B
20241113;114223;0.07936;50000;11416528196;B
20241113;114223;0.07936;200000;11416528197;B
20241113;114223;0.07936;10000;11416528206;B
20241113;114224;0.07936;10000;11416528293;B
20241113;114224;0.07936;10000;11416528479;B
20241113;114224;0.07936;10000;11416528501;B
20241113;114225;0.07936;10000;11416528524;B
20241113;114225;0.07932;10000;11416528541;S
20241113;114225;0.07932;10000;11416528542;S
20241113;114225;0.07932;10000;11416528543;S
20241113;114225;0.07928;470000;11416528544;S
20241113;114225;0.07936;10000;11416528547;B
20241113;114225;0.07936;10000;11416528576;B
20241113;114226;0.07936;10000;11416528627;B
20241113;114226;0.07936;10000;11416528642;B
20241113;114229;0.07936;10000;11416528900;S
20241113;114229;0.07936;10000;11416528901;S
20241113;114236;0.07936;250000;11416529523;B
20241113;114237;0.07936;10000;11416529649;B
20241113;114238;0.07936;10000;11416529669;B
20241113;114238;0.07936;10000;11416529680;B
20241113;114238;0.07936;10000;11416529700;B
20241113;114238;0.07936;10000;11416529708;B
20241113;114239;0.07936;10000;11416529718;B
20241113;114239;0.07936;10000;11416529756;B
20241113;114239;0.07936;10000;11416529771;B
20241113;114239;0.07936;10000;11416529784;B
20241113;114239;0.07936;10000;11416529798;B
20241113;114240;0.07936;10000;11416529807;B
20241113;114240;0.07936;10000;11416529837;B
20241113;114240;0.07936;10000;11416529859;B
20241113;114240;0.07936;10000;11416529866;B
20241113;114240;0.07936;10000;11416529869;B
20241113;114241;0.07936;10000;11416529875;B
20241113;114241;0.07936;10000;11416529883;B
20241113;114241;0.07936;10000;11416529889;B
20241113;114241;0.07936;10000;11416529911;B
20241113;114241;0.07936;10000;11416529934;B
20241113;114242;0.07936;10000;11416529949;B
20241113;114242;0.07936;10000;11416529958;B
20241113;114242;0.07936;10000;11416529978;B
20241113;114242;0.07936;10000;11416529997;B
20241113;114242;0.07936;10000;11416530025;B
20241113;114243;0.07936;10000;11416530034;B
20241113;114243;0.07936;10000;11416530040;B
20241113;114243;0.07936;10000;11416530045;B
20241113;114243;0.07936;10000;11416530089;B
20241113;114244;0.07936;10000;11416530111;B
20241113;114244;0.07936;10000;11416530128;B
20241113;114244;0.07936;10000;11416530132;B
20241113;114244;0.07936;10000;11416530153;B
20241113;114244;0.07936;10000;11416530167;B
20241113;114244;0.07936;10000;11416530172;B
20241113;114245;0.07936;10000;11416530188;B
20241113;114245;0.07936;10000;11416530212;B
20241113;114245;0.07936;10000;11416530227;B
20241113;114245;0.07938;10000;11416530231;B
20241113;114245;0.07938;10000;11416530248;B
20241113;114246;0.07938;10000;11416530254;B
20241113;114246;0.07938;10000;11416530261;B
20241113;114246;0.07938;10000;11416530280;B
20241113;114247;0.07938;10000;11416530397;B
20241113;114247;0.07938;10000;11416530406;B
20241113;114247;0.07938;10000;11416530421;B
20241113;114248;0.07938;10000;11416530440;B
20241113;114248;0.07938;10000;11416530451;B
20241113;114248;0.07938;910000;11416530464;B
20241113;114248;0.0794;180000;11416530465;B
20241113;114248;0.0794;320000;11416530466;B
20241113;114248;0.07942;90000;11416530467;B
20241113;114248;0.07942;10000;11416530468;B
20241113;114248;0.07936;70000;11416530476;S
20241113;114248;0.07936;10000;11416530477;S
20241113;114248;0.07942;10000;11416530485;B
20241113;114249;0.07942;250000;11416530498;B
20241113;114249;0.07942;10000;11416530502;B
20241113;114249;0.07942;10000;11416530520;B
20241113;114249;0.07942;10000;11416530531;B
20241113;114249;0.07942;10000;11416530544;B
20241113;114250;0.0794;10000;11416530563;B
20241113;114250;0.07942;10000;11416530597;B
20241113;114250;0.07942;10000;11416530618;B
20241113;114250;0.07942;10000;11416530625;B
20241113;114250;0.07942;10000;11416530632;B
20241113;114251;0.07942;10000;11416530655;B
20241113;114251;0.07942;10000;11416530690;B
20241113;114251;0.07942;10000;11416530724;B
20241113;114251;0.07942;10000;11416530770;B
20241113;114252;0.07942;10000;11416530794;B
20241113;114252;0.07942;500000;11416530799;B
20241113;114252;0.07942;10000;11416530802;B
20241113;114252;0.07942;10000;11416530807;B
20241113;114252;0.07942;10000;11416530810;B
20241113;114252;0.07942;10000;11416530824;B
20241113;114253;0.07942;10000;11416530830;B
20241113;114253;0.07942;10000;11416530838;B
20241113;114253;0.07942;10000;11416530845;B
20241113;114253;0.07942;10000;11416530852;B
20241113;114253;0.07942;10000;11416530859;B
20241113;114253;0.07942;10000;11416530869;B
20241113;114253;0.0794;50000;11416530871;S
20241113;114254;0.07942;10000;11416530879;B
20241113;114254;0.07942;10000;11416530891;B
20241113;114254;0.07942;10000;11416530909;B
20241113;114254;0.0794;10000;11416530919;S
20241113;114254;0.0794;90000;11416530920;S
20241113;114254;0.07942;10000;11416530923;B
20241113;114254;0.07942;10000;11416530932;B
20241113;114254;0.07942;10000;11416530939;B
20241113;114255;0.07942;10000;11416530947;B
20241113;114255;0.07942;10000;11416530960;B
20241113;114255;0.07942;10000;11416530980;B
20241113;114255;0.07942;10000;11416530992;B
20241113;114255;0.07942;10000;11416531036;B
20241113;114256;0.07942;10000;11416531039;B
20241113;114256;0.07942;10000;11416531047;B
20241113;114256;0.07942;10000;11416531098;B
20241113;114256;0.07944;10000;11416531134;B
20241113;114256;0.07944;10000;11416531153;B
20241113;114256;0.07944;10000;11416531176;B
20241113;114257;0.07944;10000;11416531189;B
20241113;114257;0.07944;10000;11416531196;B
20241113;114257;0.07944;10000;11416531204;B
20241113;114257;0.07944;10000;11416531218;B
20241113;114257;0.07944;10000;11416531230;B
20241113;114257;0.07944;10000;11416531240;B
20241113;114300;0.07944;10000;11416531352;B
20241113;114300;0.07944;500000;11416531353;B
20241113;114300;0.07944;50000;11416531354;B
20241113;114300;0.07944;260000;11416531355;B
20241113;114300;0.07944;10000;11416531356;B
20241113;114301;0.07944;60000;11416531512;B
20241113;114301;0.07944;10000;11416531513;B
20241113;114301;0.07946;180000;11416531514;B
20241113;114303;0.07944;10000;11416531649;B
20241113;114303;0.07944;10000;11416531654;B
20241113;114303;0.07944;10000;11416531675;B
20241113;114303;0.07944;10000;11416531692;B
20241113;114314;0.07944;20000;11416532501;B
20241113;114314;0.07946;230000;11416532502;B
20241113;114314;0.07942;10000;11416532506;S
20241113;114314;0.07942;90000;11416532507;S
20241113;114319;0.07944;10000;11416533020;B
20241113;114319;0.07944;10000;11416533033;B
20241113;114322;0.07944;10000;11416533599;S
20241113;114322;0.07942;30000;11416533600;S
20241113;114326;0.07946;10000;11416534461;B
20241113;114327;0.07946;80000;11416534517;B
20241113;114327;0.07946;40000;11416534518;B
20241113;114327;0.07946;250000;11416534534;B
20241113;114328;0.07946;150000;11416534875;B
20241113;114328;0.07944;10000;11416534929;S
20241113;114328;0.07944;10000;11416534930;S
20241113;114328;0.07942;150000;11416534931;S
20241113;114328;0.07942;90000;11416534932;S
20241113;114328;0.0794;240000;11416534933;S
20241113;114340;0.07944;10000;11416536861;B
20241113;114340;0.07944;240000;11416536862;B
20241113;114342;0.07944;10000;11416537105;B
20241113;114353;0.07944;250000;11416538490;B
20241113;114404;0.07944;10000;11416539606;B
20241113;114405;0.07944;250000;11416539681;B
20241113;114406;0.07944;10000;11416539770;B
20241113;114406;0.07944;10000;11416539772;B
20241113;114406;0.07944;10000;11416539802;B
20241113;114407;0.07944;10000;11416539888;B
20241113;114408;0.07944;10000;11416539910;B
20241113;114415;0.07944;10000;11416540689;B
20241113;114418;0.07944;30000;11416540855;B
20241113;114418;0.07946;10000;11416540856;B
20241113;114418;0.07946;10000;11416540857;B
20241113;114418;0.07946;200000;11416540858;B
20241113;114419;0.07942;10000;11416540891;S
20241113;114427;0.07942;70000;11416542093;S
20241113;114431;0.07946;250000;11416542981;B
20241113;114444;0.07946;450000;11416545147;B
20241113;114444;0.07946;100000;11416545156;B
20241113;114444;0.07946;10000;11416545157;B
20241113;114444;0.07946;140000;11416545158;B
20241113;114457;0.07946;250000;11416546312;B
20241113;114457;0.07946;150000;11416546327;B
20241113;114509;0.07946;10000;11416547521;B
20241113;114509;0.07946;10000;11416547522;B
20241113;114509;0.07946;40000;11416547523;B
20241113;114509;0.07948;190000;11416547524;B
20241113;114516;0.07944;10000;11416548164;S
20241113;114516;0.07944;50000;11416548165;S
20241113;114520;0.07944;250000;11416548564;S
20241113;114520;0.07944;100000;11416548565;S
20241113;114520;0.07942;180000;11416548566;S
20241113;114522;0.07946;20000;11416548766;B
20241113;114522;0.07946;50000;11416548767;B
20241113;114522;0.07946;180000;11416548768;B
20241113;114524;0.07946;200000;11416549025;B
20241113;114524;0.07946;10000;11416549026;B
20241113;114524;0.07946;10000;11416549027;B
20241113;114524;0.07948;50000;11416549028;B
20241113;114533;0.07942;130000;11416550685;S
20241113;114533;0.07946;10000;11416550786;B
20241113;114533;0.07946;10000;11416550787;B
20241113;114533;0.07946;250000;11416550788;B
20241113;114535;0.07948;250000;11416551118;B
20241113;114548;0.07948;250000;11416552740;B
20241113;114557;0.07948;10000;11416553499;B
20241113;114559;0.07948;350000;11416553680;B
20241113;114601;0.07948;150000;11416553830;B
20241113;114601;0.07948;60000;11416553831;B
20241113;114601;0.0795;30000;11416553832;B
20241113;114601;0.0795;10000;11416553833;B
20241113;114613;0.0795;90000;11416555001;B
20241113;114613;0.0795;160000;11416555002;B
20241113;114625;0.07946;10000;11416555963;S
20241113;114626;0.0795;240000;11416556016;B
20241113;114626;0.0795;10000;11416556017;B
20241113;114629;0.0795;20000;11416556255;B
20241113;114629;0.0795;30000;11416556256;B
20241113;114639;0.0795;250000;11416556943;B
20241113;114652;0.0795;20000;11416559290;B
20241113;114652;0.07952;230000;11416559291;B
20241113;114652;0.0795;10000;11416559315;B
20241113;114652;0.07952;240000;11416559316;B
20241113;114702;0.07952;90000;11416562148;B
20241113;114705;0.07952;140000;11416562610;B
20241113;114705;0.07952;80000;11416562611;B
20241113;114705;0.07952;10000;11416562612;B
20241113;114705;0.07952;20000;11416562613;B
20241113;114717;0.07952;160000;11416564304;B
20241113;114717;0.07952;80000;11416564305;B
20241113;114717;0.07954;10000;11416564306;B
20241113;114730;0.07952;250000;11416565408;B
20241113;114733;0.07952;100000;11416565662;B
20241113;114733;0.07952;100000;11416565663;B
20241113;114733;0.07952;100000;11416565664;B
20241113;114733;0.07952;100000;11416565665;B
20241113;114733;0.07952;100000;11416565666;B
20241113;114733;0.07952;10000;11416565667;B
20241113;114743;0.07954;10000;11416566546;B
20241113;114743;0.07956;80000;11416566547;B
20241113;114743;0.07956;10000;11416566548;B
20241113;114743;0.07956;150000;11416566549;B
20241113;114749;0.07952;10000;11416567010;S
20241113;114756;0.07954;20000;11416567549;B
20241113;114756;0.07956;100000;11416567550;B
20241113;114756;0.07956;10000;11416567551;B
20241113;114756;0.07956;10000;11416567552;B
20241113;114756;0.07958;50000;11416567553;B
20241113;114756;0.07958;60000;11416567554;B
20241113;114756;0.07952;30000;11416567562;S
20241113;114756;0.07952;20000;11416567563;S
20241113;114801;0.07958;40000;11416568048;B
20241113;114802;0.07958;90000;11416568226;B
20241113;114806;0.07958;40000;11416568728;B
20241113;114809;0.07956;250000;11416569040;B
20241113;114816;0.07956;50000;11416569782;B
20241113;114819;0.07956;100000;11416570037;B
20241113;114820;0.07956;70000;11416570178;B
20241113;114821;0.07956;100000;11416570416;B
20241113;114821;0.07956;130000;11416570456;B
20241113;114821;0.07958;120000;11416570457;B
20241113;114822;0.07958;50000;11416570622;B
20241113;114822;0.07958;10000;11416570623;B
20241113;114822;0.07958;10000;11416570624;B
20241113;114830;0.07958;10000;11416571329;B
20241113;114834;0.07958;20000;11416572031;B
20241113;114834;0.07958;20000;11416572032;B
20241113;114834;0.07958;100000;11416572033;B
20241113;114834;0.07958;110000;11416572034;B
20241113;114847;0.07958;250000;11416573235;B
20241113;114848;0.07954;50000;11416573371;S
20241113;114900;0.07954;110000;11416575734;B
20241113;114900;0.07954;140000;11416575735;B
20241113;114912;0.0795;80000;11416577113;S
20241113;114912;0.0795;130000;11416577114;S
20241113;114913;0.0795;250000;11416577196;B
20241113;114919;0.0795;40000;11416577757;B
20241113;114919;0.07954;10000;11416577758;B
20241113;114925;0.07954;60000;11416578158;B
20241113;114925;0.07954;50000;11416578159;B
20241113;114925;0.07956;140000;11416578160;B
20241113;114929;0.07946;30000;11416578378;S
20241113;114929;0.07946;50000;11416578379;S
20241113;114929;0.07946;20000;11416578380;S
20241113;114929;0.07946;400000;11416578381;S
20241113;114938;0.07954;250000;11416579343;B
20241113;114951;0.07954;200000;11416582301;B
20241113;114951;0.07954;50000;11416582302;B
20241113;114951;0.07954;150000;11416582468;B
20241113;114956;0.07954;100000;11416583656;B
20241113;115004;0.07954;200000;11416585685;B
20241113;115004;0.07956;50000;11416585686;B
20241113;115015;0.0795;100000;11416587274;S
20241113;115015;0.0795;50000;11416587275;S
20241113;115017;0.0795;100000;11416587613;B
20241113;115017;0.07952;60000;11416587614;B
20241113;115017;0.07954;50000;11416587615;B
20241113;115017;0.07954;40000;11416587616;B
20241113;115030;0.07956;50000;11416589229;B
20241113;115030;0.07958;200000;11416589230;B
20241113;115042;0.07956;30000;11416590328;B
20241113;115042;0.07956;50000;11416590329;B
20241113;115042;0.07958;50000;11416590330;B
20241113;115042;0.07958;120000;11416590331;B
20241113;115045;0.07956;10000;11416590611;B
20241113;115045;0.07954;10000;11416590615;B
20241113;115045;0.07956;10000;11416590617;B
20241113;115045;0.07958;10000;11416590619;B
20241113;115045;0.07958;10000;11416590621;B
20241113;115045;0.07958;10000;11416590679;B
20241113;115045;0.07958;10000;11416590689;B
20241113;115055;0.07956;10000;11416591820;B
20241113;115055;0.07958;240000;11416591821;B
20241113;115059;0.07958;80000;11416592416;B
20241113;115059;0.07958;500000;11416592417;B
20241113;115059;0.07958;240000;11416592418;B
20241113;115100;0.07958;10000;11416592613;S
20241113;115108;0.0796;250000;11416593294;B
20241113;115113;0.0796;750000;11416593938;B
20241113;115113;0.0796;20000;11416593939;B
20241113;115113;0.0796;400000;11416593940;B
20241113;115113;0.0796;10000;11416593941;B
20241113;115113;0.0796;1000000;11416593942;B
20241113;115113;0.0796;1000000;11416593943;B
20241113;115116;0.0796;10000;11416594288;S
20241113;115121;0.07962;50000;11416595134;B
20241113;115121;0.07964;10000;11416595135;B
20241113;115121;0.07964;10000;11416595136;B
20241113;115121;0.07964;100000;11416595137;B
20241113;115121;0.07964;80000;11416595138;B
20241113;115126;0.0796;70000;11416595676;S
20241113;115134;0.07964;10000;11416596293;B
20241113;115134;0.07964;240000;11416596294;B
20241113;115144;0.0796;30000;11416597313;S
20241113;115146;0.07964;120000;11416597691;B
20241113;115146;0.07964;130000;11416597692;B
20241113;115159;0.07964;230000;11416598840;B
20241113;115159;0.07964;20000;11416598841;B
20241113;115212;0.07964;250000;11416599825;B
20241113;115225;0.07964;250000;11416600783;B
20241113;115231;0.0796;40000;11416601163;S
20241113;115238;0.07964;200000;11416601689;B
20241113;115238;0.07964;50000;11416601690;B
20241113;115250;0.07964;250000;11416603054;B
20241113;115303;0.07964;250000;11416604054;B
20241113;115313;0.07964;170000;11416604986;B
20241113;115313;0.07964;330000;11416604987;B
20241113;115316;0.07964;170000;11416605216;B
20241113;115316;0.07964;10000;11416605217;B
20241113;115316;0.07966;70000;11416605218;B
20241113;115324;0.0796;60000;11416606092;S
20241113;115325;0.07964;100000;11416606150;B
20241113;115329;0.07964;250000;11416606523;B
20241113;115333;0.0796;1610000;11416607111;S
20241113;115333;0.0796;1500000;11416607112;S
20241113;115340;0.07958;250000;11416607676;S
20241113;115340;0.07958;250000;11416607699;S
20241113;115340;0.07958;60000;11416607700;S
20241113;115340;0.07948;10000;11416607719;S
20241113;115340;0.07948;60000;11416607720;S
20241113;115340;0.07946;330000;11416607721;S
20241113;115341;0.07946;170000;11416607784;S
20241113;115341;0.07946;140000;11416607785;S
20241113;115342;0.07954;230000;11416607856;B
20241113;115342;0.07954;20000;11416607857;B
20241113;115353;0.07944;110000;11416608699;S
20241113;115354;0.07954;250000;11416608825;B
20241113;115359;0.07946;150000;11416609160;S
20241113;115359;0.07946;2270000;11416609161;S
20241113;115359;0.07946;540000;11416609162;S
20241113;115400;0.07946;130000;11416609334;B
20241113;115405;0.07944;330000;11416609703;S
20241113;115407;0.07946;250000;11416609830;B
20241113;115420;0.07946;250000;11416610987;B
20241113;115424;0.07946;100000;11416611394;B
20241113;115426;0.07944;60000;11416611522;S
20241113;115426;0.07944;50000;11416611523;S
20241113;115426;0.07944;200000;11416611554;S
20241113;115426;0.07944;10000;11416611555;S
20241113;115433;0.07944;250000;11416612155;B
20241113;115446;0.07944;250000;11416614621;B
20241113;115446;0.07944;300000;11416614713;B
20241113;115448;0.07942;20000;11416614996;S
20241113;115449;0.07942;30000;11416615249;S
20241113;115449;0.07942;320000;11416615250;S
20241113;115449;0.07942;150000;11416615369;B
20241113;115449;0.07942;90000;11416615370;B
20241113;115449;0.07944;380000;11416615371;B
20241113;115454;0.07944;10000;11416616335;B
20241113;115454;0.07944;40000;11416616336;B
20241113;115454;0.07944;90000;11416616430;B
20241113;115458;0.07944;70000;11416617259;B
20241113;115458;0.07944;40000;11416617260;B
20241113;115458;0.07944;180000;11416617312;B
20241113;115458;0.07946;70000;11416617313;B
20241113;115458;0.07944;70000;11416617315;B
20241113;115459;0.07944;20000;11416617518;B
20241113;115500;0.07944;10000;11416617736;B
20241113;115509;0.07942;10000;11416619350;S
20241113;115511;0.07942;250000;11416619783;B
20241113;115517;0.07942;1000000;11416620448;B
20241113;115519;0.07942;10000;11416620826;B
20241113;115524;0.07942;250000;11416621340;B
20241113;115528;0.0794;50000;11416621645;S
20241113;115528;0.07938;470000;11416621646;S
20241113;115528;0.07936;500000;11416621647;S
20241113;115528;0.07936;500000;11416621648;S
20241113;115528;0.07934;20000;11416621649;S
20241113;115528;0.07934;960000;11416621650;S
20241113;115528;0.07934;500000;11416621651;S
20241113;115536;0.07934;70000;11416622240;S
20241113;115537;0.07938;250000;11416622308;B
20241113;115540;0.07934;170000;11416622498;S
20241113;115540;0.07934;160000;11416622499;S
20241113;115546;0.07934;120000;11416622954;S
20241113;115550;0.07934;250000;11416623200;B
20241113;115550;0.07934;100000;11416623211;B
20241113;115602;0.07938;70000;11416624229;B
20241113;115602;0.0794;180000;11416624230;B
20241113;115606;0.0794;320000;11416624496;B
20241113;115606;0.0794;480000;11416624497;B
20241113;115606;0.07942;700000;11416624498;B
20241113;115615;0.07942;10000;11416625331;B
20241113;115615;0.07942;10000;11416625362;B
20241113;115615;0.07942;250000;11416625373;B
20241113;115616;0.07942;10000;11416625433;B
20241113;115616;0.07942;10000;11416625454;B
20241113;115617;0.07942;10000;11416625475;B
20241113;115620;0.07942;10000;11416625696;B
20241113;115620;0.07942;10000;11416625711;B
20241113;115620;0.07942;2460000;11416625713;B
20241113;115621;0.07944;10000;11416625761;B
20241113;115621;0.07944;10000;11416625770;B
20241113;115628;0.07954;170000;11416626396;B
20241113;115628;0.07956;80000;11416626397;B
20241113;115634;0.07956;10000;11416627256;B
20241113;115634;0.07952;10000;11416627327;S
20241113;115634;0.07948;80000;11416627328;S
20241113;115634;0.07956;160000;11416627503;B
20241113;115635;0.07956;80000;11416627696;B
20241113;115635;0.07958;10000;11416627739;B
20241113;115635;0.07958;60000;11416627757;B
20241113;115636;0.07958;20000;11416627846;B
20241113;115636;0.07958;60000;11416627907;B
20241113;115636;0.07958;120000;11416628010;B
20241113;115636;0.07958;20000;11416628102;B
20241113;115636;0.07958;110000;11416628191;B
20241113;115636;0.07958;20000;11416628221;B
20241113;115637;0.07958;10000;11416628305;B
20241113;115637;0.07958;100000;11416628416;B
20241113;115637;0.07958;10000;11416628481;B
20241113;115637;0.07958;30000;11416628540;B
20241113;115638;0.07958;10000;11416628684;B
20241113;115641;0.07958;140000;11416629265;B
20241113;115641;0.07958;110000;11416629266;B
20241113;115644;0.07958;10000;11416629662;B
20241113;115644;0.07958;40000;11416629734;B
20241113;115645;0.07958;10000;11416629855;B
20241113;115654;0.07958;50000;11416630767;B
20241113;115654;0.07958;30000;11416630768;B
20241113;115654;0.07958;170000;11416630769;B
20241113;115706;0.07958;250000;11416632380;B
20241113;115719;0.07958;250000;11416634526;B
20241113;115725;0.07958;120000;11416636083;B
20241113;115731;0.07958;30000;11416638062;B
20241113;115732;0.07958;250000;11416638276;B
20241113;115735;0.07956;80000;11416639023;S
20241113;115745;0.07956;30000;11416640827;B
20241113;115745;0.07958;220000;11416640828;B
20241113;115758;0.07958;250000;11416643039;B
20241113;115811;0.07958;250000;11416646881;B
20241113;115814;0.07956;10000;11416648094;S
20241113;115814;0.07956;10000;11416648095;S
20241113;115814;0.07956;400000;11416648096;S
20241113;115814;0.07954;140000;11416648097;S
20241113;115814;0.07954;80000;11416648098;S
20241113;115814;0.07952;80000;11416648099;S
20241113;115814;0.0795;10000;11416648100;S
20241113;115814;0.0795;270000;11416648101;S
20241113;115815;0.07956;10000;11416648510;B
20241113;115819;0.07956;10000;11416649744;S
20241113;115822;0.07958;100000;11416650331;B
20241113;115823;0.07958;110000;11416650669;B
20241113;115823;0.07958;140000;11416650670;B
20241113;115836;0.07958;220000;11416654550;B
20241113;115836;0.07958;30000;11416654551;B
20241113;115849;0.07958;250000;11416658664;B
20241113;115859;0.07956;240000;11416661313;S
20241113;115859;0.07956;10000;11416661314;S
20241113;115859;0.0795;530000;11416661315;S
20241113;115859;0.07948;220000;11416661316;S
20241113;115902;0.07958;80000;11416662167;B
20241113;115902;0.07958;10000;11416662168;B
20241113;115902;0.07958;160000;11416662169;B
20241113;115906;0.07956;270000;11416663117;B
20241113;115906;0.07958;200000;11416663118;B
20241113;115906;0.07958;360000;11416663119;B
20241113;115906;0.0796;80000;11416663120;B
20241113;115910;0.07958;50000;11416664258;B
20241113;115915;0.07958;80000;11416665359;B
20241113;115915;0.07958;170000;11416665360;B
20241113;115927;0.07958;190000;11416667984;B
20241113;115927;0.07958;60000;11416667985;B
20241113;115940;0.07958;10000;11416671335;B
20241113;115940;0.07958;240000;11416671336;B
20241113;115942;0.07952;10000;11416671967;S
20241113;115942;0.0795;20000;11416671968;S
20241113;115942;0.07948;120000;11416671969;S
20241113;115944;0.0795;50000;11416672402;S
20241113;115953;0.07956;30000;11416675305;B
20241113;115953;0.07958;120000;11416675306;B
20241113;115953;0.07958;100000;11416675307;B
20241113;120006;0.07956;20000;11416679583;B
20241113;120006;0.07958;230000;11416679584;B
20241113;120006;0.07956;10000;11416679628;B
20241113;120006;0.07958;30000;11416679629;B
20241113;120006;0.07958;20000;11416679630;B
20241113;120006;0.0796;940000;11416679709;B
20241113;120006;0.0796;960000;11416679770;B
20241113;120007;0.0796;1250000;11416679947;B
20241113;120007;0.0796;60000;11416680056;B
20241113;120009;0.0796;250000;11416680360;B
20241113;120009;0.07962;80000;11416680361;B
20241113;120009;0.07962;100000;11416680362;B
20241113;120009;0.07964;100000;11416680363;B
20241113;120009;0.07964;20000;11416680364;B
20241113;120009;0.07964;1900000;11416680365;B
20241113;120017;0.07964;400000;11416682846;B
20241113;120017;0.07964;100000;11416682847;B
20241113;120019;0.07964;50000;11416683133;B
20241113;120019;0.07966;40000;11416683134;B
20241113;120019;0.07966;10000;11416683135;B
20241113;120019;0.07966;50000;11416683136;B
20241113;120019;0.07966;100000;11416683137;B
20241113;120021;0.07966;10000;11416683883;B
20241113;120021;0.07966;80000;11416683884;B
20241113;120021;0.07966;60000;11416683885;B
20241113;120031;0.07966;80000;11416686071;B
20241113;120031;0.07966;10000;11416686072;B
20241113;120031;0.07966;160000;11416686073;B
20241113;120044;0.07966;10000;11416688506;B
20241113;120044;0.07966;240000;11416688507;B
20241113;120057;0.07968;10000;11416690665;B
20241113;120057;0.07968;240000;11416690666;B
20241113;120057;0.07968;500000;11416690733;B
20241113;120110;0.07966;20000;11416692504;B
20241113;120110;0.07968;230000;11416692505;B
20241113;120123;0.07968;250000;11416695212;B
20241113;120133;0.07966;300000;11416697468;B
20241113;120133;0.07968;20000;11416697469;B
20241113;120135;0.07968;250000;11416697860;B
20241113;120137;0.07968;1000000;11416698159;B
20241113;120147;0.07968;100000;11416699632;B
20241113;120148;0.07968;250000;11416699808;B
20241113;120154;0.0796;150000;11416700581;S
20241113;120159;0.0796;100000;11416701557;S
20241113;120201;0.07966;70000;11416701801;B
20241113;120201;0.07966;180000;11416701802;B
20241113;120214;0.07966;90000;11416703527;B
20241113;120214;0.07966;10000;11416703528;B
20241113;120214;0.07966;150000;11416703529;B
20241113;120215;0.07958;100000;11416703618;S
20241113;120227;0.07962;250000;11416704851;B
20241113;120239;0.0796;40000;11416706280;B
20241113;120239;0.07964;110000;11416706281;B
20241113;120239;0.07964;100000;11416706282;B
20241113;120244;0.07962;150000;11416706778;B
20241113;120244;0.07964;20000;11416706779;B
20241113;120244;0.07964;580000;11416706780;B
20241113;120244;0.07966;19250000;11416706781;B
20241113;120244;0.07966;600000;11416706782;B
20241113;120244;0.07968;180000;11416706783;B
20241113;120252;0.07966;10000;11416707490;B
20241113;120252;0.07968;240000;11416707491;B
20241113;120259;0.07966;10000;11416708061;B
20241113;120259;0.07968;1740000;11416708062;B
20241113;120259;0.07968;20000;11416708063;B
20241113;120259;0.07968;1000000;11416708064;B
20241113;120259;0.0797;50000;11416708065;B
20241113;120259;0.0797;750000;11416708066;B
20241113;120259;0.0797;10000;11416708067;B
20241113;120259;0.0797;330000;11416708068;B
20241113;120259;0.07972;10000;11416708069;B
20241113;120259;0.07972;1250000;11416708070;B
20241113;120259;0.07972;100000;11416708071;B
20241113;120259;0.07972;330000;11416708072;B
20241113;120259;0.07974;10000;11416708073;B
20241113;120259;0.07974;400000;11416708074;B
20241113;120259;0.07974;100000;11416708075;B
20241113;120259;0.07974;300000;11416708076;B
20241113;120259;0.07974;210000;11416708077;B
20241113;120259;0.07976;70000;11416708078;B
20241113;120259;0.07976;10000;11416708079;B
20241113;120259;0.07976;10000;11416708080;B
20241113;120259;0.07976;70000;11416708081;B
20241113;120259;0.07976;1220000;11416708082;B
20241113;120305;0.07968;10000;11416709649;S
20241113;120305;0.0797;200000;11416709695;B
20241113;120305;0.07972;10000;11416709696;B
20241113;120305;0.07974;40000;11416709697;B
20241113;120318;0.07974;10000;11416712730;B
20241113;120318;0.07974;10000;11416712731;B
20241113;120318;0.07976;20000;11416712732;B
20241113;120318;0.07976;80000;11416712733;B
20241113;120318;0.07976;130000;11416712734;B
20241113;120329;0.07974;10000;11416714434;B
20241113;120329;0.07974;40000;11416714435;B
20241113;120331;0.07976;250000;11416714591;B
20241113;120343;0.07974;10000;11416715695;B
20241113;120343;0.07974;240000;11416715696;B
20241113;120356;0.07966;10000;11416716954;S
20241113;120356;0.07966;110000;11416716955;S
20241113;120356;0.07964;500000;11416716956;S
20241113;120356;0.07964;50000;11416716957;S
20241113;120356;0.07972;20000;11416716969;B
20241113;120356;0.07974;160000;11416716970;B
20241113;120356;0.07974;10000;11416716971;B
20241113;120356;0.07974;60000;11416716972;B
20241113;120406;0.07968;10000;11416717984;S
20241113;120406;0.07966;70000;11416717985;S
20241113;120409;0.07972;20000;11416718473;B
20241113;120409;0.07972;10000;11416718474;B
20241113;120409;0.07974;940000;11416718475;B
20241113;120409;0.07974;10000;11416718476;B
20241113;120409;0.07974;70000;11416718477;B
20241113;120409;0.07976;870000;11416718478;B
20241113;120409;0.07976;200000;11416718479;B
