<DATE>;<TIME>;<LAST>;<VOL>;<ID>;<OPER>
20241112;095941;0.08046;100000;11410255972;S
20241112;095941;0.08046;20000;11410255973;S
20241112;095941;0.08046;10000;11410255974;S
20241112;095941;0.08046;10000;11410255975;S
20241112;095941;0.08046;10000;11410255976;S
20241112;095941;0.08046;10000;11410255977;S
20241112;095941;0.08046;10000;11410255978;B
20241112;100000;0.08044;80000;11410259673;S
20241112;100000;0.08042;400000;11410259707;S
20241112;100000;0.08042;400000;11410259836;S
20241112;100000;0.08042;130000;11410259846;S
20241112;100000;0.0804;400000;11410259851;S
20241112;100000;0.0804;400000;11410259854;S
20241112;100000;0.0804;400000;11410259859;S
20241112;100000;0.08044;10000;11410259939;B
20241112;100004;0.0804;180000;11410262275;S
20241112;100005;0.0804;620000;11410263587;S
20241112;100005;0.08044;10000;11410264181;B
20241112;100005;0.08044;30000;11410265289;B
20241112;100006;0.0804;10000;11410265506;S
20241112;100006;0.0804;30000;11410267021;S
20241112;100009;0.08044;250000;11410272085;B
20241112;100010;0.0804;440000;11410272263;S
20241112;100010;0.0804;20000;11410272264;S
20241112;100029;0.08036;10000;11410280790;S
20241112;100029;0.08034;10000;11410280791;S
20241112;100029;0.08034;420000;11410280792;S
20241112;100029;0.08034;10000;11410280793;S
20241112;100029;0.08032;190000;11410280794;S
20241112;100029;0.08032;70000;11410280795;S
20241112;100029;0.0803;100000;11410280796;S
20241112;100029;0.0803;10000;11410280797;S
20241112;100029;0.0803;180000;11410280798;S
20241112;100032;0.08028;10000;11410282128;S
20241112;100032;0.08026;10000;11410282129;S
20241112;100032;0.0802;10000;11410282130;S
20241112;100032;0.0802;70000;11410282131;S
20241112;100032;0.0802;130000;11410282132;S
20241112;100032;0.08018;330000;11410282133;S
20241112;100032;0.08018;130000;11410282134;S
20241112;100032;0.08016;10000;11410282135;S
20241112;100032;0.08016;300000;11410282136;S
20241112;100033;0.08014;500000;11410282392;S
20241112;100045;0.08014;20000;11410285727;S
20241112;100055;0.0802;10000;11410288470;B
20241112;100100;0.08016;40000;11410289980;S
20241112;100101;0.08016;80000;11410290290;S
20241112;100101;0.08014;480000;11410290291;S
20241112;100101;0.08014;900000;11410290292;S
20241112;100101;0.08014;140000;11410290293;S
20241112;100101;0.08012;400000;11410290294;S
20241112;100101;0.08012;140000;11410290295;S
20241112;100101;0.0801;10000;11410290296;S
20241112;100101;0.08006;10000;11410290297;S
20241112;100101;0.08006;100000;11410290298;S
20241112;100101;0.08006;400000;11410290299;S
20241112;100101;0.08006;100000;11410290300;S
20241112;100101;0.08006;500000;11410290301;S
20241112;100101;0.08004;510000;11410290302;S
20241112;100101;0.08002;10000;11410290303;S
20241112;100101;0.08002;400000;11410290304;S
20241112;100101;0.08;40000;11410290305;S
20241112;100101;0.08;100000;11410290306;S
20241112;100101;0.08;10000;11410290307;S
20241112;100101;0.08;300000;11410290308;S
20241112;100101;0.08;300000;11410290309;S
20241112;100101;0.08;210000;11410290310;S
20241112;100101;0.08;40000;11410290311;S
20241112;100101;0.08;1240000;11410290312;S
20241112;100101;0.07998;500000;11410290313;S
20241112;100101;0.07998;1260000;11410290314;S
20241112;100101;0.07996;10000;11410290315;S
20241112;100101;0.07992;240000;11410290316;S
20241112;100101;0.07992;800000;11410290317;S
20241112;100101;0.0799;10000;11410290318;S
20241112;100101;0.0799;4000000;11410290319;S
20241112;100102;0.08002;10000;11410290448;S
20241112;100102;0.08004;150000;11410290609;S
20241112;100103;0.08004;140000;11410290750;S
20241112;100103;0.08004;10000;11410290777;S
20241112;100103;0.08004;10000;11410290780;S
20241112;100103;0.08004;20000;11410290883;S
20241112;100104;0.08004;10000;11410291133;S
20241112;100105;0.08006;100000;11410291478;B
20241112;100108;0.08004;120000;11410292067;S
20241112;100108;0.08004;60000;11410292068;S
20241112;100108;0.08002;500000;11410292069;S
20241112;100108;0.08002;130000;11410292070;S
20241112;100108;0.08;190000;11410292071;S
20241112;100108;0.08006;10000;11410292082;B
20241112;100108;0.08006;10000;11410292083;B
20241112;100108;0.08008;480000;11410292084;B
20241112;100116;0.08004;30000;11410294358;B
20241112;100116;0.08004;370000;11410294359;B
20241112;100116;0.08004;30000;11410294360;B
20241112;100122;0.08002;10000;11410296290;S
20241112;100122;0.08;120000;11410296291;S
20241112;100122;0.08;100000;11410296292;S
20241112;100122;0.07998;400000;11410296293;S
20241112;100122;0.0799;100000;11410296294;S
20241112;100122;0.07988;400000;11410296295;S
20241112;100122;0.07988;170000;11410296296;S
20241112;100136;0.07996;90000;11410301095;B
20241112;100141;0.07992;40000;11410302596;S
20241112;100141;0.0799;70000;11410302597;S
20241112;100141;0.0799;40000;11410302598;S
20241112;100141;0.07988;350000;11410302599;B
20241112;100146;0.07996;210000;11410304822;B
20241112;100146;0.07998;310000;11410304823;B
20241112;100146;0.08;190000;11410304824;B
20241112;100149;0.08004;50000;11410305876;B
20241112;100149;0.08004;30000;11410305877;B
20241112;100153;0.08004;70000;11410307713;S
20241112;100159;0.08004;100000;11410309388;S
20241112;100159;0.08;140000;11410309389;B
20241112;100200;0.08;120000;11410309730;B
20241112;100200;0.08;90000;11410309954;B
20241112;100200;0.08;190000;11410309985;B
20241112;100201;0.08;20000;11410310512;B
20241112;100201;0.08;10000;11410310630;B
20241112;100201;0.08;160000;11410310747;B
20241112;100201;0.08;170000;11410310763;B
20241112;100201;0.08;50000;11410310815;S
20241112;100205;0.08004;10000;11410312307;S
20241112;100205;0.08004;40000;11410312308;S
20241112;100208;0.08004;70000;11410313321;S
20241112;100208;0.08004;10000;11410313322;S
20241112;100208;0.08;60000;11410313485;S
20241112;100209;0.07998;140000;11410313625;S
20241112;100209;0.07998;30000;11410313626;B
20241112;100211;0.08;110000;11410314177;B
20241112;100211;0.08002;170000;11410314178;B
20241112;100211;0.08004;90000;11410314179;B
20241112;100211;0.08004;90000;11410314180;B
20241112;100214;0.08006;20000;11410315044;B
20241112;100214;0.08006;70000;11410315080;B
20241112;100218;0.08004;160000;11410316136;S
20241112;100218;0.08002;90000;11410316137;S
20241112;100218;0.08;90000;11410316138;S
20241112;100219;0.08;10000;11410316470;B
20241112;100220;0.08;10000;11410316760;B
20241112;100221;0.08;10000;11410316964;B
20241112;100224;0.07996;20000;11410317744;S
20241112;100225;0.08;300000;11410317910;B
20241112;100228;0.08;90000;11410318721;B
20241112;100233;0.08;220000;11410319895;B
20241112;100233;0.08;10000;11410319939;B
20241112;100233;0.08002;60000;11410319940;B
20241112;100233;0.08002;80000;11410320031;B
20241112;100234;0.07998;10000;11410320230;S
20241112;100236;0.08;70000;11410320677;B
20241112;100236;0.08002;10000;11410320757;B
20241112;100239;0.08002;30000;11410321581;S
20241112;100253;0.08002;80000;11410324332;S
20241112;100254;0.08;10000;11410324359;S
20241112;100254;0.08;80000;11410324360;S
20241112;100254;0.07998;120000;11410324375;S
20241112;100258;0.08002;10000;11410325397;S
20241112;100300;0.08004;220000;11410325768;B
20241112;100300;0.08004;180000;11410325817;B
20241112;100300;0.08004;40000;11410325818;B
20241112;100300;0.08004;120000;11410325908;B
20241112;100300;0.08004;10000;11410325998;B
20241112;100300;0.08004;140000;11410325999;B
20241112;100301;0.08004;260000;11410326400;B
20241112;100301;0.08004;90000;11410326401;B
20241112;100301;0.08004;70000;11410326403;S
20241112;100303;0.08004;10000;11410326775;B
20241112;100310;0.08004;80000;11410328698;B
20241112;100311;0.08004;50000;11410328887;B
20241112;100312;0.08004;120000;11410329125;B
20241112;100312;0.08004;70000;11410329253;B
20241112;100312;0.08004;40000;11410329254;B
20241112;100312;0.08004;90000;11410329255;S
20241112;100312;0.08004;310000;11410329256;B
20241112;100312;0.08006;260000;11410329257;B
20241112;100312;0.08006;10000;11410329258;B
20241112;100312;0.08006;1240000;11410329259;B
20241112;100312;0.08006;490000;11410329260;B
20241112;100313;0.08006;30000;11410329440;B
20241112;100314;0.08006;20000;11410329836;B
20241112;100314;0.08008;1240000;11410329879;B
20241112;100314;0.08008;1240000;11410329905;B
20241112;100314;0.0801;4980000;11410329944;B
20241112;100314;0.0801;20000;11410329954;B
20241112;100314;0.0801;580000;11410329955;B
20241112;100314;0.0801;20000;11410330071;B
20241112;100314;0.08006;70000;11410330130;S
20241112;100314;0.08002;40000;11410330131;S
20241112;100315;0.0801;140000;11410330329;B
20241112;100315;0.0801;160000;11410330330;B
20241112;100315;0.0801;400000;11410330349;B
20241112;100317;0.0801;110000;11410330854;B
20241112;100317;0.0801;40000;11410330856;B
20241112;100319;0.08002;180000;11410331347;S
20241112;100320;0.08012;10000;11410331654;B
20241112;100321;0.0801;500000;11410331688;S
20241112;100328;0.08016;10000;11410333556;B
20241112;100328;0.08016;10000;11410333557;B
20241112;100336;0.08016;10000;11410335514;B
20241112;100336;0.08018;1240000;11410335515;B
20241112;100336;0.0802;10000;11410335516;B
20241112;100336;0.08022;70000;11410335517;B
20241112;100336;0.08022;220000;11410335518;B
20241112;100336;0.08024;10000;11410335519;B
20241112;100336;0.08024;60000;11410335520;B
20241112;100336;0.08024;20000;11410335521;B
20241112;100336;0.08024;70000;11410335522;B
20241112;100336;0.08024;210000;11410335523;B
20241112;100336;0.08026;10000;11410335524;B
20241112;100336;0.08026;80000;11410335525;B
20241112;100336;0.08028;250000;11410335526;B
20241112;100336;0.08028;280000;11410335527;B
20241112;100336;0.0803;170000;11410335528;B
20241112;100336;0.0803;400000;11410335529;B
20241112;100336;0.08032;10000;11410335530;B
20241112;100336;0.08032;50000;11410335531;B
20241112;100336;0.08032;1620000;11410335532;B
20241112;100336;0.08032;1390000;11410335533;B
20241112;100336;0.08034;10000;11410335534;B
20241112;100336;0.08034;3600000;11410335535;B
20241112;100336;0.08036;10000;11410335536;B
20241112;100336;0.08038;130000;11410335537;B
20241112;100336;0.08038;170000;11410335538;B
20241112;100336;0.08038;400000;11410335539;B
20241112;100336;0.08038;1500000;11410335540;B
20241112;100342;0.08028;40000;11410336733;S
20241112;100352;0.08028;10000;11410338605;S
20241112;100357;0.08028;20000;11410339677;S
20241112;100357;0.08024;170000;11410339678;S
20241112;100357;0.08022;170000;11410339679;S
20241112;100357;0.08022;20000;11410339680;S
20241112;100357;0.08022;400000;11410339681;S
20241112;100357;0.0802;210000;11410339682;S
20241112;100358;0.0802;210000;11410339969;B
20241112;100358;0.08024;1240000;11410339970;B
20241112;100358;0.08028;160000;11410339971;B
20241112;100358;0.0803;20000;11410339972;B
20241112;100358;0.0803;20000;11410339973;B
20241112;100358;0.08032;460000;11410339974;B
20241112;100358;0.08036;400000;11410339975;B
20241112;100358;0.08038;210000;11410339976;B
20241112;100358;0.0804;170000;11410339977;B
20241112;100358;0.0804;400000;11410339978;B
20241112;100358;0.0804;530000;11410339979;B
20241112;100358;0.08042;10000;11410339980;B
20241112;100358;0.08042;160000;11410339981;B
20241112;100358;0.08044;700000;11410339982;B
20241112;100358;0.08046;10000;11410339983;B
20241112;100358;0.08046;30000;11410339984;B
20241112;100358;0.08046;10000;11410339985;B
20241112;100358;0.08046;1580000;11410339986;B
20241112;100358;0.08046;2620000;11410339987;B
20241112;100358;0.08048;10000;11410339988;B
20241112;100358;0.08048;90000;11410339989;B
20241112;100358;0.08048;10000;11410339990;B
20241112;100358;0.08048;1620000;11410339991;B
20241112;100358;0.08048;400000;11410339992;B
20241112;100358;0.0805;10000;11410339993;B
20241112;100358;0.0805;10000;11410339994;B
20241112;100358;0.0805;50000;11410339995;B
20241112;100358;0.0805;50000;11410339996;B
20241112;100358;0.0805;1000000;11410339997;B
20241112;100358;0.0805;30000;11410339998;B
20241112;100358;0.0805;30000;11410339999;B
20241112;100358;0.0805;10000;11410340000;B
20241112;100358;0.0805;10000;11410340001;B
20241112;100358;0.0805;5000000;11410340002;B
20241112;100358;0.08054;10000;11410340003;B
20241112;100358;0.08056;5000000;11410340004;B
20241112;100358;0.08058;10000;11410340005;B
20241112;100358;0.08058;500000;11410340006;B
20241112;100358;0.0806;10000;11410340007;B
20241112;100358;0.0806;2200000;11410340008;B
20241112;100358;0.08058;500000;11410340016;B
20241112;100358;0.08058;400000;11410340017;B
20241112;100358;0.08058;1240000;11410340018;S
20241112;100358;0.08058;500000;11410340019;S
20241112;100358;0.08058;700000;11410340020;S
20241112;100358;0.08058;1500000;11410340021;S
20241112;100358;0.08058;160000;11410340022;S
20241112;100358;0.08056;50000;11410340023;B
20241112;100358;0.08036;500000;11410340024;S
20241112;100358;0.08034;210000;11410340025;S
20241112;100358;0.0803;90000;11410340069;S
20241112;100359;0.0803;310000;11410340173;S
20241112;100359;0.08028;210000;11410340174;S
20241112;100359;0.08028;60000;11410340175;S
20241112;100359;0.08032;470000;11410340237;S
20241112;100359;0.08048;30000;11410340259;B
20241112;100359;0.08046;620000;11410340308;B
20241112;100409;0.0804;30000;11410342270;S
20241112;100410;0.08046;10000;11410342493;B
20241112;100413;0.08042;20000;11410343430;S
20241112;100423;0.08044;4480000;11410345886;S
20241112;100423;0.08044;500000;11410345887;S
20241112;100423;0.08042;20000;11410345888;S
20241112;100426;0.08042;10000;11410346638;B
20241112;100430;0.0804;200000;11410347624;B
20241112;100439;0.08036;10000;11410349703;B
20241112;100441;0.08036;20000;11410350161;B
20241112;100449;0.08032;20000;11410352521;S
20241112;100449;0.0803;10000;11410352522;S
20241112;100449;0.0803;10000;11410352523;B
20241112;100454;0.0803;50000;11410354181;B
20241112;100455;0.08028;20000;11410354337;S
20241112;100458;0.08026;10000;11410355308;S
20241112;100458;0.08024;240000;11410355309;S
20241112;100458;0.0802;10000;11410355310;S
20241112;100458;0.08016;10000;11410355311;S
20241112;100458;0.08016;520000;11410355312;S
20241112;100458;0.08014;200000;11410355313;S
20241112;100458;0.08022;180000;11410355317;B
20241112;100459;0.0802;10000;11410355911;B
20241112;100500;0.0802;10000;11410356069;B
20241112;100500;0.0802;10000;11410356209;B
20241112;100503;0.0802;10000;11410358065;S
20241112;100504;0.0802;10000;11410358337;B
20241112;100508;0.08016;70000;11410359813;B
20241112;100510;0.08016;90000;11410360510;B
20241112;100510;0.08016;90000;11410360740;B
20241112;100510;0.08016;390000;11410360794;B
20241112;100511;0.08018;120000;11410361035;B
20241112;100512;0.08016;110000;11410361515;B
20241112;100512;0.08016;120000;11410361577;S
20241112;100513;0.08018;1000000;11410361668;B
20241112;100513;0.08016;50000;11410361903;B
20241112;100514;0.08016;120000;11410361974;B
20241112;100514;0.08016;150000;11410362004;S
20241112;100522;0.08014;200000;11410364427;B
20241112;100523;0.0801;50000;11410364594;S
20241112;100527;0.08012;60000;11410366102;S
20241112;100527;0.08012;410000;11410366103;S
20241112;100527;0.0801;150000;11410366104;S
20241112;100527;0.0801;10000;11410366105;S
20241112;100527;0.08008;20000;11410366106;S
20241112;100527;0.08008;230000;11410366107;S
20241112;100527;0.08006;10000;11410366108;S
20241112;100527;0.08006;400000;11410366109;S
20241112;100527;0.08006;230000;11410366110;S
20241112;100527;0.08004;400000;11410366111;S
20241112;100527;0.08004;210000;11410366112;S
20241112;100527;0.08002;30000;11410366113;S
20241112;100527;0.08002;3600000;11410366114;S
20241112;100527;0.08002;500000;11410366115;S
20241112;100527;0.08002;20000;11410366116;S
20241112;100528;0.08006;10000;11410366374;S
20241112;100538;0.08006;70000;11410369856;B
20241112;100538;0.08002;500000;11410369939;S
20241112;100538;0.08;10000;11410369940;S
20241112;100538;0.08;80000;11410369941;S
20241112;100539;0.08;20000;11410370110;S
20241112;100539;0.08;20000;11410370214;S
20241112;100541;0.08006;10000;11410370687;B
20241112;100541;0.08006;110000;11410370688;B
20241112;100542;0.08002;20000;11410371136;S
20241112;100544;0.08008;80000;11410371743;B
20241112;100544;0.08008;100000;11410371744;B
20241112;100549;0.0801;10000;11410373153;B
20241112;100549;0.0801;10000;11410373154;B
20241112;100553;0.08008;80000;11410374227;S
20241112;100557;0.08008;20000;11410375290;S
20241112;100558;0.0801;100000;11410375561;B
20241112;100614;0.0801;10000;11410380146;B
20241112;100618;0.0801;60000;11410380988;B
20241112;100620;0.0801;70000;11410381849;B
20241112;100628;0.08008;20000;11410383789;S
20241112;100628;0.08008;30000;11410383790;S
20241112;100628;0.08008;10000;11410383823;S
20241112;100634;0.08008;250000;11410385312;S
20241112;100634;0.08008;350000;11410385313;S
20241112;100634;0.08006;10000;11410385314;S
20241112;100634;0.08006;120000;11410385315;S
20241112;100634;0.08004;120000;11410385316;S
20241112;100634;0.08;500000;11410385317;S
20241112;100634;0.08;10000;11410385318;S
20241112;100634;0.08;250000;11410385319;S
20241112;100634;0.07998;380000;11410385320;S
20241112;100634;0.07998;210000;11410385321;S
20241112;100634;0.07998;210000;11410385322;S
20241112;100634;0.07998;90000;11410385323;S
20241112;100641;0.07998;120000;11410386848;S
20241112;100641;0.07998;150000;11410386849;S
20241112;100654;0.07998;60000;11410389579;S
20241112;100654;0.07996;90000;11410389580;S
20241112;100654;0.07998;30000;11410389678;S
20241112;100658;0.07996;10000;11410390308;S
20241112;100658;0.07998;10000;11410390371;B
20241112;100703;0.07996;530000;11410391309;S
20241112;100705;0.07996;100000;11410391852;S
20241112;100715;0.07998;50000;11410393776;B
20241112;100717;0.07998;100000;11410394660;B
20241112;100717;0.07996;1100000;11410394730;S
20241112;100718;0.07996;1150000;11410394877;S
20241112;100718;0.07996;10000;11410394878;S
20241112;100718;0.07996;50000;11410394879;S
20241112;100718;0.07994;20000;11410394880;S
20241112;100718;0.07994;400000;11410394881;S
20241112;100718;0.07992;140000;11410394882;S
20241112;100718;0.0799;10000;11410394883;S
20241112;100718;0.0799;190000;11410394884;S
20241112;100718;0.07996;10000;11410394954;B
20241112;100727;0.07996;10000;11410396622;B
20241112;100728;0.0799;140000;11410397086;S
20241112;100734;0.0799;50000;11410398397;S
20241112;100740;0.0799;210000;11410399641;S
20241112;100740;0.0799;120000;11410399642;S
20241112;100740;0.07988;10000;11410399643;S
20241112;100740;0.07988;120000;11410399644;S
20241112;100740;0.07988;140000;11410399645;S
20241112;100746;0.07994;10000;11410400793;S
20241112;100746;0.07994;60000;11410400794;S
20241112;100746;0.07992;20000;11410400795;S
20241112;100746;0.07996;10000;11410400829;B
20241112;100746;0.07996;20000;11410400830;B
20241112;100746;0.07998;80000;11410400831;B
20241112;100749;0.07998;730000;11410401490;B
20241112;100753;0.08;490000;11410402243;B
20241112;100753;0.08;180000;11410402244;B
20241112;100754;0.07998;80000;11410402646;S
20241112;100754;0.07998;70000;11410402647;S
20241112;100754;0.07996;160000;11410402648;S
20241112;100754;0.07996;70000;11410402649;S
20241112;100754;0.07994;500000;11410402650;S
20241112;100754;0.07994;210000;11410402651;S
20241112;100754;0.07992;50000;11410402652;S
20241112;100754;0.07992;270000;11410402653;S
20241112;100754;0.0799;400000;11410402654;S
20241112;100754;0.0799;240000;11410402655;B
20241112;100755;0.0799;310000;11410402683;B
20241112;100755;0.0799;20000;11410402684;B
20241112;100755;0.0799;2320000;11410402686;B
20241112;100755;0.0799;50000;11410402761;B
20241112;100801;0.0799;20000;11410404083;B
20241112;100804;0.0799;100000;11410404566;B
20241112;100807;0.0799;10000;11410405238;B
20241112;100809;0.0799;80000;11410405495;B
20241112;100817;0.0799;20000;11410407077;B
20241112;100820;0.0799;10000;11410407606;B
20241112;100824;0.07988;170000;11410408318;S
20241112;100824;0.07988;170000;11410408319;S
20241112;100824;0.07988;180000;11410408320;S
20241112;100824;0.07988;170000;11410408321;S
20241112;100824;0.07988;500000;11410408322;S
20241112;100824;0.07988;1040000;11410408323;S
20241112;100824;0.07986;200000;11410408324;S
20241112;100824;0.07986;180000;11410408325;S
20241112;100824;0.07986;10000;11410408326;S
20241112;100824;0.07986;210000;11410408327;S
20241112;100824;0.07984;1250000;11410408328;S
20241112;100824;0.07984;2480000;11410408329;S
20241112;100824;0.07982;400000;11410408330;S
20241112;100824;0.07982;30000;11410408331;S
20241112;100824;0.07982;1200000;11410408332;S
20241112;100824;0.0798;10000;11410408333;S
20241112;100824;0.0798;220000;11410408334;S
20241112;100824;0.07976;30000;11410408335;S
20241112;100824;0.07976;1710000;11410408336;S
20241112;100824;0.07988;10000;11410408337;S
20241112;100824;0.07988;200000;11410408343;S
20241112;100825;0.07984;150000;11410408485;S
20241112;100825;0.07986;10000;11410408498;S
20241112;100833;0.07988;20000;11410410056;B
20241112;100833;0.0799;50000;11410410057;B
20241112;100836;0.07988;480000;11410410813;S
20241112;100837;0.07986;10000;11410411273;S
20241112;100837;0.07986;170000;11410411274;S
20241112;100838;0.07988;130000;11410411497;B
20241112;100843;0.07984;110000;11410412261;S
20241112;100843;0.07982;1520000;11410412262;S
20241112;100843;0.07982;130000;11410412263;S
20241112;100843;0.0798;240000;11410412264;S
20241112;100843;0.0798;130000;11410412265;S
20241112;100843;0.0798;210000;11410412266;S
20241112;100843;0.07978;1250000;11410412267;S
20241112;100843;0.07976;2000000;11410412268;B
20241112;100843;0.07974;40000;11410412269;S
20241112;100843;0.07976;10000;11410412293;B
20241112;100843;0.07976;30000;11410412294;B
20241112;100844;0.07974;30000;11410412499;B
20241112;100845;0.07972;10000;11410412966;S
20241112;100845;0.07972;990000;11410412967;S
20241112;100847;0.07974;10000;11410413334;B
20241112;100850;0.07972;60000;11410413935;S
20241112;100850;0.0797;20000;11410413936;S
20241112;100850;0.0797;1920000;11410413937;S
20241112;100850;0.0797;20000;11410414116;S
20241112;100852;0.07974;10000;11410414456;B
20241112;100853;0.0797;100000;11410414583;S
20241112;100855;0.0797;270000;11410414936;S
20241112;100856;0.0797;30000;11410415233;S
20241112;100858;0.0797;10000;11410415526;S
20241112;100858;0.07972;420000;11410415588;B
20241112;100859;0.07974;480000;11410415804;B
20241112;100859;0.07974;1900000;11410415880;S
20241112;100859;0.07972;100000;11410415881;S
20241112;100901;0.07974;10000;11410416338;S
20241112;100903;0.07972;40000;11410416656;S
20241112;100905;0.07972;60000;11410417124;S
20241112;100905;0.07972;170000;11410417127;S
20241112;100905;0.0797;10000;11410417129;S
20241112;100906;0.0797;10000;11410417443;S
20241112;100908;0.07968;30000;11410417891;S
20241112;100908;0.07966;1970000;11410417892;S
20241112;100910;0.07964;150000;11410418408;B
20241112;100911;0.07964;770000;11410418676;S
20241112;100911;0.07964;20000;11410418677;S
20241112;100914;0.07964;10000;11410419209;B
20241112;100917;0.07962;10000;11410419801;S
20241112;100917;0.07962;20000;11410419802;S
20241112;100917;0.07962;30000;11410419803;S
20241112;100917;0.0796;90000;11410419804;S
20241112;100919;0.07962;20000;11410420334;S
20241112;100919;0.07962;10000;11410420335;S
20241112;100919;0.0796;10000;11410420336;S
20241112;100919;0.0796;1620000;11410420337;S
20241112;100919;0.07958;10000;11410420338;S
20241112;100919;0.07958;30000;11410420339;S
20241112;100919;0.07958;1300000;11410420340;S
20241112;100920;0.0796;470000;11410420547;S
20241112;100920;0.07958;2030000;11410420548;S
20241112;100920;0.07962;240000;11410420583;B
20241112;100920;0.07962;30000;11410420584;B
20241112;100926;0.0796;970000;11410421894;S
20241112;100926;0.07958;230000;11410421895;S
20241112;100929;0.0796;10000;11410422581;S
20241112;100929;0.0796;830000;11410422582;S
20241112;100929;0.07958;400000;11410422583;S
20241112;100929;0.07956;50000;11410422584;S
20241112;100929;0.07956;10000;11410422585;S
20241112;100929;0.07954;20000;11410422586;S
20241112;100929;0.07954;400000;11410422587;S
20241112;100929;0.07952;10000;11410422588;S
20241112;100929;0.07952;1000000;11410422589;S
20241112;100929;0.07952;30000;11410422590;S
20241112;100929;0.07952;210000;11410422591;S
20241112;100929;0.07952;30000;11410422592;S
20241112;100930;0.07952;200000;11410422717;S
20241112;100930;0.0795;50000;11410422718;S
20241112;100930;0.07952;3960000;11410422798;S
20241112;100930;0.0795;40000;11410422799;S
20241112;100930;0.0795;10000;11410422810;S
20241112;100930;0.0795;10000;11410422811;S
20241112;100930;0.0795;10000;11410422812;S
20241112;100930;0.07946;100000;11410422813;S
20241112;100938;0.0795;10000;11410424204;S
20241112;100938;0.0795;130000;11410424205;S
20241112;100938;0.07948;100000;11410424206;S
20241112;100938;0.07948;180000;11410424207;S
20241112;100938;0.07946;300000;11410424208;S
20241112;100938;0.07946;30000;11410424209;S
20241112;100938;0.07946;1620000;11410424210;S
20241112;100938;0.07946;210000;11410424211;S
20241112;100938;0.07946;180000;11410424212;S
20241112;100938;0.07944;1250000;11410424213;S
20241112;100938;0.07944;1620000;11410424214;S
20241112;100938;0.07942;10000;11410424215;S
20241112;100938;0.07942;4000000;11410424216;S
20241112;100938;0.07942;30000;11410424217;S
20241112;100938;0.0794;70000;11410424218;S
20241112;100938;0.0794;2260000;11410424219;S
20241112;100938;0.07946;110000;11410424255;B
20241112;100939;0.07946;390000;11410424296;S
20241112;100939;0.07944;1250000;11410424297;S
20241112;100939;0.07944;620000;11410424298;S
20241112;100939;0.0794;500000;11410424299;S
20241112;100939;0.0794;210000;11410424300;S
20241112;100939;0.0794;30000;11410424301;S
20241112;100939;0.0794;170000;11410424302;S
20241112;100939;0.07938;30000;11410424303;S
20241112;100939;0.07938;70000;11410424304;S
20241112;100939;0.07938;400000;11410424305;S
20241112;100939;0.07938;500000;11410424306;S
20241112;100939;0.07936;10000;11410424307;S
20241112;100939;0.07936;100000;11410424308;S
20241112;100939;0.07936;800000;11410424309;S
20241112;100939;0.07934;540000;11410424310;S
20241112;100939;0.07934;500000;11410424311;S
20241112;100939;0.07942;10000;11410424395;S
20241112;100939;0.0794;180000;11410424396;S
20241112;100939;0.0794;80000;11410424487;S
20241112;100942;0.0795;120000;11410425214;B
20241112;100947;0.0795;40000;11410426110;S
20241112;100947;0.07948;70000;11410426111;S
20241112;100956;0.07952;10000;11410427871;B
20241112;100957;0.07948;10000;11410428117;S
20241112;101002;0.07948;90000;11410429128;S
20241112;101002;0.07946;150000;11410429129;S
20241112;101002;0.07946;1100000;11410429130;S
20241112;101002;0.07946;170000;11410429131;S
20241112;101002;0.07944;10000;11410429132;S
20241112;101002;0.07944;170000;11410429133;S
20241112;101002;0.07944;150000;11410429134;S
20241112;101002;0.07942;210000;11410429135;S
20241112;101002;0.07942;50000;11410429136;S
20241112;101002;0.07942;900000;11410429137;S
20241112;101003;0.07948;110000;11410429400;B
20241112;101003;0.0795;390000;11410429401;B
20241112;101004;0.0795;20000;11410429713;B
20241112;101004;0.0795;20000;11410429714;B
20241112;101004;0.07952;320000;11410429802;B
20241112;101004;0.07952;170000;11410430090;B
20241112;101004;0.07958;20000;11410430091;B
20241112;101007;0.07956;70000;11410430816;B
20241112;101015;0.07958;260000;11410432856;S
20241112;101015;0.07956;60000;11410432857;S
20241112;101016;0.07954;50000;11410433024;B
20241112;101030;0.07954;10000;11410435933;B
20241112;101033;0.07952;10000;11410436541;S
20241112;101033;0.07952;100000;11410436542;S
20241112;101033;0.07948;140000;11410436543;S
20241112;101033;0.07946;350000;11410436544;S
20241112;101033;0.07946;140000;11410436545;S
20241112;101033;0.07944;260000;11410436546;S
20241112;101058;0.07952;290000;11410440397;B
20241112;101058;0.07952;30000;11410440398;B
20241112;101100;0.07954;170000;11410440639;B
20241112;101110;0.07956;50000;11410441924;B
20241112;101111;0.07956;50000;11410442091;B
20241112;101124;0.07956;500000;11410443728;B
20241112;101128;0.07956;20000;11410444087;B
20241112;101128;0.07956;10000;11410444112;B
20241112;101129;0.07956;1210000;11410444361;B
20241112;101131;0.07956;10000;11410444726;B
20241112;101138;0.07956;2330000;11410446276;B
20241112;101138;0.07956;1500000;11410446277;B
20241112;101157;0.07958;110000;11410449210;S
20241112;101157;0.07956;10000;11410449211;S
20241112;101157;0.07956;430000;11410449212;S
20241112;101157;0.07956;110000;11410449213;S
20241112;101157;0.07954;250000;11410449214;S
20241112;101218;0.07962;80000;11410452688;B
20241112;101218;0.07962;210000;11410452689;B
20241112;101218;0.07962;400000;11410452690;B
20241112;101218;0.07962;90000;11410452691;B
20241112;101219;0.07962;80000;11410452753;S
20241112;101221;0.07964;80000;11410453198;B
20241112;101221;0.07964;120000;11410453236;B
20241112;101221;0.07964;10000;11410453295;B
20241112;101221;0.07964;100000;11410453542;B
20241112;101225;0.07964;20000;11410454229;B
20241112;101246;0.07964;1250000;11410457640;B
20241112;101250;0.07964;460000;11410458451;B
20241112;101252;0.07962;30000;11410458783;S
20241112;101252;0.07962;560000;11410458784;S
20241112;101252;0.07962;190000;11410458785;S
20241112;101252;0.0796;190000;11410458786;S
20241112;101252;0.07958;30000;11410458787;S
20241112;101255;0.0796;70000;11410459241;S
20241112;101257;0.0796;150000;11410459668;B
20241112;101257;0.07962;260000;11410459669;B
20241112;101257;0.07964;5870000;11410459670;B
20241112;101257;0.07964;1370000;11410459672;B
20241112;101301;0.07972;20000;11410460350;B
20241112;101301;0.07964;230000;11410460425;S
20241112;101313;0.07972;240000;11410462409;B
20241112;101313;0.07972;130000;11410462410;B
20241112;101313;0.07972;10000;11410462411;B
20241112;101318;0.07972;120000;11410463388;S
20241112;101318;0.0797;260000;11410463389;S
20241112;101333;0.07966;10000;11410466051;S
20241112;101337;0.07962;50000;11410466813;B
20241112;101345;0.07968;100000;11410467904;B
20241112;101405;0.07966;40000;11410471249;B
20241112;101436;0.07966;130000;11410475731;B
20241112;101453;0.07964;80000;11410478645;S
20241112;101454;0.07964;10000;11410479010;S
20241112;101454;0.07966;220000;11410479208;B
20241112;101456;0.07966;100000;11410479602;B
20241112;101458;0.07966;10000;11410480071;B
20241112;101458;0.07966;40000;11410480072;B
20241112;101514;0.07968;10000;11410483900;S
20241112;101534;0.07968;10000;11410489274;S
20241112;101611;0.0797;120000;11410497809;B
20241112;101611;0.0797;150000;11410497810;B
20241112;101616;0.0797;110000;11410498829;S
20241112;101616;0.0797;110000;11410498830;S
20241112;101616;0.0797;580000;11410498831;S
20241112;101616;0.07968;10000;11410498832;S
20241112;101616;0.07968;50000;11410498833;S
20241112;101617;0.07966;40000;11410498918;S
20241112;101653;0.07968;20000;11410510987;B
20241112;101655;0.07968;60000;11410511301;S
20241112;101702;0.07968;10000;11410512590;B
20241112;101704;0.07968;10000;11410512972;B
20241112;101714;0.07966;60000;11410514486;S
20241112;101714;0.07966;10000;11410514487;S
20241112;101714;0.07966;190000;11410514488;S
20241112;101751;0.07964;360000;11410519842;S
20241112;101751;0.07962;500000;11410519843;S
20241112;101751;0.07962;340000;11410519844;S
20241112;101803;0.07964;40000;11410521149;B
20241112;101808;0.07962;50000;11410521840;S
20241112;101812;0.07962;130000;11410522194;S
20241112;101812;0.07962;500000;11410522195;S
20241112;101818;0.0796;10000;11410522936;S
20241112;101818;0.0796;10000;11410522978;S
20241112;101818;0.0796;90000;11410522979;S
20241112;101852;0.0796;10000;11410526963;B
20241112;101852;0.0796;90000;11410527044;B
20241112;101852;0.0796;150000;11410527045;B
20241112;101852;0.0796;10000;11410527046;B
20241112;101852;0.0796;10000;11410527047;B
20241112;101852;0.0796;120000;11410527048;B
20241112;101852;0.07962;240000;11410527049;B
20241112;101852;0.07958;20000;11410527097;S
20241112;101859;0.07958;10000;11410527995;S
20241112;101905;0.07958;370000;11410528727;S
20241112;101905;0.07958;40000;11410528728;S
20241112;101905;0.07958;480000;11410528729;S
20241112;101905;0.07956;10000;11410528730;S
20241112;101905;0.07956;600000;11410528731;S
20241112;101905;0.07956;150000;11410528735;B
20241112;101905;0.07958;140000;11410528736;B
20241112;101906;0.0796;10000;11410528849;B
20241112;101921;0.07962;120000;11410531359;B
20241112;101934;0.07964;100000;11410535529;S
20241112;101945;0.07962;60000;11410539032;S
20241112;101948;0.07964;200000;11410540219;S
20241112;101958;0.07964;3140000;11410543006;S
20241112;101958;0.07964;150000;11410543007;S
20241112;101958;0.07962;130000;11410543008;S
20241112;101958;0.07962;1250000;11410543009;S
20241112;101958;0.07962;500000;11410543010;S
20241112;101958;0.0796;30000;11410543011;S
20241112;101958;0.0796;40000;11410543012;S
20241112;101958;0.0796;500000;11410543013;S
20241112;101958;0.0796;210000;11410543014;S
20241112;101958;0.0796;800000;11410543015;S
20241112;101958;0.07958;20000;11410543016;S
20241112;101958;0.07958;400000;11410543017;S
20241112;101958;0.07958;500000;11410543018;S
20241112;101958;0.07956;1620000;11410543019;S
20241112;101958;0.07956;1620000;11410543020;S
20241112;101958;0.07956;400000;11410543021;B
20241112;101958;0.07956;1580000;11410543022;B
20241112;101958;0.07954;200000;11410543023;S
20241112;101958;0.07956;1480000;11410543026;B
20241112;102005;0.07962;80000;11410544760;B
20241112;102005;0.07964;990000;11410544844;S
20241112;102011;0.07962;20000;11410546066;S
20241112;102013;0.07962;990000;11410546602;S
20241112;102024;0.07962;140000;11410549557;S
20241112;102024;0.07962;850000;11410549558;S
20241112;102044;0.07968;60000;11410561768;B
20241112;102050;0.07968;10000;11410567961;B
20241112;102106;0.07968;10000;11410581853;B
20241112;102114;0.07972;220000;11410588537;B
20241112;102114;0.07972;160000;11410588881;B
20241112;102114;0.07972;120000;11410588882;B
20241112;102116;0.07976;10000;11410590518;B
20241112;102116;0.07976;50000;11410590683;B
20241112;102117;0.07976;480000;11410590999;B
20241112;102117;0.07978;50000;11410591000;B
20241112;102117;0.0798;10000;11410591001;B
20241112;102117;0.0798;120000;11410591002;B
20241112;102117;0.0798;20000;11410591003;B
20241112;102117;0.07982;120000;11410591004;B
20241112;102117;0.07982;400000;11410591005;B
20241112;102117;0.07984;300000;11410591006;B
20241112;102117;0.07988;100000;11410591058;B
20241112;102119;0.07988;100000;11410592756;S
20241112;102136;0.07988;10000;11410605951;S
20241112;102139;0.07988;40000;11410606572;S
20241112;102252;0.0799;10000;11410662862;B
20241112;102252;0.07992;10000;11410662863;B
20241112;102252;0.07992;30000;11410662864;B
20241112;102256;0.07994;20000;11410665481;S
20241112;102256;0.07994;20000;11410665868;S
20241112;102315;0.07996;1000000;11410676336;B
20241112;102315;0.07998;190000;11410676337;B
20241112;102315;0.07998;1250000;11410676338;B
20241112;102315;0.08;210000;11410676339;B
20241112;102315;0.08;190000;11410676340;B
20241112;102315;0.08;80000;11410676341;B
20241112;102315;0.08002;10000;11410676342;B
20241112;102315;0.08002;10000;11410676343;B
20241112;102315;0.08002;10000;11410676344;B
20241112;102315;0.08002;10000;11410676345;B
20241112;102315;0.08002;490000;11410676346;B
20241112;102315;0.08002;400000;11410676347;B
20241112;102315;0.08004;2000000;11410676348;B
20241112;102315;0.08006;10000;11410676349;B
20241112;102315;0.08008;1620000;11410676350;B
20241112;102315;0.08008;1620000;11410676351;B
20241112;102315;0.08008;900000;11410676352;B
20241112;102316;0.08004;130000;11410676383;B
20241112;102316;0.08002;10000;11410676400;S
20241112;102316;0.08002;30000;11410676412;B
20241112;102320;0.07998;10000;11410677117;S
20241112;102344;0.08;20000;11410680579;B
20241112;102344;0.08;30000;11410680580;B
20241112;102357;0.07996;200000;11410682278;S
20241112;102357;0.07996;140000;11410682279;S
20241112;102357;0.07996;100000;11410682312;S
20241112;102357;0.07996;270000;11410682313;S
20241112;102357;0.07994;20000;11410682385;S
20241112;102359;0.07996;50000;11410682624;B
20241112;102359;0.07996;20000;11410682626;B
20241112;102359;0.07996;20000;11410682675;B
20241112;102402;0.07994;220000;11410683060;S
20241112;102405;0.07994;80000;11410683623;S
20241112;102413;0.07994;80000;11410684662;S
20241112;102427;0.07994;1000000;11410686571;S
20241112;102428;0.07992;200000;11410686914;S
20241112;102447;0.07988;150000;11410691186;S
20241112;102450;0.07992;10000;11410691663;B
20241112;102450;0.07994;30000;11410691664;B
20241112;102452;0.07994;50000;11410691993;B
20241112;102452;0.07994;60000;11410691994;B
20241112;102452;0.07996;190000;11410691995;B
20241112;102456;0.07988;100000;11410692852;S
20241112;102459;0.07988;50000;11410693250;S
20241112;102459;0.07988;130000;11410693251;S
20241112;102459;0.07986;200000;11410693252;S
20241112;102459;0.07986;10000;11410693253;S
20241112;102459;0.07986;70000;11410693254;S
20241112;102504;0.07982;200000;11410694319;S
20241112;102504;0.07982;400000;11410694320;S
20241112;102504;0.0798;60000;11410694321;S
20241112;102504;0.07978;400000;11410694322;S
20241112;102504;0.07978;70000;11410694323;S
20241112;102504;0.07978;60000;11410694324;S
20241112;102504;0.07978;500000;11410694325;S
20241112;102504;0.07976;500000;11410694326;S
20241112;102504;0.07976;210000;11410694327;S
20241112;102504;0.07976;1800000;11410694328;S
20241112;102504;0.07976;400000;11410694329;S
20241112;102504;0.07976;1250000;11410694330;S
20241112;102504;0.07974;5000000;11410694331;S
20241112;102504;0.07972;420000;11410694332;S
20241112;102504;0.0797;400000;11410694333;S
20241112;102504;0.07966;5000000;11410694334;S
20241112;102504;0.0796;5000000;11410694335;S
20241112;102504;0.07958;30000;11410694336;S
20241112;102504;0.07958;5120000;11410694337;S
20241112;102504;0.07958;5120000;11410694338;S
20241112;102504;0.07954;100000;11410694339;S
20241112;102504;0.07954;1620000;11410694340;S
20241112;102504;0.07954;1620000;11410694341;S
20241112;102504;0.07952;680000;11410694342;S
20241112;102504;0.07952;2780000;11410694343;S
20241112;102505;0.07966;50000;11410694412;B
20241112;102505;0.07958;30000;11410694428;S
20241112;102505;0.07968;80000;11410694443;B
20241112;102505;0.07968;130000;11410694460;B
20241112;102509;0.0797;40000;11410695111;B
20241112;102511;0.0797;30000;11410695323;B
20241112;102511;0.0797;20000;11410695351;B
20241112;102516;0.07964;30000;11410696261;S
20241112;102516;0.07962;470000;11410696262;S
20241112;102518;0.0796;150000;11410696550;B
20241112;102521;0.07962;540000;11410696908;S
20241112;102523;0.07964;80000;11410697107;B
20241112;102523;0.07966;100000;11410697108;B
20241112;102523;0.07968;20000;11410697109;B
20241112;102535;0.07966;10000;11410698671;B
20241112;102543;0.0796;20000;11410700004;S
20241112;102543;0.0796;970000;11410700005;S
20241112;102544;0.07966;10000;11410700127;B
20241112;102614;0.0796;10000;11410704678;S
20241112;102614;0.0796;10000;11410704679;S
20241112;102633;0.07958;10000;11410707518;B
20241112;102633;0.07954;20000;11410707683;S
20241112;102633;0.07952;130000;11410707684;S
20241112;102633;0.07954;150000;11410707685;S
20241112;102643;0.0795;30000;11410709914;S
20241112;102643;0.0795;170000;11410709915;S
20241112;102644;0.0795;80000;11410709953;S
20241112;102644;0.0795;650000;11410710100;S
20241112;102644;0.07948;10000;11410710101;S
20241112;102644;0.07948;150000;11410710102;S
20241112;102644;0.07948;500000;11410710103;S
20241112;102644;0.07946;1620000;11410710104;S
20241112;102644;0.07946;1250000;11410710105;S
20241112;102644;0.07946;20000;11410710106;S
20241112;102644;0.07944;10000;11410710107;S
20241112;102644;0.07944;50000;11410710108;S
20241112;102644;0.07944;200000;11410710109;S
20241112;102644;0.07944;3100000;11410710110;S
20241112;102644;0.07944;2000000;11410710111;S
20241112;102644;0.07944;10000;11410710112;S
20241112;102644;0.07944;210000;11410710113;S
20241112;102644;0.07942;10000;11410710114;S
20241112;102644;0.07942;10000;11410710115;S
20241112;102644;0.07942;400000;11410710116;S
20241112;102644;0.0794;3000000;11410710117;S
20241112;102644;0.0794;30000;11410710118;S
20241112;102644;0.0794;760000;11410710119;S
20241112;102644;0.07946;120000;11410710129;B
20241112;102644;0.07946;150000;11410710130;B
20241112;102645;0.0795;20000;11410710165;B
20241112;102646;0.0795;10000;11410710345;B
20241112;102649;0.07946;270000;11410711264;B
20241112;102649;0.07948;250000;11410711265;B
20241112;102649;0.07948;520000;11410711266;B
20241112;102649;0.0795;370000;11410711267;B
20241112;102649;0.0795;590000;11410711268;B
20241112;102659;0.0795;10000;11410712950;S
20241112;102703;0.07946;10000;11410713934;B
20241112;102703;0.07942;400000;11410714003;S
20241112;102704;0.07946;80000;11410714323;B
20241112;102704;0.07948;30000;11410714324;B
20241112;102704;0.07948;500000;11410714325;B
20241112;102704;0.07948;210000;11410714326;B
20241112;102704;0.0795;60000;11410714327;B
20241112;102704;0.0795;260000;11410714328;B
20241112;102704;0.0795;500000;11410714329;B
20241112;102704;0.0795;5120000;11410714330;B
20241112;102704;0.07952;400000;11410714331;B
20241112;102704;0.07952;1250000;11410714332;B
20241112;102704;0.07952;210000;11410714333;B
20241112;102704;0.07954;5000000;11410714334;B
20241112;102704;0.0796;970000;11410714335;B
20241112;102704;0.0796;1000000;11410714336;B
20241112;102705;0.0796;10000;11410714456;S
20241112;102709;0.0796;400000;11410715800;S
20241112;102709;0.0796;4000000;11410715801;S
20241112;102715;0.0795;170000;11410717231;S
20241112;102720;0.0795;120000;11410718630;S
20241112;102723;0.07948;20000;11410719748;S
20241112;102723;0.07946;40000;11410719751;S
20241112;102742;0.07942;80000;11410725005;S
20241112;102744;0.07942;70000;11410725298;B
20241112;102744;0.07942;80000;11410725299;B
20241112;102756;0.0794;310000;11410728525;S
20241112;102756;0.0794;50000;11410728526;S
20241112;102756;0.07938;20000;11410728527;S
20241112;102756;0.07938;10000;11410728528;S
20241112;102756;0.07938;950000;11410728529;S
20241112;102801;0.0794;10000;11410730115;S
20241112;102801;0.07938;120000;11410730116;S
20241112;102809;0.0794;10000;11410731844;S
20241112;102810;0.07938;90000;11410731901;S
20241112;102810;0.07936;30000;11410731902;S
20241112;102810;0.07936;390000;11410731903;S
20241112;102842;0.0794;150000;11410737508;B
20241112;102842;0.0794;50000;11410737509;B
20241112;102842;0.0794;70000;11410737510;B
20241112;102843;0.07942;30000;11410737539;S
20241112;102844;0.07944;100000;11410737894;B
20241112;102846;0.07944;30000;11410738398;B
20241112;102846;0.07944;50000;11410738399;B
20241112;102850;0.07944;70000;11410739072;S
20241112;102854;0.07944;60000;11410739857;B
20241112;102856;0.07946;70000;11410740537;B
20241112;102856;0.07946;100000;11410740540;B
20241112;102856;0.07946;150000;11410740541;B
20241112;102859;0.07948;10000;11410740983;B
20241112;102902;0.0795;100000;11410741916;B
20241112;102906;0.07952;190000;11410742845;S
20241112;102906;0.07952;10000;11410742846;S
20241112;102908;0.0795;20000;11410743177;S
20241112;102908;0.0795;10000;11410743178;S
20241112;102908;0.07948;40000;11410743179;S
20241112;102908;0.07948;120000;11410743180;S
20241112;102910;0.07946;10000;11410743449;S
20241112;102910;0.07946;190000;11410743450;S
20241112;102915;0.07946;70000;11410744169;S
20241112;102918;0.07948;10000;11410744491;B
20241112;102921;0.07948;70000;11410744980;S
20241112;102925;0.0795;60000;11410745480;B
20241112;102928;0.07956;20000;11410745861;B
20241112;102928;0.07952;40000;11410745912;S
20241112;102928;0.07952;60000;11410745913;S
20241112;102928;0.07952;80000;11410745914;S
20241112;102944;0.07948;80000;11410748659;S
20241112;102945;0.07948;80000;11410748794;S
20241112;102948;0.07948;120000;11410749150;S
20241112;102956;0.07948;40000;11410751515;S
20241112;103001;0.07948;10000;11410752822;S
20241112;103001;0.07946;130000;11410752823;S
20241112;103007;0.07946;10000;11410754630;B
20241112;103011;0.07946;50000;11410755493;S
20241112;103011;0.07946;70000;11410755494;S
20241112;103014;0.07944;20000;11410756303;S
20241112;103014;0.07942;90000;11410756304;S
20241112;103019;0.07942;270000;11410757219;S
20241112;103022;0.07942;160000;11410758132;S
20241112;103023;0.07942;2130000;11410758183;S
20241112;103024;0.07944;210000;11410758563;B
20241112;103025;0.07948;10000;11410758794;B
20241112;103025;0.07948;140000;11410758795;B
20241112;103032;0.07948;120000;11410760754;S
20241112;103055;0.07946;80000;11410764886;S
20241112;103055;0.07946;120000;11410764887;S
20241112;103055;0.07944;80000;11410764888;S
20241112;103055;0.07944;1620000;11410764889;S
20241112;103055;0.07944;120000;11410764890;S
20241112;103055;0.07944;980000;11410764891;S
20241112;103057;0.07948;120000;11410765330;B
20241112;103107;0.07946;50000;11410766907;S
20241112;103111;0.07944;40000;11410767339;S
20241112;103111;0.07944;70000;11410767340;S
20241112;103111;0.07948;410000;11410767350;B
20241112;103111;0.07948;90000;11410767351;B
20241112;103113;0.07946;10000;11410767622;S
20241112;103121;0.07948;50000;11410768685;B
20241112;103123;0.07946;70000;11410769118;S
20241112;103123;0.07946;60000;11410769119;S
20241112;103124;0.07948;30000;11410769354;B
20241112;103127;0.07946;60000;11410769730;S
20241112;103127;0.07944;1620000;11410769731;S
20241112;103127;0.07944;590000;11410769732;S
20241112;103127;0.07942;1330000;11410769733;S
20241112;103128;0.07944;200000;11410769865;S
20241112;103134;0.07944;20000;11410770663;S
20241112;103141;0.07948;50000;11410771612;B
20241112;103146;0.07948;10000;11410772369;B
20241112;103149;0.07944;20000;11410772591;S
20241112;103149;0.07944;90000;11410772592;S
20241112;103155;0.07948;80000;11410773649;B
20241112;103155;0.07948;10000;11410773684;B
20241112;103159;0.07946;290000;11410774157;S
20241112;103159;0.07944;10000;11410774158;S
20241112;103159;0.07944;290000;11410774159;S
20241112;103159;0.07944;100000;11410774160;S
20241112;103159;0.07944;710000;11410774161;S
20241112;103221;0.07944;50000;11410776824;S
20241112;103221;0.07944;120000;11410776825;S
20241112;103221;0.07946;20000;11410776889;S
20241112;103221;0.07944;50000;11410776890;S
20241112;103228;0.07946;10000;11410777828;B
20241112;103228;0.07946;130000;11410777829;B
20241112;103228;0.07946;500000;11410777830;B
20241112;103228;0.07948;1860000;11410777831;B
20241112;103228;0.07944;10000;11410777853;S
20241112;103228;0.07944;120000;11410777858;S
20241112;103233;0.07948;80000;11410778443;B
20241112;103233;0.07944;260000;11410778491;S
20241112;103233;0.07944;1620000;11410778492;S
20241112;103233;0.07944;290000;11410778493;S
20241112;103233;0.07942;3980000;11410778494;S
20241112;103233;0.07942;40000;11410778495;S
20241112;103233;0.07942;210000;11410778496;S
20241112;103233;0.07942;290000;11410778497;S
20241112;103233;0.0794;310000;11410778498;S
20241112;103234;0.07946;10000;11410778802;S
20241112;103239;0.07946;10000;11410779428;S
20241112;103241;0.07946;140000;11410779666;B
20241112;103251;0.07944;10000;11410781102;S
20241112;103325;0.07944;10000;11410785390;S
20241112;103325;0.07942;120000;11410785391;S
20241112;103325;0.07942;50000;11410785392;S
20241112;103325;0.07942;100000;11410785393;S
20241112;103325;0.0794;420000;11410785394;S
20241112;103325;0.0794;10000;11410785395;S
20241112;103325;0.0794;290000;11410785396;S
20241112;103326;0.07946;250000;11410785604;B
20241112;103326;0.07946;150000;11410785605;B
20241112;103329;0.07946;10000;11410785949;S
20241112;103333;0.07946;90000;11410786302;S
20241112;103348;0.07946;260000;11410787710;B
20241112;103348;0.07946;90000;11410787711;B
20241112;103348;0.07948;40000;11410787712;B
20241112;103351;0.07946;10000;11410787891;B
20241112;103400;0.07942;70000;11410788869;S
20241112;103408;0.07946;20000;11410789838;B
20241112;103415;0.07942;10000;11410790839;S
20241112;103421;0.07942;50000;11410791867;S
20241112;103421;0.0794;110000;11410791868;S
20241112;103425;0.07942;210000;11410792568;S
20241112;103426;0.0794;170000;11410792812;S
20241112;103436;0.0794;430000;11410794950;S
20241112;103440;0.07938;100000;11410795923;S
20241112;103455;0.07938;10000;11410798845;S
20241112;103455;0.07938;120000;11410798846;S
20241112;103455;0.0794;10000;11410798850;B
20241112;103455;0.0794;20000;11410798851;B
20241112;103455;0.0794;70000;11410798852;B
20241112;103503;0.07938;120000;11410800394;S
20241112;103503;0.07938;20000;11410800395;S
20241112;103505;0.07936;10000;11410800907;S
20241112;103505;0.07936;10000;11410800908;S
20241112;103505;0.07934;10000;11410801057;S
20241112;103506;0.07934;190000;11410801759;S
20241112;103506;0.07934;70000;11410801760;S
20241112;103516;0.07934;60000;11410803631;S
20241112;103516;0.07934;50000;11410803632;S
20241112;103516;0.07932;10000;11410803633;S
20241112;103516;0.07932;30000;11410803634;S
20241112;103516;0.07932;100000;11410803635;S
20241112;103516;0.07932;60000;11410803636;S
20241112;103517;0.0793;150000;11410803728;S
20241112;103518;0.0793;120000;11410803912;S
20241112;103526;0.0793;990000;11410805172;S
20241112;103526;0.0793;200000;11410805189;S
20241112;103526;0.0793;200000;11410805190;S
20241112;103526;0.0793;100000;11410805191;S
20241112;103527;0.0793;820000;11410805537;S
20241112;103533;0.0793;10000;11410806414;S
20241112;103533;0.0793;90000;11410806415;S
20241112;103533;0.07932;70000;11410806458;B
20241112;103533;0.07932;20000;11410806459;S
20241112;103533;0.07932;10000;11410806475;S
20241112;103533;0.0793;290000;11410806476;S
20241112;103534;0.07932;20000;11410806594;S
20241112;103534;0.0793;980000;11410806595;S
20241112;103535;0.07932;10000;11410806800;S
20241112;103536;0.0793;420000;11410807003;S
20241112;103538;0.0793;50000;11410807477;S
20241112;103540;0.0793;20000;11410807801;S
20241112;103546;0.0793;560000;11410809160;S
20241112;103546;0.0793;40000;11410809161;S
20241112;103551;0.0793;200000;11410810400;S
20241112;103551;0.0793;200000;11410810401;S
20241112;103552;0.07932;10000;11410810740;B
20241112;103614;0.0793;200000;11410815385;S
20241112;103614;0.0793;200000;11410815386;S
20241112;103614;0.0793;810000;11410815387;S
20241112;103614;0.0793;50000;11410815388;S
20241112;103614;0.0793;10000;11410815389;S
20241112;103614;0.0793;10000;11410815390;S
20241112;103614;0.0793;10000;11410815391;S
20241112;103617;0.07926;200000;11410816084;S
20241112;103617;0.07926;100000;11410816089;S
20241112;103618;0.07926;10000;11410816211;S
20241112;103619;0.07926;10000;11410816268;B
20241112;103619;0.07924;20000;11410816340;S
20241112;103619;0.07924;210000;11410816341;S
20241112;103620;0.07924;130000;11410816650;S
20241112;103624;0.07924;60000;11410817239;S
20241112;103624;0.07924;10000;11410817240;S
20241112;103624;0.07922;10000;11410817241;S
20241112;103624;0.07922;10000;11410817242;S
20241112;103624;0.07922;10000;11410817243;S
20241112;103631;0.07922;20000;11410818164;S
20241112;103631;0.07922;10000;11410818165;S
20241112;103631;0.07922;230000;11410818166;S
20241112;103631;0.0792;3880000;11410818167;S
20241112;103631;0.0792;190000;11410818168;S
20241112;103632;0.07922;190000;11410818363;B
20241112;103632;0.07922;110000;11410818364;B
20241112;103635;0.0792;10000;11410818758;S
20241112;103636;0.0792;920000;11410818948;S
20241112;103636;0.0792;20000;11410818949;S
20241112;103636;0.0792;10000;11410818950;S
20241112;103636;0.0792;10000;11410818951;S
20241112;103636;0.07916;10000;11410818952;S
20241112;103636;0.07916;50000;11410818953;S
20241112;103636;0.07916;10000;11410818954;S
20241112;103636;0.07916;500000;11410818955;S
20241112;103636;0.07916;30000;11410818956;S
20241112;103636;0.07916;10000;11410818957;S
20241112;103636;0.07914;10000;11410818958;S
20241112;103636;0.07914;400000;11410818959;S
20241112;103636;0.07912;20000;11410818960;S
20241112;103636;0.07914;10000;11410818969;S
20241112;103636;0.07912;20000;11410818970;S
20241112;103636;0.07912;10000;11410818971;S
20241112;103636;0.07912;180000;11410818972;S
20241112;103636;0.07912;220000;11410818973;S
20241112;103636;0.07912;660000;11410818974;S
20241112;103636;0.07912;130000;11410818975;S
20241112;103636;0.07912;500000;11410818976;S
20241112;103636;0.0791;360000;11410818977;S
20241112;103637;0.0791;640000;11410819010;S
20241112;103637;0.0791;10000;11410819011;S
20241112;103637;0.0791;10000;11410819012;S
20241112;103637;0.0791;10000;11410819013;S
20241112;103637;0.07908;10000;11410819014;S
20241112;103637;0.07908;1620000;11410819015;S
20241112;103637;0.07908;3700000;11410819016;S
20241112;103640;0.07918;100000;11410819541;B
20241112;103655;0.07918;670000;11410821477;S
20241112;103658;0.0792;10000;11410821995;B
20241112;103658;0.07922;520000;11410821996;B
20241112;103658;0.07922;40000;11410821997;B
20241112;103658;0.07924;1930000;11410821998;B
20241112;103714;0.07922;10000;11410824727;S
20241112;103714;0.07926;330000;11410824752;B
20241112;103733;0.0793;10000;11410828356;B
20241112;103743;0.07934;500000;11410829815;B
20241112;103745;0.07932;10000;11410830161;S
20241112;103807;0.0793;50000;11410833344;S
20241112;103808;0.07928;170000;11410833460;S
20241112;103810;0.07928;70000;11410833643;S
20241112;103810;0.07926;190000;11410833644;S
20241112;103829;0.0793;30000;11410836639;B
20241112;103843;0.0794;10000;11410838789;B
20241112;103843;0.0794;30000;11410838790;B
20241112;103843;0.0794;60000;11410838791;B
20241112;103843;0.0794;160000;11410838792;B
20241112;103843;0.07942;10000;11410838793;B
20241112;103843;0.07942;30000;11410838794;B
20241112;103843;0.07942;210000;11410838795;B
20241112;103843;0.07942;380000;11410838796;B
20241112;103843;0.07942;60000;11410838797;B
20241112;103843;0.07942;50000;11410838798;B
20241112;103900;0.07942;10000;11410841298;B
20241112;103901;0.07936;10000;11410841537;S
20241112;103904;0.0794;110000;11410841800;B
20241112;103904;0.0794;190000;11410841801;B
20241112;103931;0.07942;100000;11410845748;B
20241112;103931;0.07944;150000;11410845749;B
20241112;103950;0.0794;90000;11410848204;S
20241112;103950;0.07938;10000;11410848205;S
20241112;103950;0.07938;50000;11410848206;S
20241112;104016;0.0794;10000;11410852185;S
20241112;104018;0.07946;50000;11410852423;B
20241112;104018;0.07946;480000;11410852424;B
20241112;104045;0.07946;470000;11410855788;S
20241112;104045;0.07942;100000;11410855789;S
20241112;104045;0.0794;470000;11410855790;S
20241112;104045;0.0794;100000;11410855791;S
20241112;104045;0.07938;30000;11410855792;S
20241112;104045;0.07938;1620000;11410855793;S
20241112;104045;0.07938;100000;11410855794;S
20241112;104045;0.07936;2110000;11410855795;S
20241112;104046;0.07938;170000;11410855869;S
20241112;104047;0.07938;60000;11410855913;S
20241112;104054;0.07932;10000;11410856664;S
20241112;104054;0.07932;110000;11410856665;S
20241112;104054;0.0793;120000;11410856666;S
20241112;104054;0.0793;30000;11410856667;S
20241112;104058;0.0793;60000;11410857024;S
20241112;104058;0.07928;500000;11410857025;S
20241112;104058;0.07926;810000;11410857026;S
20241112;104058;0.07926;1250000;11410857027;S
20241112;104058;0.07926;500000;11410857028;S
20241112;104058;0.07922;400000;11410857029;S
20241112;104058;0.07922;210000;11410857030;S
20241112;104058;0.07922;240000;11410857031;S
20241112;104058;0.07922;400000;11410857032;S
20241112;104058;0.07922;140000;11410857033;S
20241112;104058;0.0792;400000;11410857034;S
20241112;104058;0.07916;10000;11410857035;S
20241112;104058;0.07916;80000;11410857036;S
20241112;104115;0.07928;30000;11410859313;B
20241112;104126;0.0793;470000;11410861378;B
20241112;104126;0.07932;500000;11410861379;B
20241112;104126;0.07932;400000;11410861380;B
20241112;104126;0.07932;400000;11410861381;B
20241112;104126;0.07934;1230000;11410861382;B
20241112;104132;0.07936;400000;11410862356;B
20241112;104144;0.07934;50000;11410864248;B
20241112;104145;0.0793;10000;11410864326;B
20241112;104204;0.07926;720000;11410866790;B
20241112;104204;0.07928;210000;11410866791;B
20241112;104204;0.07936;670000;11410866792;B
20241112;104216;0.0793;20000;11410868147;S
20241112;104227;0.0793;480000;11410869877;S
20241112;104227;0.0793;170000;11410869878;S
20241112;104230;0.07928;10000;11410870230;S
20241112;104255;0.07924;10000;11410874219;B
20241112;104256;0.07922;100000;11410874366;B
20241112;104319;0.07918;60000;11410878851;S
20241112;104320;0.07916;100000;11410879065;S
20241112;104322;0.0792;30000;11410879514;B
20241112;104351;0.07916;10000;11410884555;B
20241112;104354;0.07914;10000;11410885082;S
20241112;104354;0.07914;410000;11410885083;S
20241112;104358;0.07912;70000;11410885698;S
20241112;104411;0.07914;20000;11410887479;B
20241112;104418;0.07912;130000;11410888482;S
20241112;104419;0.07914;500000;11410888489;B
20241112;104426;0.07914;210000;11410889388;S
20241112;104428;0.07912;710000;11410889635;S
20241112;104428;0.07912;10000;11410889636;S
20241112;104428;0.07912;10000;11410889637;S
20241112;104439;0.07912;100000;11410891407;S
20241112;104440;0.0791;100000;11410891550;S
20241112;104440;0.0791;100000;11410891551;S
20241112;104443;0.07914;100000;11410892151;B
20241112;104454;0.07916;260000;11410894105;B
20241112;104502;0.07912;50000;11410895225;S
20241112;104502;0.0791;100000;11410895226;S
20241112;104502;0.0791;10000;11410895227;S
20241112;104502;0.0791;10000;11410895228;S
20241112;104502;0.0791;1040000;11410895229;S
20241112;104515;0.07908;10000;11410897065;S
20241112;104515;0.07908;10000;11410897066;S
20241112;104515;0.07908;100000;11410897067;S
20241112;104515;0.07908;100000;11410897068;S
20241112;104515;0.07908;10000;11410897069;S
20241112;104515;0.07908;10000;11410897070;S
20241112;104530;0.07906;10000;11410899075;S
20241112;104530;0.07906;10000;11410899076;S
20241112;104530;0.07906;10000;11410899077;S
20241112;104530;0.07906;80000;11410899078;S
20241112;104530;0.07906;10000;11410899079;S
20241112;104530;0.07906;30000;11410899080;S
20241112;104530;0.07906;400000;11410899081;S
20241112;104530;0.07906;30000;11410899095;B
20241112;104530;0.07904;50000;11410899097;S
20241112;104530;0.07904;110000;11410899098;S
20241112;104530;0.07904;290000;11410899110;S
20241112;104530;0.07904;100000;11410899111;S
20241112;104530;0.07904;170000;11410899112;S
20241112;104530;0.07904;170000;11410899113;S
20241112;104530;0.07904;10000;11410899114;S
20241112;104530;0.07904;130000;11410899115;S
20241112;104530;0.07902;10000;11410899116;S
20241112;104530;0.07902;10000;11410899117;S
20241112;104530;0.07902;10000;11410899118;S
20241112;104530;0.07902;90000;11410899170;S
20241112;104530;0.07902;30000;11410899171;S
20241112;104530;0.079;80000;11410899172;S
20241112;104531;0.07902;20000;11410899288;S
20241112;104531;0.079;220000;11410899289;S
20241112;104531;0.079;10000;11410899290;S
20241112;104531;0.079;120000;11410899292;S
20241112;104531;0.079;10000;11410899293;S
20241112;104531;0.079;30000;11410899294;S
20241112;104531;0.079;140000;11410899295;S
20241112;104531;0.079;1360000;11410899306;S
20241112;104531;0.079;30000;11410899307;S
20241112;104531;0.079;20000;11410899308;S
20241112;104531;0.079;590000;11410899309;S
20241112;104531;0.079;160000;11410899322;S
20241112;104532;0.07906;570000;11410899409;B
20241112;104533;0.07906;10000;11410899479;B
20241112;104543;0.07904;20000;11410900733;B
20241112;104607;0.079;250000;11410903474;S
20241112;104607;0.079;400000;11410903475;S
20241112;104607;0.079;20000;11410903476;S
20241112;104607;0.079;10000;11410903477;S
20241112;104607;0.079;30000;11410903478;S
20241112;104607;0.079;100000;11410903479;S
20241112;104607;0.079;10000;11410903480;S
20241112;104607;0.079;10000;11410903481;S
20241112;104607;0.079;30000;11410903482;S
20241112;104607;0.079;10000;11410903483;S
20241112;104607;0.079;210000;11410903484;S
20241112;104614;0.079;300000;11410904539;B
20241112;104647;0.07898;10000;11410908012;S
20241112;104656;0.07898;100000;11410909344;B
20241112;104705;0.07898;2500000;11410910716;B
20241112;104714;0.07896;10000;11410912004;S
20241112;104714;0.07896;140000;11410912005;S
20241112;104717;0.07898;100000;11410912676;B
20241112;104717;0.07898;90000;11410912677;B
20241112;104723;0.07898;10000;11410913606;B
20241112;104740;0.07898;100000;11410916049;B
20241112;104744;0.07898;1000000;11410916435;B
20241112;104744;0.07898;80000;11410916436;B
20241112;104750;0.07896;10000;11410917440;S
20241112;104750;0.07896;100000;11410917441;S
20241112;104751;0.07894;50000;11410917614;S
20241112;104751;0.07892;50000;11410917615;S
20241112;104751;0.07892;10000;11410917616;S
20241112;104751;0.07892;10000;11410917617;S
20241112;104751;0.07892;100000;11410917654;S
20241112;104751;0.07892;30000;11410917655;S
20241112;104754;0.07892;20000;11410918150;B
20241112;104755;0.07892;50000;11410918301;B
20241112;104800;0.0789;50000;11410918925;S
20241112;104800;0.0789;150000;11410918926;S
20241112;104803;0.0789;350000;11410919704;S
20241112;104803;0.0789;10000;11410919705;S
20241112;104803;0.0789;140000;11410919706;S
20241112;104804;0.0789;260000;11410919865;S
20241112;104804;0.0789;240000;11410919866;S
20241112;104804;0.0789;500000;11410920017;S
20241112;104813;0.0789;200000;11410922792;S
20241112;104813;0.0789;150000;11410922793;S
20241112;104813;0.0789;300000;11410922794;S
20241112;104813;0.0789;50000;11410922795;S
20241112;104813;0.0789;20000;11410922796;S
20241112;104813;0.0789;50000;11410922797;S
20241112;104813;0.0789;150000;11410922798;S
20241112;104813;0.0789;150000;11410922799;S
20241112;104813;0.0789;10000;11410922800;S
20241112;104813;0.0789;1950000;11410922801;S
20241112;104813;0.0789;50000;11410922816;S
20241112;104814;0.0789;90000;11410923143;S
20241112;104815;0.0789;10000;11410923290;S
20241112;104826;0.07892;150000;11410925391;B
20241112;104826;0.07892;290000;11410925392;B
20241112;104826;0.07894;240000;11410925393;B
20241112;104826;0.07894;210000;11410925394;B
20241112;104826;0.07894;110000;11410925395;B
20241112;104826;0.07894;330000;11410925399;B
20241112;104828;0.07894;90000;11410925734;B
20241112;104829;0.07892;40000;11410925895;B
20241112;104842;0.07894;90000;11410928173;B
20241112;104846;0.07894;180000;11410929402;B
20241112;104857;0.07898;20000;11410931502;B
20241112;104903;0.07894;10000;11410932363;S
20241112;104903;0.07892;50000;11410932364;S
20241112;104903;0.07892;160000;11410932365;S
20241112;104903;0.07892;190000;11410932366;S
20241112;104903;0.07898;40000;11410932416;B
20241112;104903;0.07898;140000;11410932417;B
20241112;104909;0.07898;10000;11410933419;B
20241112;104918;0.07892;100000;11410934609;S
20241112;104920;0.07898;850000;11410934944;B
20241112;104920;0.07898;150000;11410934945;B
20241112;104920;0.07898;300000;11410934950;B
20241112;104938;0.07892;10000;11410940259;S
20241112;104946;0.07898;50000;11410941539;B
20241112;104946;0.07898;30000;11410941540;B
20241112;104947;0.07894;10000;11410941794;S
20241112;104947;0.07894;230000;11410941795;S
20241112;104947;0.07892;190000;11410941796;S
20241112;104947;0.07892;70000;11410941797;S
20241112;104959;0.07898;200000;11410943608;B
20241112;105006;0.07892;10000;11410945033;S
20241112;105007;0.07892;20000;11410945133;S
20241112;105007;0.0789;900000;11410945134;S
20241112;105007;0.0789;10000;11410945135;S
20241112;105007;0.0789;90000;11410945136;S
20241112;105007;0.0789;630000;11410945137;S
20241112;105022;0.07898;10000;11410948988;B
20241112;105024;0.07898;180000;11410949267;B
20241112;105032;0.07894;140000;11410950572;S
20241112;105058;0.07898;220000;11410954092;B
20241112;105058;0.07898;410000;11410954093;B
20241112;105058;0.07898;100000;11410954094;B
20241112;105059;0.07898;360000;11410954261;S
20241112;105100;0.07898;250000;11410954364;S
20241112;105109;0.079;100000;11410955741;B
20241112;105109;0.079;10000;11410955742;B
20241112;105109;0.079;390000;11410955743;B
20241112;105109;0.079;10000;11410955822;B
20241112;105121;0.079;5000000;11410957548;B
20241112;105121;0.079;600000;11410957549;B
20241112;105122;0.07906;20000;11410957633;S
20241112;105122;0.07904;20000;11410957634;S
20241112;105122;0.0791;10000;11410957672;B
20241112;105122;0.07912;130000;11410957673;B
20241112;105122;0.07912;30000;11410957674;B
20241112;105123;0.07914;70000;11410957754;B
20241112;105128;0.07908;100000;11410958594;B
20241112;105135;0.07916;10000;11410959980;B
20241112;105135;0.07914;50000;11410959981;S
20241112;105135;0.07914;80000;11410959982;S
20241112;105136;0.07918;1000000;11410960303;B
20241112;105143;0.07916;150000;11410961674;S
20241112;105143;0.07914;500000;11410961675;S
20241112;105143;0.07914;190000;11410961676;S
20241112;105143;0.07912;200000;11410961677;S
20241112;105143;0.07912;500000;11410961678;S
20241112;105143;0.07908;460000;11410961679;S
20241112;105148;0.07912;10000;11410963095;B
20241112;105153;0.07912;90000;11410963927;B
20241112;105153;0.07916;10000;11410963928;B
20241112;105221;0.07912;160000;11410968084;B
20241112;105221;0.07918;10000;11410968085;B
20241112;105221;0.07918;330000;11410968086;B
20241112;105240;0.0791;80000;11410970951;S
20241112;105240;0.07916;250000;11410971099;B
20241112;105256;0.0791;60000;11410973675;S
20241112;105256;0.0791;40000;11410973676;S
20241112;105300;0.07916;120000;11410974428;B
20241112;105311;0.07916;50000;11410975891;B
20241112;105311;0.07916;50000;11410975892;B
20241112;105311;0.07916;50000;11410975966;B
20241112;105311;0.07918;150000;11410975967;B
20241112;105311;0.07918;70000;11410976031;B
20241112;105312;0.07918;20000;11410976162;B
20241112;105328;0.07916;10000;11410979376;S
20241112;105336;0.0792;20000;11410980288;B
20241112;105337;0.0792;20000;11410980355;B
20241112;105400;0.0792;10000;11410983645;B
20241112;105418;0.0792;50000;11410986124;B
20241112;105418;0.0792;10000;11410986125;B
20241112;105419;0.0792;220000;11410986224;B
20241112;105447;0.07918;140000;11410989966;S
20241112;105540;0.07918;10000;11410998038;S
20241112;105555;0.07918;20000;11411000516;S
20241112;105555;0.07918;50000;11411000530;S
20241112;105555;0.07918;40000;11411000531;S
20241112;105555;0.07918;40000;11411000532;S
20241112;105556;0.07918;30000;11411000602;S
20241112;105556;0.07918;10000;11411000603;S
20241112;105556;0.07918;500000;11411000604;S
20241112;105556;0.07918;180000;11411000605;S
20241112;105614;0.07916;100000;11411004404;B
20241112;105614;0.07918;120000;11411004405;B
20241112;105614;0.07918;30000;11411004406;B
20241112;105622;0.07912;10000;11411005079;S
20241112;105631;0.07918;230000;11411005851;B
20241112;105631;0.07918;270000;11411005852;B
20241112;105636;0.07918;10000;11411006331;B
20241112;105641;0.07918;10000;11411006873;B
20241112;105647;0.07918;90000;11411007903;B
20241112;105650;0.0792;150000;11411008282;B
20241112;105650;0.0792;60000;11411008283;B
20241112;105707;0.0792;10000;11411011296;B
20241112;105707;0.0792;30000;11411011302;B
20241112;105707;0.0792;800000;11411011303;S
20241112;105707;0.0792;90000;11411011304;S
20241112;105707;0.07918;90000;11411011305;S
20241112;105713;0.07918;20000;11411012236;B
20241112;105719;0.07922;10000;11411013061;B
20241112;105719;0.07922;10000;11411013062;B
20241112;105719;0.07924;70000;11411013063;B
20241112;105720;0.07922;50000;11411013245;S
20241112;105720;0.0792;50000;11411013246;S
20241112;105752;0.07924;90000;11411017176;B
20241112;105803;0.07926;200000;11411018405;B
20241112;105803;0.07926;60000;11411018416;B
20241112;105818;0.07928;500000;11411020632;B
20241112;105821;0.07926;30000;11411021013;S
20241112;105843;0.07928;10000;11411027166;B
20241112;105859;0.07926;160000;11411030839;S
20241112;105904;0.07926;250000;11411032152;S
20241112;105906;0.07922;10000;11411032357;S
20241112;105917;0.07922;390000;11411034267;S
20241112;105926;0.0792;10000;11411035608;S
20241112;105926;0.0792;30000;11411035609;S
20241112;105959;0.07918;80000;11411041936;S
20241112;105959;0.07918;400000;11411041937;S
20241112;105959;0.07918;80000;11411041938;B
20241112;110003;0.07918;320000;11411042666;S
20241112;110004;0.07916;200000;11411042771;S
20241112;110007;0.07916;100000;11411043168;S
20241112;110008;0.07916;50000;11411043406;S
20241112;110008;0.07914;200000;11411043407;S
20241112;110012;0.07914;30000;11411043859;S
20241112;110014;0.07914;20000;11411044105;S
20241112;110015;0.07914;10000;11411044293;S
20241112;110023;0.07914;10000;11411045525;S
20241112;110029;0.07914;270000;11411046493;S
20241112;110030;0.07914;80000;11411046502;S
20241112;110039;0.07914;10000;11411048114;S
20241112;110040;0.07916;30000;11411048154;S
20241112;110043;0.07916;10000;11411048534;S
20241112;110046;0.07916;20000;11411049022;S
20241112;110057;0.07914;160000;11411050649;S
20241112;110058;0.07914;200000;11411050823;S
20241112;110140;0.07916;50000;11411060741;B
20241112;110205;0.07916;90000;11411065590;B
20241112;110214;0.07916;60000;11411067107;B
20241112;110220;0.0792;30000;11411068044;B
20241112;110221;0.0792;490000;11411068373;B
20241112;110221;0.0792;20000;11411068374;B
20241112;110221;0.07926;220000;11411068798;B
20241112;110229;0.07928;100000;11411072166;B
20241112;110229;0.07928;20000;11411072167;B
20241112;110230;0.07928;50000;11411073142;B
20241112;110231;0.07928;40000;11411073692;B
20241112;110232;0.07928;50000;11411074177;B
20241112;110234;0.07928;30000;11411074885;B
20241112;110235;0.07928;40000;11411075319;B
20241112;110235;0.07928;100000;11411075320;B
20241112;110237;0.07928;10000;11411076096;S
20241112;110238;0.0793;10000;11411076535;B
20241112;110238;0.07932;400000;11411076536;B
20241112;110238;0.07934;30000;11411076537;B
20241112;110238;0.07934;60000;11411076539;S
20241112;110242;0.07932;40000;11411078132;B
20241112;110243;0.07932;10000;11411078513;B
20241112;110244;0.07932;170000;11411078704;B
20241112;110244;0.07932;420000;11411078804;B
20241112;110244;0.07936;10000;11411078805;B
20241112;110244;0.07938;520000;11411078806;B
20241112;110244;0.0794;10000;11411078807;B
20241112;110244;0.0794;590000;11411078808;B
20241112;110245;0.0794;220000;11411079233;S
20241112;110245;0.0794;390000;11411079234;S
20241112;110247;0.07942;10000;11411080063;B
20241112;110247;0.07942;10000;11411080064;B
20241112;110247;0.07944;350000;11411080065;B
20241112;110247;0.07944;130000;11411080066;B
20241112;110250;0.07944;20000;11411082136;B
20241112;110251;0.07944;70000;11411082943;B
20241112;110251;0.07946;10000;11411083099;B
20241112;110254;0.07946;170000;11411084346;B
20241112;110254;0.07948;30000;11411084348;B
20241112;110254;0.07946;20000;11411084375;B
20241112;110255;0.07946;70000;11411084958;B
20241112;110255;0.07948;20000;11411084959;B
20241112;110255;0.07948;60000;11411084960;B
20241112;110255;0.07948;10000;11411084961;B
20241112;110255;0.07948;1600000;11411084962;B
20241112;110255;0.07948;400000;11411084963;B
20241112;110255;0.0795;50000;11411084964;B
20241112;110255;0.0795;1780000;11411084965;B
20241112;110256;0.07946;70000;11411085335;S
20241112;110256;0.07948;400000;11411085501;B
20241112;110256;0.0795;600000;11411085502;B
20241112;110257;0.07948;40000;11411085864;B
20241112;110258;0.07948;10000;11411086385;B
20241112;110259;0.07948;300000;11411086570;S
20241112;110306;0.07948;10000;11411088919;S
20241112;110309;0.0795;230000;11411089844;B
20241112;110327;0.0795;100000;11411093964;B
20241112;110332;0.0795;30000;11411095522;B
20241112;110339;0.07948;110000;11411097000;S
20241112;110339;0.07948;50000;11411097001;S
20241112;110340;0.0795;6250000;11411097206;B
20241112;110340;0.0795;10000;11411097207;B
20241112;110340;0.0795;80000;11411097208;B
20241112;110340;0.07952;10000;11411097209;B
20241112;110341;0.07956;20000;11411097407;B
20241112;110341;0.07958;10000;11411097408;B
20241112;110341;0.07958;130000;11411097409;B
20241112;110341;0.07952;60000;11411097474;S
20241112;110344;0.07954;10000;11411097985;B
20241112;110355;0.07956;10000;11411100945;B
20241112;110355;0.07956;10000;11411100946;B
20241112;110357;0.07954;10000;11411101993;S
20241112;110426;0.07952;150000;11411110588;S
20241112;110426;0.07952;70000;11411110589;S
20241112;110432;0.07952;10000;11411112823;B
20241112;110436;0.07952;390000;11411114037;B
20241112;110447;0.0795;70000;11411117773;S
20241112;110447;0.0795;20000;11411117774;S
20241112;110454;0.07948;850000;11411119887;S
20241112;110454;0.07948;40000;11411119888;S
20241112;110505;0.07944;510000;11411122765;S
20241112;110505;0.07942;200000;11411122766;S
20241112;110507;0.07946;860000;11411123301;B
20241112;110507;0.07946;140000;11411123302;B
20241112;110507;0.07946;10000;11411123303;B
20241112;110507;0.07948;500000;11411123304;B
20241112;110507;0.07948;140000;11411123305;B
20241112;110507;0.0795;170000;11411123306;B
20241112;110507;0.0795;260000;11411123307;B
20241112;110507;0.07952;210000;11411123308;B
20241112;110507;0.07954;90000;11411123309;B
20241112;110507;0.07954;220000;11411123310;B
20241112;110507;0.07954;170000;11411123311;B
20241112;110507;0.07954;2100000;11411123312;B
20241112;110507;0.07954;1250000;11411123313;B
20241112;110507;0.07956;400000;11411123314;B
20241112;110507;0.07956;370000;11411123315;S
20241112;110533;0.07958;10000;11411129910;B
20241112;110533;0.07958;100000;11411129911;B
20241112;110535;0.07958;10000;11411133085;S
20241112;110536;0.07958;70000;11411133437;S
20241112;110536;0.07958;10000;11411134372;B
20241112;110536;0.0796;10000;11411134373;B
20241112;110536;0.0796;120000;11411134374;B
20241112;110536;0.0796;270000;11411134375;B
20241112;110538;0.0796;70000;11411135834;B
20241112;110538;0.0796;340000;11411135835;B
20241112;110539;0.0796;360000;11411137425;B
20241112;110539;0.0796;50000;11411137426;B
20241112;110539;0.0796;40000;11411137427;B
20241112;110539;0.07958;10000;11411137619;S
20241112;110540;0.0796;110000;11411138722;B
20241112;110540;0.07962;300000;11411138723;B
20241112;110540;0.07962;10000;11411138724;B
20241112;110618;0.07962;230000;11411182433;B
20241112;110618;0.07962;680000;11411182441;B
20241112;110618;0.07962;10000;11411182442;B
20241112;110618;0.07964;200000;11411182446;B
20241112;110618;0.07966;70000;11411182452;B
20241112;110618;0.07966;10000;11411182453;B
20241112;110618;0.07966;130000;11411182454;B
20241112;110618;0.07966;150000;11411182466;S
20241112;110618;0.07964;650000;11411182467;S
20241112;110618;0.07964;600000;11411182471;S
20241112;110618;0.07964;500000;11411182472;S
20241112;110622;0.07964;10000;11411186550;B
20241112;110622;0.07966;140000;11411186551;B
20241112;110622;0.07966;120000;11411187549;B
20241112;110622;0.07966;100000;11411187740;B
20241112;110623;0.07966;20000;11411188806;B
20241112;110623;0.07964;10000;11411188820;S
20241112;110624;0.07966;300000;11411189931;B
20241112;110626;0.07966;1860000;11411192444;B
20241112;110626;0.07966;100000;11411192445;B
20241112;110626;0.07968;2960000;11411192446;B
20241112;110627;0.07972;10000;11411193786;S
20241112;110631;0.07974;10000;11411199177;S
20241112;110634;0.07976;10000;11411202916;B
20241112;110635;0.07976;10000;11411203703;S
20241112;110638;0.07978;10000;11411207728;B
20241112;110638;0.07978;60000;11411207729;B
20241112;110638;0.0798;30000;11411207737;B
20241112;110638;0.0798;20000;11411207738;B
20241112;110639;0.0798;30000;11411209018;B
20241112;110639;0.07978;150000;11411209019;S
20241112;110639;0.07978;50000;11411209020;S
20241112;110639;0.07978;20000;11411209021;S
20241112;110640;0.07978;10000;11411210298;S
20241112;110643;0.07978;30000;11411213427;B
20241112;110643;0.07978;10000;11411213428;B
20241112;110643;0.0798;180000;11411213575;B
20241112;110644;0.0798;50000;11411214102;B
20241112;110650;0.07976;60000;11411219051;S
20241112;110651;0.07978;1400000;11411219926;B
20241112;110651;0.0798;10000;11411219927;B
20241112;110655;0.0798;1120000;11411223155;S
20241112;110656;0.0798;100000;11411224705;S
20241112;110656;0.0798;450000;11411224708;S
20241112;110656;0.0798;10000;11411224709;S
20241112;110656;0.0798;10000;11411224710;S
20241112;110656;0.07978;70000;11411224722;S
20241112;110656;0.07978;470000;11411224723;S
20241112;110657;0.07978;30000;11411225515;S
20241112;110657;0.07976;150000;11411225516;S
20241112;110710;0.07978;100000;11411236607;B
20241112;110713;0.07978;130000;11411240081;B
20241112;110725;0.07978;200000;11411251490;S
20241112;110728;0.07978;1000000;11411254216;S
20241112;110741;0.07978;200000;11411268715;S
20241112;110745;0.07976;30000;11411273123;B
20241112;110802;0.0797;10000;11411291700;S
20241112;110802;0.07968;10000;11411291701;S
20241112;110822;0.07968;40000;11411313948;B
20241112;110824;0.07972;10000;11411315862;B
20241112;110838;0.07972;80000;11411331011;B
20241112;110838;0.07972;60000;11411331012;B
20241112;110850;0.07972;200000;11411344903;S
20241112;110902;0.07972;430000;11411357081;S
20241112;110902;0.0797;100000;11411357083;S
20241112;110902;0.0797;300000;11411357084;S
20241112;110902;0.07968;120000;11411357085;S
20241112;110906;0.07962;20000;11411360785;S
20241112;110926;0.07962;30000;11411384149;S
20241112;110926;0.07962;50000;11411384150;S
20241112;110926;0.07962;80000;11411384151;S
20241112;110926;0.0796;50000;11411384152;S
20241112;110926;0.0796;10000;11411384153;S
20241112;110926;0.0796;240000;11411384154;S
20241112;110926;0.0796;400000;11411384155;S
20241112;110926;0.07958;500000;11411384156;S
20241112;110926;0.07958;1500000;11411384157;S
20241112;110926;0.07956;1140000;11411384158;S
20241112;110929;0.07958;70000;11411387201;S
20241112;110934;0.0796;10000;11411392884;S
20241112;110934;0.0796;30000;11411392885;S
20241112;111007;0.0797;390000;11411428243;B
20241112;111007;0.07972;110000;11411428244;B
20241112;111011;0.07966;40000;11411431756;S
20241112;111011;0.07964;10000;11411431757;S
20241112;111011;0.07962;60000;11411431758;S
20241112;111025;0.0796;20000;11411444740;S
20241112;111026;0.07952;10000;11411445084;B
20241112;111027;0.0795;10000;11411445922;S
20241112;111027;0.0795;490000;11411445923;S
20241112;111033;0.07952;500000;11411452644;S
20241112;111036;0.07952;10000;11411454755;S
20241112;111038;0.07952;10000;11411457258;S
20241112;111045;0.07952;30000;11411463295;S
20241112;111046;0.07952;920000;11411464035;S
20241112;111046;0.07948;10000;11411464036;S
20241112;111046;0.07944;120000;11411464037;S
20241112;111048;0.07944;90000;11411466309;B
20241112;111048;0.07944;70000;11411466310;B
20241112;111056;0.07942;10000;11411473681;S
20241112;111056;0.07942;10000;11411473682;S
20241112;111056;0.0794;10000;11411473950;S
20241112;111056;0.0794;280000;11411473951;S
20241112;111058;0.07938;10000;11411476168;S
20241112;111118;0.07942;100000;11411496997;B
20241112;111118;0.07946;70000;11411497350;S
20241112;111118;0.07944;500000;11411497351;S
20241112;111118;0.07944;70000;11411497352;S
20241112;111122;0.07944;360000;11411501633;B
20241112;111124;0.07946;70000;11411503521;S
20241112;111124;0.07944;10000;11411503522;S
20241112;111144;0.0795;10000;11411525728;B
20241112;111144;0.07952;10000;11411525729;B
20241112;111144;0.07952;500000;11411525730;B
20241112;111146;0.07954;70000;11411528270;S
20241112;111146;0.07952;70000;11411528271;S
20241112;111146;0.07952;500000;11411528272;S
20241112;111146;0.0795;360000;11411528273;S
20241112;111255;0.0795;100000;11411602813;S
20241112;111304;0.07954;20000;11411612216;S
20241112;111403;0.0796;10000;11411670247;B
20241112;111407;0.0796;10000;11411674181;S
20241112;111407;0.0796;10000;11411674182;S
20241112;111407;0.07958;100000;11411674183;S
20241112;111407;0.07956;100000;11411674184;S
20241112;111407;0.07956;500000;11411674185;S
20241112;111407;0.07954;10000;11411674186;S
20241112;111407;0.07954;100000;11411674187;S
20241112;111407;0.07954;210000;11411674188;S
20241112;111407;0.07954;100000;11411674597;B
20241112;111426;0.07954;300000;11411693945;B
20241112;111437;0.07954;100000;11411706424;B
20241112;111447;0.07954;440000;11411716844;B
20241112;111450;0.07954;20000;11411721078;B
20241112;111514;0.07952;100000;11411747445;S
20241112;111529;0.07952;80000;11411764667;S
20241112;111529;0.07954;3000000;11411764711;B
20241112;111603;0.07954;1620000;11411803023;S
20241112;111603;0.07954;310000;11411803024;S
20241112;111603;0.07954;270000;11411803025;S
20241112;111603;0.07952;1250000;11411803026;S
20241112;111603;0.07952;210000;11411803027;S
20241112;111603;0.07952;270000;11411803028;S
20241112;111603;0.07952;330000;11411803029;S
20241112;111636;0.07954;160000;11411843218;S
20241112;111636;0.07952;400000;11411843246;S
20241112;111636;0.07952;100000;11411843247;S
20241112;111639;0.07954;160000;11411846156;B
20241112;111639;0.07954;760000;11411846157;B
20241112;111639;0.07954;210000;11411846158;B
20241112;111639;0.07956;150000;11411846159;B
20241112;111639;0.07956;360000;11411846160;B
20241112;111639;0.07956;2590000;11411846161;B
20241112;111639;0.07956;500000;11411846162;B
20241112;111639;0.0796;1250000;11411846163;B
20241112;111639;0.0796;500000;11411846164;B
20241112;111639;0.07966;400000;11411846165;B
20241112;111639;0.07966;80000;11411846166;B
20241112;111639;0.07968;10000;11411846167;B
20241112;111639;0.07968;400000;11411846168;B
20241112;111639;0.07968;400000;11411846169;B
20241112;111639;0.07968;800000;11411846170;B
20241112;111639;0.0797;400000;11411846171;B
20241112;111639;0.0797;1840000;11411846172;S
20241112;111639;0.0797;7550000;11411846173;S
20241112;111639;0.0797;400000;11411846177;S
20241112;111639;0.0797;1880000;11411846178;S
20241112;111639;0.0797;1210000;11411846179;S
20241112;111639;0.07972;80000;11411846180;B
20241112;111639;0.07972;420000;11411846181;B
20241112;111639;0.0797;4000000;11411846203;S
20241112;111639;0.0797;1890000;11411846230;S
20241112;111639;0.0797;100000;11411846231;S
20241112;111639;0.07972;20000;11411846519;B
20241112;111639;0.07972;50000;11411846563;B
20241112;111639;0.07972;30000;11411846638;B
20241112;111647;0.0797;1270000;11411855314;S
20241112;111700;0.07972;200000;11411865915;B
20241112;111701;0.0797;1700000;11411867417;S
20241112;111706;0.0797;20000;11411871166;S
20241112;111707;0.0797;710000;11411872383;S
20241112;111707;0.0797;1100000;11411872386;S
20241112;111712;0.0797;70000;11411877301;S
20241112;111712;0.0797;10000;11411877302;S
20241112;111718;0.0797;190000;11411882794;S
20241112;111718;0.0797;320000;11411882950;S
20241112;111722;0.0797;10000;11411887272;S
20241112;111724;0.0797;3200000;11411888663;S
20241112;111726;0.0797;70000;11411891214;S
20241112;111738;0.0797;1680000;11411903667;S
20241112;111738;0.0797;420000;11411903671;S
20241112;111740;0.0797;10000;11411905075;S
20241112;111740;0.0797;170000;11411905260;S
20241112;111740;0.0797;690000;11411905261;S
20241112;111740;0.0797;10000;11411905262;S
20241112;111740;0.0797;1920000;11411905298;S
20241112;111740;0.0797;170000;11411905326;S
20241112;111741;0.0797;2500000;11411905907;S
20241112;111741;0.0797;1200000;11411905917;S
20241112;111741;0.0797;170000;11411907043;S
20241112;111741;0.0797;170000;11411907109;S
20241112;111742;0.0797;170000;11411908676;S
20241112;111744;0.0797;170000;11411910322;S
20241112;111745;0.07972;1250000;11411911481;B
20241112;111745;0.07972;210000;11411911482;B
20241112;111745;0.07972;500000;11411911483;B
20241112;111745;0.07972;100000;11411911484;B
20241112;111745;0.07974;210000;11411911485;B
20241112;111745;0.07974;1680000;11411911486;B
20241112;111745;0.07976;10000;11411911487;B
20241112;111745;0.07978;10000;11411911488;B
20241112;111745;0.07978;3000000;11411911489;B
20241112;111745;0.07978;500000;11411911490;B
20241112;111745;0.0798;500000;11411911491;B
20241112;111745;0.0798;210000;11411911492;B
20241112;111745;0.0798;260000;11411911493;B
20241112;111745;0.07982;10000;11411911494;B
20241112;111745;0.07982;1620000;11411911495;B
20241112;111745;0.07984;1930000;11411911496;B
20241112;111747;0.07972;10000;11411914029;S
20241112;111800;0.07972;10000;11411928420;S
20241112;111816;0.07972;240000;11411946007;S
20241112;111816;0.07972;400000;11411946008;S
20241112;111816;0.0797;4360000;11411946009;S
20241112;111831;0.0797;10000;11411963705;S
20241112;111838;0.0797;100000;11411972152;S
20241112;111853;0.0797;10000;11411988340;S
20241112;111904;0.0797;30000;11412000886;S
20241112;111909;0.0797;1000000;11412007290;S
20241112;111911;0.0797;200000;11412008649;S
20241112;111933;0.0797;3000000;11412033804;S
20241112;111937;0.0797;140000;11412038634;S
20241112;111945;0.0797;40000;11412048018;S
20241112;111946;0.0797;20000;11412049464;S
20241112;111948;0.0797;10000;11412050835;S
20241112;111950;0.07972;10000;11412053313;B
20241112;111950;0.07972;180000;11412053314;B
20241112;111950;0.07974;10000;11412053315;B
20241112;111951;0.07972;10000;11412054861;S
20241112;112022;0.0797;600000;11412086866;S
20241112;112024;0.07972;100000;11412088721;B
20241112;112029;0.0797;1000000;11412092735;S
20241112;112058;0.0797;500000;11412121463;S
20241112;112113;0.07972;250000;11412136960;B
20241112;112113;0.07972;500000;11412136961;B
20241112;112118;0.07972;220000;11412141901;S
20241112;112140;0.07972;10000;11412165665;S
20241112;112156;0.07974;100000;11412182340;B
20241112;112156;0.07974;250000;11412182341;B
20241112;112202;0.07972;10000;11412188292;S
20241112;112206;0.07972;740000;11412193545;S
20241112;112206;0.07972;200000;11412193546;S
20241112;112206;0.0797;60000;11412193547;S
20241112;112233;0.07974;50000;11412220113;B
20241112;112236;0.07974;20000;11412223399;B
20241112;112239;0.07974;180000;11412226536;B
20241112;112239;0.07974;220000;11412226537;B
20241112;112302;0.0797;500000;11412241837;S
20241112;112322;0.0797;1070000;11412245240;S
20241112;112322;0.0797;190000;11412245241;S
20241112;112344;0.07976;60000;11412248458;B
20241112;112352;0.07976;80000;11412249501;B
20241112;112456;0.07976;40000;11412260117;S
20241112;112456;0.07974;10000;11412260118;S
20241112;112457;0.07978;250000;11412260289;B
20241112;112500;0.07978;10000;11412260811;B
20241112;112500;0.07978;90000;11412260812;B
20241112;112508;0.07978;10000;11412262100;B
20241112;112526;0.07978;10000;11412264673;B
20241112;112527;0.07978;40000;11412264880;B
20241112;112535;0.07972;10000;11412266488;S
20241112;112536;0.07972;50000;11412266718;S
20241112;112629;0.07978;10000;11412274529;B
20241112;112629;0.07978;80000;11412274530;B
20241112;112629;0.0798;10000;11412274531;B
20241112;112629;0.0798;980000;11412274532;B
20241112;112629;0.0798;1020000;11412274533;B
20241112;112629;0.0798;70000;11412274534;B
20241112;112629;0.07978;100000;11412274535;B
20241112;112629;0.07982;100000;11412274536;B
20241112;112629;0.07982;400000;11412274537;B
20241112;112629;0.07982;1100000;11412274538;B
20241112;112629;0.07984;500000;11412274539;B
20241112;112629;0.07984;180000;11412274544;B
20241112;112629;0.07984;220000;11412274545;B
20241112;112629;0.07984;400000;11412274547;B
20241112;112629;0.07986;10000;11412274548;B
20241112;112629;0.07988;400000;11412274549;B
20241112;112629;0.07988;380000;11412274550;B
20241112;112629;0.07988;130000;11412274552;B
20241112;112629;0.0799;80000;11412274553;B
20241112;112629;0.0799;1000000;11412274554;B
20241112;112629;0.07992;100000;11412274560;B
20241112;112629;0.07988;240000;11412274563;B
20241112;112629;0.07986;40000;11412274596;S
20241112;112630;0.07986;40000;11412274610;S
20241112;112633;0.07988;10000;11412275277;S
20241112;112636;0.07988;10000;11412275687;S
20241112;112640;0.07988;10000;11412276226;S
20241112;112814;0.07984;50000;11412287756;S
20241112;112826;0.07984;400000;11412288638;S
20241112;112826;0.07984;10000;11412288639;S
20241112;112835;0.07984;90000;11412289323;B
20241112;112835;0.07984;310000;11412289324;B
20241112;112858;0.07984;20000;11412291481;S
20241112;112907;0.07988;10000;11412292230;B
20241112;112926;0.07984;200000;11412293876;S
20241112;112926;0.07984;1160000;11412293877;S
20241112;112951;0.07984;200000;11412295916;S
20241112;112957;0.07984;20000;11412296394;S
20241112;113003;0.07984;10000;11412296863;S
20241112;113009;0.07988;30000;11412297558;B
20241112;113014;0.07984;40000;11412298029;S
20241112;113014;0.07984;180000;11412298098;S
20241112;113030;0.07984;10000;11412299833;S
20241112;113056;0.07988;10000;11412302156;B
20241112;113109;0.07986;50000;11412303631;B
20241112;113117;0.07988;160000;11412304398;B
20241112;113117;0.07988;300000;11412304399;B
20241112;113117;0.07988;140000;11412304400;B
20241112;113117;0.07988;1080000;11412304401;B
20241112;113204;0.07988;260000;11412308538;B
20241112;113210;0.07986;30000;11412309022;S
20241112;113210;0.07986;210000;11412309023;S
20241112;113210;0.07986;2360000;11412309024;S
20241112;113230;0.07986;10000;11412311105;S
20241112;113231;0.07986;220000;11412311203;S
20241112;113231;0.07984;310000;11412311204;S
20241112;113303;0.07988;10000;11412314857;B
20241112;113326;0.0799;20000;11412317620;S
20241112;113354;0.0799;10000;11412320753;S
20241112;113402;0.07992;10000;11412321471;B
20241112;113408;0.07988;20000;11412322392;S
20241112;113438;0.07986;10000;11412325064;S
20241112;113644;0.07988;50000;11412338536;S
20241112;113644;0.07988;30000;11412338537;S
20241112;113644;0.07988;10000;11412338538;S
20241112;113644;0.07988;110000;11412338539;S
20241112;113644;0.07986;230000;11412338648;S
20241112;113644;0.07986;500000;11412338650;S
20241112;113908;0.07986;50000;11412355439;S
20241112;113908;0.07986;10000;11412355440;S
20241112;113909;0.07984;500000;11412355699;S
20241112;113909;0.07984;220000;11412355921;S
20241112;113909;0.07984;350000;11412355985;S
20241112;113909;0.07984;10000;11412355986;S
20241112;113909;0.07984;140000;11412355987;S
20241112;113911;0.07984;30000;11412356516;S
20241112;113911;0.07984;10000;11412356582;S
20241112;113921;0.07984;30000;11412358895;S
20241112;113922;0.07984;10000;11412359124;S
20241112;113928;0.07984;30000;11412360405;S
20241112;113928;0.07982;220000;11412360505;S
20241112;113928;0.07982;220000;11412360672;S
20241112;113928;0.07982;170000;11412360687;S
20241112;113928;0.07982;90000;11412360698;S
20241112;113928;0.07982;10000;11412360699;S
20241112;113928;0.07982;30000;11412360700;S
20241112;113928;0.07982;10000;11412360739;S
20241112;113929;0.0798;10000;11412360828;S
20241112;113929;0.0798;490000;11412360829;S
20241112;113929;0.0798;170000;11412360885;S
20241112;113929;0.0798;170000;11412360941;S
20241112;113929;0.0798;170000;11412360985;S
20241112;113929;0.0798;170000;11412361025;S
20241112;113930;0.0798;210000;11412361266;S
20241112;113930;0.0798;5920000;11412361275;S
20241112;113930;0.0798;3450000;11412361285;S
20241112;113931;0.07978;10000;11412361533;S
20241112;113948;0.07974;10000;11412364200;S
20241112;113951;0.07972;20000;11412364581;S
20241112;113951;0.0797;500000;11412364665;S
20241112;113955;0.0797;10000;11412365212;S
20241112;113955;0.0797;20000;11412365271;S
20241112;113955;0.0797;10000;11412365319;S
20241112;113955;0.0797;10000;11412365378;S
20241112;113955;0.0797;60000;11412365446;S
20241112;113955;0.0797;140000;11412365570;S
20241112;113955;0.0797;20000;11412365649;S
20241112;113955;0.0797;10000;11412365687;S
20241112;113955;0.0797;20000;11412365713;S
20241112;113955;0.0797;500000;11412365767;S
20241112;113955;0.0797;30000;11412365804;S
20241112;113959;0.07974;10000;11412366571;B
20241112;113959;0.0797;10000;11412366620;S
20241112;114001;0.0797;500000;11412367059;S
20241112;114038;0.07972;20000;11412371397;S
20241112;114111;0.07974;10000;11412375208;S
20241112;114205;0.0797;500000;11412382148;S
20241112;114206;0.0797;120000;11412382315;S
20241112;114209;0.0797;70000;11412383062;S
20241112;114214;0.0797;10000;11412383920;S
20241112;114215;0.0797;20000;11412384094;S
20241112;114224;0.0797;500000;11412385251;S
20241112;114231;0.0797;430000;11412386101;S
20241112;114232;0.0797;550000;11412386190;S
20241112;114241;0.0797;550000;11412387228;S
20241112;114250;0.0797;330000;11412388108;S
20241112;114250;0.0797;800000;11412388121;S
20241112;114250;0.0797;10000;11412388122;S
20241112;114250;0.0797;10000;11412388123;S
20241112;114250;0.0797;20000;11412388124;S
20241112;114435;0.07966;10000;11412401135;S
20241112;114435;0.07964;10000;11412401136;S
20241112;114435;0.07962;10000;11412401137;S
20241112;114435;0.07962;10000;11412401138;S
20241112;114435;0.07962;170000;11412401139;S
20241112;114436;0.0796;10000;11412401395;S
20241112;114436;0.07958;10000;11412401445;S
20241112;114437;0.07954;400000;11412401482;B
20241112;114437;0.07954;100000;11412401483;B
20241112;114437;0.07954;150000;11412401484;B
20241112;114447;0.07954;210000;11412402851;S
20241112;114452;0.07954;10000;11412403522;S
20241112;114506;0.07954;670000;11412405622;S
20241112;114506;0.07954;30000;11412405623;S
20241112;114506;0.07952;40000;11412405691;S
20241112;114506;0.0795;40000;11412405817;S
20241112;114509;0.0795;120000;11412406417;S
20241112;114509;0.07956;250000;11412406472;B
20241112;114511;0.0795;140000;11412406776;S
20241112;114531;0.0795;50000;11412409148;S
20241112;114536;0.0795;50000;11412409572;S
20241112;114539;0.0795;1650000;11412409838;S
20241112;114539;0.0795;100000;11412409839;S
20241112;114539;0.0795;10000;11412409840;S
20241112;114539;0.07948;230000;11412409841;S
20241112;114539;0.07946;230000;11412409842;S
20241112;114539;0.07946;500000;11412409843;S
20241112;114539;0.07946;210000;11412409844;S
20241112;114539;0.07944;10000;11412409845;S
20241112;114539;0.07944;10000;11412409846;S
20241112;114539;0.07944;850000;11412409847;S
20241112;114544;0.07946;230000;11412410394;S
20241112;114544;0.07946;270000;11412410395;S
20241112;114610;0.07946;40000;11412412875;S
20241112;114613;0.07946;10000;11412413094;S
20241112;114646;0.07952;20000;11412416793;B
20241112;114646;0.07952;20000;11412416794;B
20241112;114646;0.07952;110000;11412416795;B
20241112;114646;0.07954;20000;11412416796;B
20241112;114646;0.07956;10000;11412416797;B
20241112;114646;0.07956;60000;11412416798;B
20241112;114652;0.07956;10000;11412417697;S
20241112;114653;0.0796;10000;11412417849;B
20241112;114653;0.0796;10000;11412417850;B
20241112;114654;0.07962;10000;11412417901;B
20241112;114654;0.07962;160000;11412417902;B
20241112;114654;0.07962;150000;11412417903;B
20241112;114654;0.07964;180000;11412417904;B
20241112;114659;0.07964;60000;11412418611;B
20241112;114713;0.07958;10000;11412420270;S
20241112;114722;0.07952;160000;11412421313;S
20241112;114722;0.07952;20000;11412421314;S
20241112;114722;0.07952;10000;11412421315;S
20241112;114722;0.07952;50000;11412421316;S
20241112;114722;0.0795;10000;11412421317;S
20241112;114740;0.07954;10000;11412422963;S
20241112;114912;0.07958;150000;11412433749;B
20241112;114942;0.07962;150000;11412436786;B
20241112;114951;0.07966;150000;11412437685;B
20241112;114952;0.0797;160000;11412437821;B
20241112;114952;0.0797;10000;11412437822;B
20241112;114952;0.0797;400000;11412437823;B
20241112;114953;0.07972;30000;11412437981;B
20241112;115009;0.07958;20000;11412439620;S
20241112;115022;0.07958;40000;11412440814;S
20241112;115023;0.07958;180000;11412440957;S
20241112;115024;0.07958;150000;11412441261;S
20241112;115041;0.07958;40000;11412443072;S
20241112;115044;0.07958;50000;11412443480;S
20241112;115046;0.07958;50000;11412443657;S
20241112;115046;0.07954;10000;11412443658;S
20241112;115056;0.07952;150000;11412444546;B
20241112;115102;0.0795;10000;11412444996;S
20241112;115102;0.0795;60000;11412444997;S
20241112;115104;0.07954;10000;11412445144;B
20241112;115222;0.07948;10000;11412450938;S
20241112;115222;0.07944;10000;11412450964;S
20241112;115222;0.07944;200000;11412450965;S
20241112;115230;0.07952;320000;11412451761;B
20241112;115238;0.07944;40000;11412452476;S
20241112;115250;0.0795;50000;11412453922;B
20241112;115301;0.07942;10000;11412454878;S
20241112;115301;0.07942;10000;11412454879;S
20241112;115301;0.07942;110000;11412454880;S
20241112;115301;0.07942;70000;11412454881;S
20241112;115304;0.07942;500000;11412455462;S
20241112;115316;0.07942;110000;11412456564;S
20241112;115316;0.07942;100000;11412456565;S
20241112;115316;0.0794;10000;11412456736;S
20241112;115316;0.0794;10000;11412456737;S
20241112;115316;0.0794;10000;11412456738;S
20241112;115316;0.0794;280000;11412456739;S
20241112;115316;0.07938;230000;11412456874;S
20241112;115316;0.07942;320000;11412457004;S
20241112;115316;0.0794;10000;11412457005;S
20241112;115316;0.07938;170000;11412457006;S
20241112;115317;0.07938;430000;11412457175;S
20241112;115317;0.07936;30000;11412457325;S
20241112;115330;0.07936;60000;11412458963;S
20241112;115330;0.07936;10000;11412458964;S
20241112;115331;0.07934;10000;11412459024;S
20241112;115331;0.07932;10000;11412459025;S
20241112;115331;0.07932;90000;11412459026;S
20241112;115331;0.0793;10000;11412459027;S
20241112;115331;0.0793;20000;11412459028;S
20241112;115331;0.07932;110000;11412459086;B
20241112;115331;0.0793;100000;11412459111;S
20241112;115338;0.07932;90000;11412459954;B
20241112;115352;0.07938;60000;11412461328;B
20241112;115352;0.0794;10000;11412461329;B
20241112;115352;0.07944;180000;11412461330;B
20241112;115404;0.07934;500000;11412462985;B
20241112;115404;0.07934;170000;11412462986;B
20241112;115433;0.0794;20000;11412465768;S
20241112;115440;0.07948;10000;11412466479;B
20241112;115440;0.07948;70000;11412466480;B
20241112;115526;0.07938;100000;11412470140;S
20241112;115526;0.07938;60000;11412470141;S
20241112;115558;0.07934;10000;11412472882;S
20241112;115558;0.07944;10000;11412472941;B
20241112;115600;0.07932;10000;11412473115;S
20241112;115600;0.0793;10000;11412473152;S
20241112;115600;0.0793;100000;11412473153;S
20241112;115600;0.0793;260000;11412473154;S
20241112;115603;0.0793;10000;11412473476;S
20241112;115604;0.0793;10000;11412473569;S
20241112;115619;0.0793;230000;11412474848;S
20241112;115641;0.07932;150000;11412477196;B
20241112;115641;0.07936;20000;11412477213;B
20241112;115641;0.07936;200000;11412477214;B
20241112;115641;0.07936;300000;11412477215;B
20241112;115641;0.0794;10000;11412477216;B
20241112;115641;0.0794;160000;11412477217;B
20241112;115722;0.07944;90000;11412480603;B
20241112;115819;0.0794;100000;11412485674;S
20241112;115819;0.07938;10000;11412485675;S
20241112;115819;0.07938;90000;11412485676;S
20241112;115826;0.07938;80000;11412486376;S
20241112;115838;0.07938;30000;11412488158;S
20241112;115859;0.07942;70000;11412491119;B
20241112;115902;0.07942;190000;11412491465;B
20241112;115915;0.07942;130000;11412492690;B
20241112;115916;0.07944;260000;11412492838;B
20241112;115916;0.07944;430000;11412492839;B
20241112;115916;0.07944;2180000;11412492840;B
20241112;115916;0.07944;2130000;11412492841;B
20241112;115916;0.07948;500000;11412492842;B
20241112;115916;0.07948;330000;11412492843;B
20241112;115918;0.0795;10000;11412492924;B
20241112;115924;0.07952;140000;11412493537;S
20241112;115924;0.0795;210000;11412493538;S
20241112;120007;0.07954;140000;11412497383;B
20241112;120007;0.07954;500000;11412497384;B
20241112;120007;0.07954;70000;11412497385;B
20241112;120010;0.07958;30000;11412497661;B
20241112;120115;0.07958;10000;11412503005;B
20241112;120139;0.07954;90000;11412504945;S
20241112;120200;0.07954;20000;11412506814;S
20241112;120200;0.07954;90000;11412506885;S
20241112;120204;0.07954;10000;11412507498;S
20241112;120206;0.07954;10000;11412507732;S
20241112;120220;0.07954;1000000;11412508801;S
20241112;120220;0.07954;50000;11412508890;S
20241112;120221;0.07954;20000;11412508972;S
20241112;120350;0.07956;60000;11412518820;S
20241112;120350;0.07954;440000;11412518821;S
20241112;120422;0.07954;1260000;11412521721;S
20241112;120422;0.07954;500000;11412521722;S
20241112;120422;0.07954;70000;11412521723;S
20241112;120422;0.07952;1700000;11412521724;S
20241112;120422;0.0795;350000;11412521725;S
