<DATE>;<TIME>;<LAST>;<VOL>;<ID>;<OPER>
20241115;095939;0.08126;20000;11425861253;B
20241115;095939;0.08126;30000;11425861254;B
20241115;095939;0.08126;70000;11425861255;B
20241115;095939;0.08126;30000;11425861256;B
20241115;095939;0.08126;270000;11425861257;B
20241115;095939;0.08126;50000;11425861258;S
20241115;095939;0.08126;180000;11425861259;B
20241115;095939;0.08126;120000;11425861260;B
20241115;095939;0.08126;20000;11425861261;S
20241115;095939;0.08126;160000;11425861262;B
20241115;095939;0.08126;500000;11425861263;B
20241115;100001;0.08124;80000;11425865369;S
20241115;100001;0.08124;40000;11425865370;S
20241115;100001;0.08122;10000;11425865371;S
20241115;100001;0.08122;10000;11425865372;S
20241115;100001;0.08122;100000;11425865373;S
20241115;100001;0.08122;40000;11425865374;S
20241115;100001;0.0812;1350000;11425865400;B
20241115;100001;0.08126;10000;11425865498;B
20241115;100002;0.08126;10000;11425865618;B
20241115;100002;0.08126;10000;11425865679;B
20241115;100003;0.08126;20000;11425865992;B
20241115;100005;0.08126;10000;11425868778;B
20241115;100009;0.08126;10000;11425872199;B
20241115;100009;0.08126;80000;11425872220;B
20241115;100009;0.08126;10000;11425872302;B
20241115;100011;0.08126;180000;11425873135;B
20241115;100011;0.08136;20000;11425873258;B
20241115;100012;0.0814;10000;11425873385;B
20241115;100012;0.0814;10000;11425873451;B
20241115;100012;0.08128;10000;11425873458;S
20241115;100012;0.0814;70000;11425873462;B
20241115;100012;0.0814;10000;11425873510;B
20241115;100012;0.0814;10000;11425873536;B
20241115;100012;0.08138;20000;11425873541;B
20241115;100012;0.08146;10000;11425873742;B
20241115;100012;0.08146;10000;11425873751;B
20241115;100013;0.08144;10000;11425873864;B
20241115;100013;0.08138;50000;11425873904;B
20241115;100013;0.08138;10000;11425873909;B
20241115;100013;0.08136;10000;11425874084;B
20241115;100014;0.08136;140000;11425874209;B
20241115;100015;0.08134;60000;11425874514;B
20241115;100016;0.08134;30000;11425874762;B
20241115;100017;0.08132;10000;11425874933;B
20241115;100017;0.08132;10000;11425874956;B
20241115;100017;0.08134;10000;11425875063;B
20241115;100018;0.08136;30000;11425875320;B
20241115;100018;0.08136;30000;11425875386;B
20241115;100020;0.08136;10000;11425876043;B
20241115;100021;0.08136;20000;11425876255;B
20241115;100022;0.08136;20000;11425876589;B
20241115;100022;0.08136;20000;11425876657;B
20241115;100024;0.08136;20000;11425877199;B
20241115;100024;0.08138;10000;11425877222;B
20241115;100025;0.08136;10000;11425877871;B
20241115;100026;0.08132;140000;11425878065;B
20241115;100027;0.08136;70000;11425878084;B
20241115;100028;0.08136;40000;11425878576;B
20241115;100028;0.08138;30000;11425878635;B
20241115;100030;0.08138;10000;11425879289;B
20241115;100031;0.08136;30000;11425879774;B
20241115;100032;0.08138;120000;11425879891;B
20241115;100034;0.08138;80000;11425880362;B
20241115;100034;0.08138;10000;11425880384;B
20241115;100036;0.08138;30000;11425880896;B
20241115;100036;0.08138;10000;11425880931;B
20241115;100036;0.08138;10000;11425881056;B
20241115;100036;0.08138;30000;11425881083;B
20241115;100039;0.08128;20000;11425881611;S
20241115;100040;0.08136;30000;11425881827;B
20241115;100043;0.08138;40000;11425882600;B
20241115;100046;0.08138;10000;11425885100;B
20241115;100047;0.08132;50000;11425885337;S
20241115;100047;0.08138;10000;11425885359;B
20241115;100056;0.08132;20000;11425888255;B
20241115;100057;0.0813;200000;11425888498;S
20241115;100057;0.0813;30000;11425888499;S
20241115;100058;0.08132;10000;11425888767;B
20241115;100059;0.08132;30000;11425889124;B
20241115;100108;0.0813;10000;11425891448;B
20241115;100108;0.0813;10000;11425891462;B
20241115;100109;0.0813;40000;11425891637;B
20241115;100109;0.0813;50000;11425891638;B
20241115;100109;0.0813;10000;11425891639;B
20241115;100110;0.08132;10000;11425891998;B
20241115;100111;0.08132;20000;11425892409;B
20241115;100111;0.08132;20000;11425892435;B
20241115;100111;0.08128;90000;11425892725;S
20241115;100111;0.08132;30000;11425892814;B
20241115;100115;0.0813;10000;11425893972;B
20241115;100116;0.0813;10000;11425894385;B
20241115;100116;0.08124;500000;11425894623;S
20241115;100121;0.0813;40000;11425896427;B
20241115;100121;0.0813;60000;11425896428;B
20241115;100121;0.0813;70000;11425896582;B
20241115;100121;0.0813;10000;11425896648;B
20241115;100122;0.08124;10000;11425897058;S
20241115;100123;0.08122;10000;11425897355;S
20241115;100125;0.08124;110000;11425897928;B
20241115;100130;0.08122;10000;11425899315;S
20241115;100130;0.08122;280000;11425899396;S
20241115;100136;0.08128;20000;11425901005;S
20241115;100145;0.0813;1140000;11425903269;B
20241115;100147;0.0813;10000;11425903540;S
20241115;100155;0.08132;150000;11425905260;B
20241115;100158;0.0813;50000;11425906073;S
20241115;100209;0.08132;400000;11425908788;B
20241115;100212;0.0813;1000000;11425909303;S
20241115;100212;0.08132;100000;11425909360;B
20241115;100225;0.08132;100000;11425912523;B
20241115;100227;0.08126;140000;11425912939;S
20241115;100229;0.0813;200000;11425913476;B
20241115;100235;0.08128;20000;11425914975;B
20241115;100235;0.0813;10000;11425914976;B
20241115;100235;0.0813;70000;11425914977;B
20241115;100236;0.08132;500000;11425915349;B
20241115;100237;0.08132;20000;11425915462;B
20241115;100239;0.08132;590000;11425915817;B
20241115;100239;0.08132;200000;11425915818;B
20241115;100239;0.08134;200000;11425915819;B
20241115;100239;0.08134;80000;11425915820;B
20241115;100239;0.08136;520000;11425915821;B
20241115;100239;0.08136;410000;11425915822;B
20241115;100251;0.08136;250000;11425918220;S
20241115;100307;0.08134;20000;11425921620;B
20241115;100308;0.08134;60000;11425921765;B
20241115;100308;0.08136;260000;11425921766;B
20241115;100308;0.08138;1040000;11425921767;B
20241115;100308;0.08136;10000;11425921774;B
20241115;100321;0.08132;310000;11425924307;S
20241115;100324;0.08132;10000;11425924914;S
20241115;100337;0.08132;20000;11425928128;S
20241115;100337;0.0813;980000;11425928129;S
20241115;100352;0.0813;110000;11425930831;B
20241115;100352;0.08132;110000;11425930832;B
20241115;100352;0.08132;140000;11425930833;B
20241115;100405;0.0813;300000;11425933092;S
20241115;100411;0.08126;10000;11425934168;S
20241115;100411;0.08124;170000;11425934169;S
20241115;100411;0.08124;80000;11425934340;B
20241115;100411;0.08124;100000;11425934341;B
20241115;100411;0.08126;20000;11425934342;B
20241115;100414;0.08126;200000;11425934806;B
20241115;100414;0.08124;80000;11425934808;B
20241115;100414;0.08126;120000;11425934809;B
20241115;100422;0.08122;20000;11425936098;S
20241115;100422;0.08122;400000;11425936099;S
20241115;100422;0.0812;10000;11425936100;S
20241115;100422;0.0812;80000;11425936101;S
20241115;100422;0.0812;490000;11425936102;S
20241115;100422;0.08122;30000;11425936329;B
20241115;100423;0.0812;20000;11425936393;B
20241115;100423;0.08122;180000;11425936394;B
20241115;100423;0.08122;60000;11425936395;B
20241115;100437;0.08126;30000;11425938586;B
20241115;100450;0.08122;10000;11425940670;S
20241115;100455;0.08122;230000;11425941506;S
20241115;100455;0.08122;100000;11425941507;S
20241115;100505;0.08122;370000;11425943292;B
20241115;100509;0.08126;50000;11425944230;B
20241115;100509;0.08128;1230000;11425944231;B
20241115;100510;0.0813;10000;11425944482;B
20241115;100510;0.0813;70000;11425944483;B
20241115;100511;0.08128;60000;11425944527;S
20241115;100511;0.08128;140000;11425944528;S
20241115;100533;0.08126;390000;11425948818;B
20241115;100533;0.0813;30000;11425948822;B
20241115;100533;0.0813;10000;11425948835;B
20241115;100534;0.0813;10000;11425949064;B
20241115;100534;0.08132;1000000;11425949065;B
20241115;100534;0.08132;450000;11425949066;B
20241115;100534;0.08138;200000;11425949067;B
20241115;100549;0.08136;20000;11425951669;S
20241115;100600;0.08138;10000;11425953941;B
20241115;100620;0.08134;20000;11425957948;S
20241115;100627;0.08134;1200000;11425959418;S
20241115;100640;0.08136;30000;11425962219;B
20241115;100640;0.08136;50000;11425962262;S
20241115;100645;0.08136;100000;11425963135;S
20241115;100648;0.08136;20000;11425963755;S
20241115;100709;0.08138;10000;11425967129;B
20241115;100715;0.08138;10000;11425967895;B
20241115;100715;0.08138;10000;11425967907;B
20241115;100715;0.08138;10000;11425967908;B
20241115;100715;0.08138;10000;11425967909;B
20241115;100715;0.08138;10000;11425967912;B
20241115;100715;0.08138;10000;11425967913;B
20241115;100715;0.08138;10000;11425967919;B
20241115;100715;0.08138;10000;11425967921;B
20241115;100715;0.08138;10000;11425967922;B
20241115;100715;0.08138;10000;11425967929;B
20241115;100715;0.08138;10000;11425967933;B
20241115;100715;0.08138;10000;11425967992;B
20241115;100715;0.08138;10000;11425967994;B
20241115;100716;0.08138;10000;11425968023;B
20241115;100716;0.08138;1550000;11425968032;B
20241115;100716;0.08138;10000;11425968033;B
20241115;100716;0.08138;490000;11425968034;B
20241115;100716;0.08138;10000;11425968035;B
20241115;100716;0.08142;10000;11425968046;B
20241115;100716;0.08142;10000;11425968047;B
20241115;100716;0.08142;10000;11425968048;B
20241115;100716;0.08144;1000000;11425968049;B
20241115;100716;0.08142;10000;11425968106;B
20241115;100716;0.08148;10000;11425968112;B
20241115;100716;0.0815;10000;11425968113;B
20241115;100716;0.08144;10000;11425968121;S
20241115;100717;0.0815;10000;11425968293;B
20241115;100723;0.08146;100000;11425969566;S
20241115;100729;0.0815;10000;11425970840;B
20241115;100729;0.0815;1520000;11425970841;B
20241115;100729;0.08152;70000;11425970842;B
20241115;100730;0.08156;10000;11425971055;B
20241115;100730;0.08156;10000;11425971112;B
20241115;100730;0.0816;10000;11425971119;B
20241115;100730;0.0816;10000;11425971124;B
20241115;100730;0.0816;10000;11425971125;B
20241115;100730;0.0816;10000;11425971126;B
20241115;100730;0.0816;10000;11425971152;B
20241115;100730;0.0816;20000;11425971190;B
20241115;100730;0.08154;20000;11425971214;S
20241115;100731;0.08158;10000;11425971232;B
20241115;100731;0.08158;10000;11425971277;B
20241115;100731;0.0816;10000;11425971290;B
20241115;100745;0.08146;20000;11425974529;S
20241115;100745;0.08146;80000;11425974530;S
20241115;100747;0.08146;290000;11425975048;S
20241115;100809;0.08148;60000;11425979253;S
20241115;100831;0.08156;10000;11425983388;B
20241115;100831;0.08156;30000;11425983389;B
20241115;100831;0.08156;10000;11425983390;B
20241115;100831;0.08156;20000;11425983391;B
20241115;100831;0.08156;30000;11425983392;B
20241115;100832;0.08156;30000;11425983516;B
20241115;100847;0.08152;10000;11425986351;S
20241115;100847;0.08152;120000;11425986352;S
20241115;100847;0.0815;370000;11425986353;S
20241115;100848;0.08156;100000;11425986518;B
20241115;100849;0.08156;10000;11425986632;B
20241115;100902;0.08156;60000;11425988965;B
20241115;100902;0.08156;40000;11425988966;B
20241115;100903;0.08156;130000;11425989157;B
20241115;100906;0.08156;10000;11425989783;S
20241115;100906;0.08156;60000;11425989797;B
20241115;100907;0.0815;30000;11425989941;S
20241115;100908;0.08156;10000;11425990258;B
20241115;100914;0.08156;80000;11425991126;B
20241115;100914;0.08158;10000;11425991127;B
20241115;100914;0.08158;500000;11425991128;B
20241115;100914;0.08158;10000;11425991129;B
20241115;100914;0.08158;2200000;11425991130;B
20241115;100915;0.08158;10000;11425991296;S
20241115;100915;0.0816;10000;11425991335;B
20241115;100915;0.0816;10000;11425991352;B
20241115;100917;0.0816;230000;11425991616;B
20241115;100917;0.08162;10000;11425991617;B
20241115;100917;0.08162;60000;11425991618;B
20241115;100918;0.08162;10000;11425991920;B
20241115;100919;0.08162;10000;11425991942;B
20241115;100919;0.08162;20000;11425991943;B
20241115;100919;0.08162;20000;11425991944;B
20241115;100927;0.08158;10000;11425993250;S
20241115;100930;0.08158;620000;11425993980;S
20241115;100932;0.08158;10000;11425994246;S
20241115;100935;0.08158;10000;11425994618;S
20241115;100940;0.08158;10000;11425995473;S
20241115;100943;0.08158;10000;11425995975;S
20241115;100945;0.08162;10000;11425996269;B
20241115;100945;0.08162;10000;11425996276;B
20241115;100946;0.08158;10000;11425996436;S
20241115;100947;0.08158;230000;11425996571;S
20241115;100947;0.08158;20000;11425996572;S
20241115;100947;0.08158;10000;11425996573;S
20241115;100949;0.08156;20000;11425996877;B
20241115;100949;0.08156;20000;11425996878;B
20241115;100951;0.0815;10000;11425997162;B
20241115;100951;0.08158;90000;11425997163;B
20241115;100956;0.0815;10000;11425997915;S
20241115;100959;0.0815;50000;11425998313;S
20241115;100959;0.0815;130000;11425998348;S
20241115;101001;0.08156;10000;11425998892;B
20241115;101001;0.08158;650000;11425998893;B
20241115;101001;0.08158;130000;11425998894;B
20241115;101001;0.08158;70000;11425998895;B
20241115;101001;0.0816;4140000;11425998896;B
20241115;101008;0.08152;20000;11426000165;S
20241115;101013;0.08156;80000;11426001268;B
20241115;101018;0.0815;220000;11426002232;S
20241115;101029;0.08156;120000;11426003805;B
20241115;101029;0.08158;100000;11426003806;B
20241115;101029;0.08158;2470000;11426003807;B
20241115;101029;0.0816;1110000;11426003808;B
20241115;101029;0.0816;210000;11426003809;B
20241115;101029;0.0816;990000;11426003810;B
20241115;101033;0.08152;10000;11426004775;S
20241115;101033;0.08152;10000;11426004776;S
20241115;101059;0.08156;80000;11426008999;B
20241115;101059;0.08156;200000;11426009000;B
20241115;101059;0.08158;760000;11426009001;B
20241115;101059;0.08158;2150000;11426009002;B
20241115;101059;0.08158;1810000;11426009003;B
20241115;101059;0.08158;50000;11426009004;B
20241115;101112;0.08156;20000;11426010569;B
20241115;101112;0.08156;60000;11426010762;B
20241115;101112;0.08158;440000;11426010763;B
20241115;101140;0.08158;110000;11426014837;B
20241115;101140;0.08158;10000;11426014838;B
20241115;101140;0.0816;530000;11426014839;B
20241115;101140;0.0816;970000;11426014847;B
20241115;101140;0.0816;1350000;11426014848;B
20241115;101140;0.0816;250000;11426014849;B
20241115;101140;0.0816;20000;11426014850;B
20241115;101140;0.0816;100000;11426014851;B
20241115;101140;0.08162;10000;11426014852;B
20241115;101140;0.08164;10000;11426014853;B
20241115;101140;0.08164;90000;11426014871;S
20241115;101140;0.08164;500000;11426014893;S
20241115;101140;0.08164;300000;11426014894;S
20241115;101143;0.08168;10000;11426015669;B
20241115;101143;0.08168;10000;11426015670;B
20241115;101143;0.0817;70000;11426015671;B
20241115;101144;0.08168;20000;11426015920;S
20241115;101144;0.0817;430000;11426016085;B
20241115;101144;0.0817;80000;11426016086;B
20241115;101144;0.08174;30000;11426016100;B
20241115;101153;0.08174;20000;11426018121;B
20241115;101153;0.08176;10000;11426018122;B
20241115;101153;0.08176;160000;11426018123;B
20241115;101153;0.08176;40000;11426018124;B
20241115;101153;0.08178;10000;11426018125;B
20241115;101153;0.08178;30000;11426018126;B
20241115;101153;0.08178;180000;11426018127;B
20241115;101200;0.08182;10000;11426019294;B
20241115;101200;0.08184;30000;11426019295;B
20241115;101200;0.08186;40000;11426019298;B
20241115;101200;0.08186;50000;11426019299;B
20241115;101200;0.08186;400000;11426019300;B
20241115;101200;0.08186;10000;11426019301;B
20241115;101203;0.0818;10000;11426020031;S
20241115;101206;0.08178;140000;11426020536;S
20241115;101206;0.08176;60000;11426020537;S
20241115;101206;0.08172;500000;11426020538;S
20241115;101206;0.0817;10000;11426020539;S
20241115;101214;0.08168;60000;11426022208;B
20241115;101214;0.0817;20000;11426022209;B
20241115;101214;0.0817;10000;11426022254;S
20241115;101214;0.0817;60000;11426022330;S
20241115;101214;0.0817;90000;11426022379;S
20241115;101218;0.0817;10000;11426023111;S
20241115;101218;0.0817;60000;11426023157;S
20241115;101218;0.0817;490000;11426023172;S
20241115;101218;0.08168;20000;11426023380;S
20241115;101245;0.08172;10000;11426027563;B
20241115;101245;0.08172;10000;11426027611;B
20241115;101245;0.08174;10000;11426027613;B
20241115;101245;0.08172;20000;11426027615;S
20241115;101245;0.08174;50000;11426027629;B
20241115;101245;0.08176;20000;11426027630;B
20241115;101246;0.08178;10000;11426027667;B
20241115;101246;0.08178;70000;11426027668;B
20241115;101246;0.08178;10000;11426027673;B
20241115;101246;0.08178;10000;11426027674;B
20241115;101246;0.08178;70000;11426027675;B
20241115;101246;0.08178;10000;11426027676;B
20241115;101246;0.08178;10000;11426027677;B
20241115;101246;0.08178;10000;11426027679;B
20241115;101246;0.08178;70000;11426027680;B
20241115;101246;0.08178;70000;11426027682;B
20241115;101246;0.08178;10000;11426027683;B
20241115;101246;0.08172;10000;11426027705;B
20241115;101253;0.0817;10000;11426028962;S
20241115;101259;0.0817;10000;11426029798;S
20241115;101259;0.0817;280000;11426029806;S
20241115;101300;0.08172;10000;11426029915;B
20241115;101300;0.08172;10000;11426029923;B
20241115;101300;0.08172;10000;11426029925;B
20241115;101300;0.08172;10000;11426029937;B
20241115;101304;0.08164;10000;11426030367;S
20241115;101304;0.08164;10000;11426030401;S
20241115;101304;0.08164;10000;11426030439;S
20241115;101304;0.08164;10000;11426030501;S
20241115;101310;0.08166;10000;11426031237;S
20241115;101315;0.0817;10000;11426031994;B
20241115;101315;0.0817;10000;11426032042;B
20241115;101315;0.0817;10000;11426032049;B
20241115;101316;0.08162;20000;11426032188;S
20241115;101317;0.08162;20000;11426032354;S
20241115;101318;0.08162;20000;11426032469;S
20241115;101320;0.08162;10000;11426032802;S
20241115;101322;0.0816;10000;11426033111;S
20241115;101322;0.0816;10000;11426033138;S
20241115;101324;0.0816;20000;11426033488;S
20241115;101324;0.0816;10000;11426033523;S
20241115;101324;0.0816;1000000;11426033527;S
20241115;101324;0.0816;20000;11426033528;S
20241115;101324;0.08154;10000;11426033579;S
20241115;101324;0.08154;10000;11426033599;S
20241115;101324;0.08154;10000;11426033685;S
20241115;101326;0.08154;10000;11426033842;S
20241115;101327;0.08162;20000;11426033962;B
20241115;101334;0.08162;20000;11426034873;B
20241115;101342;0.08156;10000;11426035789;S
20241115;101343;0.08154;50000;11426035897;S
20241115;101343;0.08154;150000;11426035939;S
20241115;101343;0.08154;60000;11426035945;S
20241115;101343;0.08152;10000;11426035971;S
20241115;101343;0.08152;30000;11426035999;S
20241115;101345;0.0815;10000;11426036345;S
20241115;101347;0.0815;10000;11426036697;S
20241115;101350;0.0815;10000;11426037089;S
20241115;101357;0.08154;10000;11426037924;B
20241115;101357;0.08154;180000;11426037925;B
20241115;101357;0.08156;70000;11426037926;B
20241115;101357;0.08156;150000;11426037927;B
20241115;101357;0.08156;180000;11426037928;B
20241115;101411;0.08156;10000;11426039336;S
20241115;101411;0.08152;350000;11426039337;S
20241115;101411;0.08152;110000;11426039338;S
20241115;101414;0.08148;10000;11426039631;S
20241115;101414;0.08148;20000;11426039677;S
20241115;101414;0.08148;10000;11426039742;S
20241115;101415;0.08148;10000;11426039860;S
20241115;101415;0.08148;150000;11426039865;S
20241115;101415;0.08148;320000;11426039866;S
20241115;101415;0.08146;30000;11426039942;S
20241115;101416;0.08148;120000;11426040036;B
20241115;101441;0.08148;170000;11426042652;B
20241115;101441;0.0815;360000;11426042653;B
20241115;101441;0.0815;270000;11426042654;B
20241115;101441;0.0815;170000;11426042655;B
20241115;101441;0.08152;30000;11426042656;B
20241115;101448;0.08146;150000;11426043513;S
20241115;101508;0.08146;10000;11426045986;S
20241115;101509;0.0815;30000;11426046148;B
20241115;101513;0.08146;200000;11426046580;S
20241115;101524;0.08144;10000;11426047913;S
20241115;101524;0.08144;10000;11426047968;S
20241115;101525;0.08144;10000;11426048055;S
20241115;101525;0.08144;10000;11426048195;S
20241115;101526;0.08144;10000;11426048267;S
20241115;101526;0.08144;10000;11426048362;S
20241115;101526;0.08144;10000;11426048429;S
20241115;101527;0.08144;10000;11426048511;S
20241115;101527;0.08144;170000;11426048566;S
20241115;101527;0.08144;130000;11426048567;S
20241115;101528;0.08144;10000;11426048730;S
20241115;101533;0.08144;390000;11426049281;S
20241115;101533;0.08144;10000;11426049282;S
20241115;101533;0.08142;20000;11426049283;S
20241115;101533;0.08142;80000;11426049284;S
20241115;101539;0.08142;70000;11426050223;S
20241115;101544;0.08142;20000;11426051024;S
20241115;101547;0.08142;10000;11426051346;S
20241115;101547;0.08138;60000;11426051370;S
20241115;101601;0.08142;30000;11426052986;S
20241115;101629;0.08144;10000;11426055824;S
20241115;101629;0.08142;20000;11426055825;S
20241115;101629;0.08142;90000;11426055826;S
20241115;101632;0.08142;100000;11426056270;S
20241115;101632;0.08142;40000;11426056271;S
20241115;101634;0.0814;50000;11426056534;S
20241115;101654;0.0814;950000;11426058903;S
20241115;101654;0.08138;1810000;11426058904;S
20241115;101703;0.08136;200000;11426059708;S
20241115;101703;0.08136;30000;11426059709;S
20241115;101703;0.08136;2470000;11426059710;S
20241115;101703;0.08136;20000;11426059711;S
20241115;101703;0.08136;130000;11426059712;S
20241115;101703;0.08136;2470000;11426059713;S
20241115;101703;0.08134;5000000;11426059714;S
20241115;101703;0.08134;500000;11426059715;S
20241115;101703;0.08134;10000;11426059716;S
20241115;101703;0.08134;500000;11426059717;S
20241115;101703;0.08134;1220000;11426059718;S
20241115;101703;0.08132;210000;11426059719;S
20241115;101703;0.0813;1840000;11426059720;S
20241115;101703;0.08128;10000;11426059721;S
20241115;101703;0.08128;20000;11426059722;S
20241115;101703;0.08128;400000;11426059723;S
20241115;101703;0.08128;80000;11426059724;S
20241115;101703;0.08128;500000;11426059725;S
20241115;101703;0.08128;2860000;11426059726;S
20241115;101703;0.08126;10000;11426059727;S
20241115;101703;0.08126;10000;11426059728;S
20241115;101703;0.08124;2000000;11426059729;S
20241115;101703;0.08122;30000;11426059730;S
20241115;101703;0.08122;2500000;11426059731;S
20241115;101703;0.08122;60000;11426059732;B
20241115;101703;0.08122;2000000;11426059733;B
20241115;101703;0.08122;2000000;11426059735;B
20241115;101703;0.08122;2000000;11426059737;B
20241115;101704;0.08122;2730000;11426059822;B
20241115;101704;0.08122;1100000;11426059825;B
20241115;101704;0.0812;30000;11426059894;S
20241115;101704;0.0812;10000;11426059950;S
20241115;101705;0.0812;150000;11426060040;S
20241115;101706;0.08122;10000;11426060099;B
20241115;101707;0.0812;80000;11426060517;S
20241115;101716;0.08122;10000;11426061380;B
20241115;101718;0.0812;230000;11426061521;S
20241115;101718;0.0812;770000;11426061522;S
20241115;101731;0.0812;100000;11426063007;S
20241115;101731;0.0812;20000;11426063008;S
20241115;101731;0.0812;110000;11426063009;S
20241115;101731;0.0812;90000;11426063010;S
20241115;101731;0.0812;10000;11426063011;S
20241115;101731;0.08118;30000;11426063012;S
20241115;101731;0.08118;240000;11426063013;S
20241115;101731;0.08116;10000;11426063014;S
20241115;101731;0.08116;30000;11426063015;S
20241115;101731;0.08116;1590000;11426063016;S
20241115;101731;0.08114;30000;11426063017;S
20241115;101731;0.08118;10000;11426063020;B
20241115;101731;0.08112;10000;11426063029;S
20241115;101731;0.08112;20000;11426063030;S
20241115;101731;0.08112;30000;11426063031;S
20241115;101732;0.08118;100000;11426063123;B
20241115;101743;0.08118;10000;11426064291;B
20241115;101748;0.08118;100000;11426064765;B
20241115;101805;0.08114;10000;11426066611;S
20241115;101806;0.08112;10000;11426066765;S
20241115;101806;0.08112;60000;11426066856;S
20241115;101806;0.08112;40000;11426066914;S
20241115;101806;0.08112;10000;11426066951;S
20241115;101806;0.08112;60000;11426067016;S
20241115;101809;0.08112;590000;11426067343;S
20241115;101815;0.08112;10000;11426067826;S
20241115;101815;0.08112;20000;11426067864;S
20241115;101815;0.08112;10000;11426067919;S
20241115;101815;0.08112;10000;11426067961;S
20241115;101815;0.08112;1240000;11426067965;S
20241115;101815;0.08112;10000;11426067966;S
20241115;101815;0.08108;10000;11426068012;S
20241115;101816;0.08108;20000;11426068140;S
20241115;101816;0.08108;130000;11426068141;S
20241115;101816;0.08106;70000;11426068142;S
20241115;101816;0.08106;1770000;11426068143;S
20241115;101829;0.08108;10000;11426069473;S
20241115;101832;0.08108;60000;11426069782;S
20241115;101834;0.08108;340000;11426069954;S
20241115;101841;0.08106;10000;11426070872;S
20241115;101841;0.08106;50000;11426070873;S
20241115;101848;0.08106;40000;11426071710;B
20241115;101904;0.08106;230000;11426073891;S
20241115;101909;0.0811;30000;11426074374;S
20241115;101909;0.08108;130000;11426074375;S
20241115;101909;0.08108;500000;11426074376;S
20241115;101909;0.08108;870000;11426074377;S
20241115;101909;0.08108;50000;11426074378;S
20241115;101909;0.08106;1840000;11426074379;S
20241115;101909;0.08106;130000;11426074380;S
20241115;101915;0.08106;200000;11426075001;B
20241115;101915;0.08104;10000;11426075008;S
20241115;101915;0.08102;130000;11426075009;S
20241115;101915;0.08102;110000;11426075010;S
20241115;101931;0.08106;110000;11426076651;B
20241115;101932;0.08106;570000;11426076831;B
20241115;101932;0.08106;1070000;11426076837;B
20241115;101954;0.0811;50000;11426078962;S
20241115;102021;0.08114;110000;11426082798;B
20241115;102021;0.08116;500000;11426082799;B
20241115;102021;0.08116;1070000;11426082800;B
20241115;102021;0.08116;110000;11426082801;B
20241115;102021;0.08116;210000;11426082802;S
20241115;102032;0.08118;10000;11426089414;B
20241115;102032;0.0812;30000;11426089415;B
20241115;102032;0.0812;90000;11426089416;B
20241115;102032;0.08122;90000;11426089417;B
20241115;102032;0.08122;240000;11426089418;B
20241115;102032;0.08122;510000;11426089419;B
20241115;102032;0.08124;1230000;11426089420;B
20241115;102032;0.08126;400000;11426089421;B
20241115;102032;0.08126;400000;11426089422;B
20241115;102043;0.0812;80000;11426096091;S
20241115;102045;0.08126;80000;11426097348;B
20241115;102045;0.08128;170000;11426097349;B
20241115;102045;0.08128;150000;11426097350;B
20241115;102132;0.08122;310000;11426121296;S
20241115;102132;0.08122;120000;11426121297;S
20241115;102132;0.0812;190000;11426121298;S
20241115;102215;0.08114;150000;11426141815;S
20241115;102215;0.08112;20000;11426141816;S
20241115;102215;0.08112;830000;11426141817;S
20241115;102221;0.08114;70000;11426144591;S
20241115;102228;0.08118;100000;11426146010;B
20241115;102229;0.0812;10000;11426146115;B
20241115;102256;0.08118;10000;11426148942;B
20241115;102258;0.0812;20000;11426149129;B
20241115;102309;0.08118;90000;11426150697;S
20241115;102313;0.08112;20000;11426151135;S
20241115;102318;0.08112;20000;11426151887;S
20241115;102320;0.08114;90000;11426152026;B
20241115;102320;0.08116;10000;11426152027;B
20241115;102323;0.08114;30000;11426152351;B
20241115;102324;0.0811;50000;11426152503;S
20241115;102324;0.0811;40000;11426152504;S
20241115;102324;0.08108;2470000;11426152505;S
20241115;102324;0.08108;70000;11426152506;S
20241115;102324;0.08106;50000;11426152507;S
20241115;102324;0.08106;400000;11426152508;S
20241115;102324;0.08106;400000;11426152509;S
20241115;102324;0.08106;500000;11426152510;S
20241115;102324;0.08106;160000;11426152511;S
20241115;102324;0.08106;70000;11426152512;S
20241115;102324;0.08104;1230000;11426152513;S
20241115;102324;0.08102;10000;11426152514;S
20241115;102324;0.08102;10000;11426152515;S
20241115;102324;0.08102;550000;11426152516;S
20241115;102324;0.08102;50000;11426152517;S
20241115;102324;0.08102;1940000;11426152518;S
20241115;102334;0.08104;20000;11426154020;S
20241115;102334;0.08102;2470000;11426154021;S
20241115;102334;0.081;10000;11426154022;S
20241115;102334;0.081;30000;11426154023;S
20241115;102334;0.081;5470000;11426154024;S
20241115;102334;0.08102;10000;11426154026;S
20241115;102334;0.081;830000;11426154027;S
20241115;102334;0.081;10000;11426154028;S
20241115;102334;0.081;10000;11426154042;S
20241115;102335;0.081;1000000;11426154267;S
20241115;102335;0.081;6590000;11426154268;S
20241115;102335;0.081;4270000;11426154269;S
20241115;102335;0.081;1510000;11426154270;S
20241115;102335;0.081;20000;11426154272;S
20241115;102335;0.08098;10000;11426154276;S
20241115;102335;0.08096;50000;11426154325;S
20241115;102335;0.08096;60000;11426154326;S
20241115;102339;0.081;20000;11426155329;B
20241115;102353;0.08096;10000;11426157174;S
20241115;102403;0.08094;10000;11426159275;S
20241115;102407;0.08092;20000;11426159872;S
20241115;102407;0.08092;50000;11426159873;S
20241115;102407;0.08092;30000;11426159874;S
20241115;102407;0.08092;510000;11426159875;S
20241115;102409;0.08092;500000;11426160269;S
20241115;102409;0.08092;280000;11426160320;S
20241115;102411;0.08092;500000;11426160530;S
20241115;102411;0.08092;10000;11426160531;S
20241115;102411;0.08092;370000;11426160538;S
20241115;102411;0.08092;10000;11426160539;S
20241115;102411;0.0809;10000;11426160540;S
20241115;102411;0.0809;220000;11426160541;S
20241115;102415;0.0809;20000;11426161089;S
20241115;102415;0.08088;10000;11426161090;S
20241115;102415;0.08088;10000;11426161091;S
20241115;102416;0.08088;10000;11426161234;S
20241115;102416;0.08088;100000;11426161235;S
20241115;102422;0.0809;10000;11426162206;S
20241115;102425;0.08086;150000;11426162790;S
20241115;102426;0.08092;10000;11426162882;B
20241115;102427;0.0809;20000;11426162986;S
20241115;102429;0.08088;10000;11426163312;S
20241115;102431;0.08086;10000;11426163686;S
20241115;102431;0.08084;130000;11426163713;S
20241115;102431;0.08084;110000;11426163714;S
20241115;102432;0.08088;10000;11426163849;S
20241115;102436;0.08084;60000;11426164615;S
20241115;102436;0.08084;120000;11426164616;S
20241115;102436;0.08084;160000;11426164622;S
20241115;102438;0.08084;90000;11426164903;S
20241115;102439;0.08086;480000;11426165095;B
20241115;102439;0.08084;30000;11426165097;S
20241115;102440;0.08086;30000;11426165221;B
20241115;102441;0.08084;30000;11426165306;S
20241115;102443;0.08084;10000;11426165616;S
20241115;102444;0.08086;20000;11426165715;B
20241115;102446;0.08084;20000;11426166054;S
20241115;102446;0.08084;100000;11426166166;S
20241115;102448;0.08084;10000;11426166368;S
20241115;102453;0.08084;10000;11426167090;S
20241115;102453;0.08084;60000;11426167126;S
20241115;102456;0.08084;30000;11426167386;S
20241115;102457;0.08084;80000;11426167612;S
20241115;102457;0.08084;10000;11426167613;S
20241115;102457;0.08084;10000;11426167614;S
20241115;102459;0.08084;10000;11426167892;S
20241115;102459;0.08084;20000;11426167896;S
20241115;102459;0.08084;10000;11426168003;S
20241115;102500;0.08084;40000;11426168090;S
20241115;102501;0.08084;10000;11426168286;S
20241115;102502;0.08082;10000;11426168487;S
20241115;102502;0.08082;80000;11426168488;S
20241115;102502;0.0808;10000;11426168489;S
20241115;102502;0.0808;110000;11426168490;S
20241115;102502;0.0808;30000;11426168491;S
20241115;102502;0.0808;10000;11426168492;S
20241115;102503;0.08082;10000;11426168555;S
20241115;102503;0.08082;10000;11426168581;S
20241115;102503;0.0808;290000;11426168582;S
20241115;102510;0.08086;40000;11426169821;B
20241115;102510;0.08086;100000;11426169898;S
20241115;102517;0.08086;40000;11426170770;S
20241115;102526;0.08092;20000;11426171733;B
20241115;102555;0.08092;10000;11426175107;B
20241115;102555;0.08092;10000;11426175108;B
20241115;102605;0.08098;100000;11426176832;B
20241115;102605;0.08098;200000;11426176833;B
20241115;102626;0.08092;30000;11426183846;S
20241115;102642;0.08094;100000;11426189695;S
20241115;102642;0.08092;150000;11426189696;S
20241115;102642;0.0809;340000;11426189697;S
20241115;102642;0.0809;30000;11426189698;S
20241115;102643;0.08092;10000;11426189967;S
20241115;102651;0.08086;70000;11426192292;S
20241115;102651;0.08086;50000;11426192293;S
20241115;102656;0.08084;10000;11426192967;S
20241115;102658;0.08084;10000;11426193279;S
20241115;102659;0.08082;10000;11426193522;S
20241115;102702;0.08082;10000;11426193920;S
20241115;102702;0.08082;100000;11426193921;S
20241115;102702;0.08082;40000;11426193922;S
20241115;102702;0.08082;10000;11426193923;S
20241115;102702;0.08082;40000;11426193924;S
20241115;102702;0.0808;40000;11426193925;S
20241115;102702;0.0808;10000;11426193926;S
20241115;102702;0.0808;170000;11426193927;S
20241115;102702;0.0808;1340000;11426193928;S
20241115;102715;0.08082;470000;11426195981;S
20241115;102731;0.08088;10000;11426198894;B
20241115;102748;0.08082;10000;11426201669;S
20241115;102748;0.08082;400000;11426201670;S
20241115;102748;0.08082;250000;11426201671;S
20241115;102748;0.08082;180000;11426201672;S
20241115;102748;0.0808;180000;11426201673;S
20241115;102748;0.08078;10000;11426201674;S
20241115;102748;0.08078;500000;11426201675;S
20241115;102748;0.08078;100000;11426201676;S
20241115;102748;0.08078;1230000;11426201677;S
20241115;102748;0.08076;1230000;11426201678;S
20241115;102748;0.08076;400000;11426201679;S
20241115;102748;0.08074;400000;11426201680;S
20241115;102748;0.08074;30000;11426201681;S
20241115;102748;0.08074;210000;11426201682;S
20241115;102748;0.08074;500000;11426201683;S
20241115;102748;0.08072;40000;11426201684;S
20241115;102748;0.0807;2470000;11426201685;S
20241115;102748;0.0807;2590000;11426201686;S
20241115;102748;0.0807;2590000;11426201687;S
20241115;102748;0.08068;10000;11426201688;S
20241115;102748;0.08068;3000000;11426201689;S
20241115;102748;0.08068;1200000;11426201690;S
20241115;102748;0.08068;1320000;11426201691;B
20241115;102748;0.08068;1150000;11426201692;B
20241115;102748;0.0808;10000;11426201696;B
20241115;102748;0.0808;140000;11426201697;B
20241115;102752;0.08086;300000;11426202217;B
20241115;102752;0.08088;20000;11426202218;B
20241115;102752;0.08088;70000;11426202219;B
20241115;102804;0.08078;180000;11426203970;S
20241115;102811;0.08086;50000;11426204863;B
20241115;102818;0.08078;600000;11426205484;S
20241115;102820;0.08076;10000;11426205750;S
20241115;102848;0.08082;200000;11426209758;B
20241115;102848;0.08084;200000;11426209759;B
20241115;102848;0.08084;40000;11426209760;B
20241115;102848;0.08084;1160000;11426209761;B
20241115;102902;0.08074;10000;11426212239;S
20241115;102902;0.08074;10000;11426212240;S
20241115;102902;0.08072;10000;11426212241;S
20241115;102902;0.08072;470000;11426212242;S
20241115;102902;0.08072;40000;11426212270;S
20241115;102910;0.08076;100000;11426213683;S
20241115;102913;0.08078;10000;11426214039;B
20241115;102936;0.0807;10000;11426217014;S
20241115;102936;0.0807;90000;11426217015;S
20241115;102943;0.0807;90000;11426217549;S
20241115;102945;0.08074;100000;11426217815;B
20241115;102946;0.08074;20000;11426217921;S
20241115;102946;0.08076;10000;11426217936;B
20241115;102946;0.0807;10000;11426218007;S
20241115;102947;0.08072;100000;11426218087;S
20241115;102952;0.0807;550000;11426218645;S
20241115;102952;0.08068;10000;11426218649;S
20241115;102953;0.0807;60000;11426218852;B
20241115;102953;0.0807;500000;11426218853;B
20241115;102955;0.08072;10000;11426219051;S
20241115;102957;0.08072;50000;11426219307;S
20241115;103008;0.08072;100000;11426220740;S
20241115;103008;0.08072;60000;11426220827;S
20241115;103014;0.08072;10000;11426222221;S
20241115;103018;0.08076;40000;11426222945;B
20241115;103030;0.08072;30000;11426224863;S
20241115;103145;0.08082;40000;11426238097;S
20241115;103145;0.08082;40000;11426238098;S
20241115;103145;0.08082;40000;11426238111;S
20241115;103145;0.08082;40000;11426238112;S
20241115;103146;0.08084;20000;11426238131;S
20241115;103146;0.08082;20000;11426238132;S
20241115;103147;0.08084;80000;11426238309;S
20241115;103149;0.08088;50000;11426238614;B
20241115;103222;0.0809;50000;11426243613;B
20241115;103224;0.0809;50000;11426243857;B
20241115;103228;0.0809;30000;11426244252;B
20241115;103230;0.0809;50000;11426244456;B
20241115;103244;0.08096;20000;11426245941;B
20241115;103347;0.08088;30000;11426254250;S
20241115;103402;0.08086;20000;11426255441;S
20241115;103402;0.08086;90000;11426255442;S
20241115;103407;0.08086;330000;11426255987;S
20241115;103407;0.08086;500000;11426255988;S
20241115;103407;0.08086;150000;11426255989;S
20241115;103407;0.08084;60000;11426255990;S
20241115;103407;0.08084;1230000;11426255991;S
20241115;103407;0.08084;150000;11426255992;S
20241115;103407;0.08084;500000;11426255993;S
20241115;103407;0.0808;2000000;11426255994;S
20241115;103407;0.0808;210000;11426255995;S
20241115;103407;0.0808;500000;11426255996;S
20241115;103407;0.08074;210000;11426255997;S
20241115;103407;0.08074;100000;11426255998;S
20241115;103407;0.08074;1200000;11426255999;S
20241115;103407;0.08072;1000000;11426256000;S
20241115;103407;0.08072;1860000;11426256001;S
20241115;103415;0.0809;30000;11426256814;B
20241115;103415;0.0809;20000;11426256815;B
20241115;103415;0.08092;520000;11426256817;B
20241115;103415;0.08094;80000;11426256818;B
20241115;103415;0.08096;1000000;11426256819;B
20241115;103415;0.08098;50000;11426256823;B
20241115;103415;0.08098;400000;11426256824;B
20241115;103415;0.08098;190000;11426256825;B
20241115;103415;0.081;300000;11426256826;B
20241115;103415;0.081;400000;11426256827;B
20241115;103415;0.08096;80000;11426256828;S
20241115;103415;0.08102;400000;11426256829;B
20241115;103415;0.08104;380000;11426256830;B
20241115;103415;0.08104;80000;11426256831;B
20241115;103415;0.08102;1900000;11426256833;B
20241115;103415;0.081;320000;11426256834;B
20241115;103415;0.08106;560000;11426256835;B
20241115;103415;0.08106;1910000;11426256836;B
20241115;103415;0.08106;80000;11426256837;B
20241115;103415;0.0811;100000;11426256838;B
20241115;103415;0.0811;560000;11426256839;B
20241115;103415;0.0811;240000;11426256840;B
20241115;103415;0.0811;550000;11426256841;B
20241115;103415;0.0811;680000;11426256842;B
20241115;103415;0.08106;720000;11426256843;B
20241115;103415;0.08108;2190000;11426256844;B
20241115;103415;0.0811;130000;11426256845;B
20241115;103415;0.0811;60000;11426256846;B
20241115;103415;0.08108;190000;11426256847;S
20241115;103415;0.08104;500000;11426256848;S
20241115;103415;0.08104;10000;11426256849;S
20241115;103415;0.08108;200000;11426256940;B
20241115;103442;0.08104;10000;11426263055;S
20241115;103450;0.08104;20000;11426266316;S
20241115;103450;0.08102;10000;11426266317;S
20241115;103450;0.081;40000;11426266318;S
20241115;103513;0.08106;10000;11426272458;B
20241115;103513;0.08106;190000;11426272459;B
20241115;103513;0.08106;1230000;11426272460;B
20241115;103513;0.08106;210000;11426272461;B
20241115;103513;0.08106;500000;11426272462;B
20241115;103525;0.08106;10000;11426275931;S
20241115;103552;0.08108;180000;11426279432;B
20241115;103552;0.0811;130000;11426279433;B
20241115;103552;0.0811;10000;11426279510;B
20241115;103602;0.08102;20000;11426280571;S
20241115;103604;0.08092;50000;11426280924;B
20241115;103616;0.08092;20000;11426282331;S
20241115;103616;0.0809;50000;11426282332;S
20241115;103616;0.0809;370000;11426282333;S
20241115;103616;0.0809;10000;11426282334;S
20241115;103616;0.08088;500000;11426282335;S
20241115;103616;0.08088;500000;11426282336;S
20241115;103616;0.08088;80000;11426282337;S
20241115;103616;0.08088;70000;11426282338;S
20241115;103616;0.08086;1230000;11426282339;S
20241115;103616;0.08086;400000;11426282340;S
20241115;103616;0.08086;80000;11426282341;S
20241115;103616;0.08086;160000;11426282342;S
20241115;103616;0.08084;210000;11426282343;S
20241115;103616;0.08084;400000;11426282344;S
20241115;103616;0.08082;400000;11426282345;S
20241115;103616;0.0808;50000;11426282346;S
20241115;103616;0.08078;600000;11426282347;S
20241115;103616;0.08078;800000;11426282348;S
20241115;103616;0.08076;2470000;11426282349;S
20241115;103616;0.08076;2470000;11426282350;S
20241115;103616;0.08074;5000000;11426282351;S
20241115;103616;0.08072;400000;11426282352;S
20241115;103616;0.08072;10000;11426282353;S
20241115;103616;0.0807;23570000;11426282354;S
20241115;103616;0.08068;5000000;11426282355;S
20241115;103616;0.08068;5000000;11426282356;S
20241115;103616;0.08066;100000;11426282357;S
20241115;103616;0.08066;10000;11426282358;S
20241115;103616;0.08066;40000;11426282359;S
20241115;103616;0.08078;560000;11426282360;B
20241115;103616;0.08078;3000000;11426282361;B
20241115;103616;0.08078;490000;11426282363;B
20241115;103616;0.08078;740000;11426282365;B
20241115;103616;0.0808;260000;11426282366;B
20241115;103627;0.08074;130000;11426283552;S
20241115;103627;0.08074;20000;11426283553;S
20241115;103644;0.08078;10000;11426285553;B
20241115;103644;0.08078;10000;11426285554;B
20241115;103657;0.08078;360000;11426286815;S
20241115;103657;0.08078;170000;11426286816;S
20241115;103657;0.08076;380000;11426286817;S
20241115;103657;0.08076;500000;11426286818;S
20241115;103657;0.08074;180000;11426286819;S
20241115;103657;0.08072;2470000;11426286820;S
20241115;103657;0.0807;6470000;11426286821;S
20241115;103657;0.08068;210000;11426286822;S
20241115;103657;0.08068;1230000;11426286823;S
20241115;103657;0.08064;1000000;11426286824;S
20241115;103657;0.08064;10000;11426286825;S
20241115;103657;0.08062;40000;11426286826;S
20241115;103657;0.08062;30000;11426286827;S
20241115;103657;0.0806;10000;11426286828;S
20241115;103657;0.0806;30000;11426286829;S
20241115;103657;0.08058;2470000;11426286830;S
20241115;103657;0.08056;5000000;11426286831;S
20241115;103657;0.08054;400000;11426286832;S
20241115;103657;0.08054;5000000;11426286833;S
20241115;103657;0.08052;3000000;11426286834;S
20241115;103657;0.08052;2500000;11426286835;S
20241115;103657;0.0805;30000;11426286836;S
20241115;103657;0.0805;100000;11426286837;S
20241115;103657;0.0805;5160000;11426286838;S
20241115;103657;0.0805;5210000;11426286839;S
20241115;103657;0.0805;5000000;11426286840;S
20241115;103657;0.08048;500000;11426286841;S
20241115;103657;0.08046;10000;11426286842;S
20241115;103657;0.08046;50000;11426286843;S
20241115;103657;0.08044;400000;11426286844;S
20241115;103657;0.08044;2080000;11426286845;S
20241115;103657;0.08058;1860000;11426286846;B
20241115;103658;0.0805;240000;11426286920;S
20241115;103658;0.08054;40000;11426286958;S
20241115;103658;0.08066;400000;11426286984;B
20241115;103658;0.08066;10000;11426286985;B
20241115;103707;0.0807;430000;11426287721;B
20241115;103707;0.0807;250000;11426287722;B
20241115;103721;0.08074;70000;11426289429;B
20241115;103740;0.08076;210000;11426291551;B
20241115;103740;0.08076;220000;11426291552;B
20241115;103740;0.08076;1230000;11426291553;B
20241115;103741;0.0808;110000;11426291707;B
20241115;103741;0.08082;90000;11426291708;B
20241115;103744;0.0808;50000;11426292040;B
20241115;103744;0.08082;150000;11426292041;B
20241115;103803;0.08086;400000;11426294912;B
20241115;103803;0.08086;10000;11426294913;B
20241115;103803;0.08086;210000;11426294914;B
20241115;103803;0.08086;1230000;11426294915;B
20241115;103806;0.08086;20000;11426295385;B
20241115;103807;0.08086;10000;11426295394;B
20241115;103807;0.08086;20000;11426295395;B
20241115;103832;0.08084;10000;11426298212;B
20241115;103832;0.0808;10000;11426298213;S
20241115;103849;0.0808;10000;11426300081;B
20241115;103906;0.0808;120000;11426302964;B
20241115;103923;0.0808;10000;11426306222;B
20241115;103923;0.0808;40000;11426306223;B
20241115;103927;0.0808;10000;11426306740;B
20241115;103944;0.0808;10000;11426308672;B
20241115;104000;0.0808;40000;11426310815;S
20241115;104000;0.0808;70000;11426310816;S
20241115;104002;0.0808;100000;11426311102;S
20241115;104002;0.08078;280000;11426311103;S
20241115;104002;0.08078;70000;11426311104;S
20241115;104002;0.08076;40000;11426311105;S
20241115;104002;0.08076;90000;11426311106;S
20241115;104002;0.0807;20000;11426311108;S
20241115;104002;0.08074;10000;11426311171;B
20241115;104028;0.08078;150000;11426313746;S
20241115;104032;0.08078;110000;11426314120;S
20241115;104036;0.08078;10000;11426314632;B
20241115;104110;0.08074;10000;11426317588;S
20241115;104116;0.08078;10000;11426318150;B
20241115;104129;0.08074;90000;11426319372;S
20241115;104137;0.08066;10000;11426320533;S
20241115;104138;0.08062;30000;11426320655;S
20241115;104138;0.08062;100000;11426320656;S
20241115;104141;0.08058;20000;11426321198;S
20241115;104143;0.08058;30000;11426321588;S
20241115;104151;0.08062;210000;11426323610;B
20241115;104218;0.08058;10000;11426328118;S
20241115;104235;0.08062;2370000;11426329771;S
20241115;104235;0.0806;520000;11426329772;S
20241115;104235;0.08058;10000;11426329773;S
20241115;104235;0.08058;310000;11426329774;S
20241115;104320;0.08066;120000;11426335103;B
20241115;104320;0.08066;80000;11426335104;B
20241115;104334;0.0807;100000;11426336768;B
20241115;104338;0.08066;60000;11426337260;S
20241115;104338;0.08064;220000;11426337261;S
20241115;104338;0.08062;220000;11426337262;S
20241115;104338;0.08062;100000;11426337263;S
20241115;104350;0.0806;460000;11426338544;S
20241115;104350;0.0806;210000;11426338545;S
20241115;104350;0.08058;1650000;11426338546;S
20241115;104402;0.0806;500000;11426339640;S
20241115;104408;0.08058;2440000;11426340620;S
20241115;104408;0.08058;590000;11426340621;S
20241115;104408;0.08058;1020000;11426340622;S
20241115;104408;0.08052;10000;11426340623;S
20241115;104408;0.08054;240000;11426340627;S
20241115;104408;0.0805;300000;11426340628;S
20241115;104408;0.0805;90000;11426340629;S
20241115;104408;0.0805;110000;11426340630;S
20241115;104408;0.0805;200000;11426340631;S
20241115;104408;0.08046;20000;11426340632;S
20241115;104408;0.08046;230000;11426340633;S
20241115;104408;0.08046;150000;11426340634;S
20241115;104408;0.08044;10000;11426340635;S
20241115;104408;0.08044;150000;11426340636;S
20241115;104408;0.08044;2470000;11426340637;S
20241115;104408;0.08042;800000;11426340639;S
20241115;104408;0.08042;30000;11426340640;S
20241115;104408;0.08042;40000;11426340641;S
20241115;104408;0.08042;10000;11426340642;S
20241115;104408;0.0804;50000;11426340643;S
20241115;104408;0.08048;880000;11426340649;B
20241115;104418;0.08046;10000;11426341816;S
20241115;104418;0.0805;10000;11426341861;B
20241115;104421;0.08046;60000;11426342199;S
20241115;104421;0.08046;10000;11426342228;S
20241115;104422;0.08046;10000;11426342506;S
20241115;104427;0.08052;10000;11426342953;B
20241115;104427;0.08046;50000;11426342987;S
20241115;104427;0.08046;10000;11426342988;S
20241115;104438;0.08048;700000;11426344047;S
20241115;104456;0.08056;30000;11426345998;B
20241115;104456;0.08056;850000;11426346001;B
20241115;104644;0.0806;500000;11426359741;B
20241115;104653;0.08062;410000;11426360887;B
20241115;104653;0.08064;400000;11426360888;B
20241115;104653;0.08064;120000;11426360889;B
20241115;104714;0.08056;120000;11426363205;S
20241115;104715;0.0806;230000;11426363261;B
20241115;104715;0.0806;500000;11426363262;B
20241115;104715;0.0806;50000;11426363263;B
20241115;104723;0.08066;500000;11426364249;B
20241115;104723;0.08066;240000;11426364250;B
20241115;104723;0.08068;1240000;11426364251;B
20241115;104723;0.08068;210000;11426364252;B
20241115;104723;0.08068;240000;11426364253;B
20241115;104729;0.0807;20000;11426364859;B
20241115;104857;0.0807;50000;11426373693;B
20241115;104904;0.0807;50000;11426374877;B
20241115;104926;0.0807;10000;11426377099;B
20241115;104937;0.0807;40000;11426378778;B
20241115;104946;0.0807;100000;11426380301;B
20241115;104947;0.0807;100000;11426380432;B
20241115;104948;0.0807;30000;11426380677;B
20241115;104948;0.08074;70000;11426380678;B
20241115;104956;0.08078;290000;11426381858;B
20241115;104956;0.0808;30000;11426381859;B
20241115;104956;0.0808;80000;11426381860;B
20241115;105001;0.0808;80000;11426383182;B
20241115;105014;0.0808;120000;11426385309;B
20241115;105014;0.0808;300000;11426385310;B
20241115;105014;0.0808;80000;11426385311;B
20241115;105030;0.08078;20000;11426387845;B
20241115;105031;0.08072;10000;11426388015;S
20241115;105032;0.0808;50000;11426388097;B
20241115;105120;0.08082;100000;11426393914;B
20241115;105122;0.08082;100000;11426394151;B
20241115;105130;0.08086;240000;11426395120;B
20241115;105130;0.08086;70000;11426395121;B
20241115;105130;0.08086;60000;11426395122;B
20241115;105130;0.08088;10000;11426395123;B
20241115;105130;0.08088;60000;11426395124;B
20241115;105130;0.08088;60000;11426395125;B
20241115;105136;0.08086;10000;11426395774;B
20241115;105203;0.08086;210000;11426398981;B
20241115;105203;0.08086;30000;11426398982;B
20241115;105203;0.08088;200000;11426398983;B
20241115;105203;0.08088;150000;11426398984;B
20241115;105203;0.08088;410000;11426398985;B
20241115;105210;0.08086;10000;11426399590;B
20241115;105219;0.08086;10000;11426400429;B
20241115;105219;0.08088;90000;11426400430;B
20241115;105219;0.08088;2470000;11426400431;B
20241115;105219;0.08088;5210000;11426400432;B
20241115;105219;0.08088;210000;11426400433;B
20241115;105219;0.08088;210000;11426400434;B
20241115;105258;0.08078;30000;11426403579;S
20241115;105304;0.08074;180000;11426404030;S
20241115;105305;0.08072;50000;11426404211;S
20241115;105306;0.08072;20000;11426404481;S
20241115;105306;0.08072;10000;11426404515;S
20241115;105315;0.08074;20000;11426405663;S
20241115;105316;0.08074;50000;11426405771;S
20241115;105321;0.08074;720000;11426406223;S
20241115;105337;0.08082;10000;11426407600;B
20241115;105338;0.08082;40000;11426407612;B
20241115;105338;0.08082;140000;11426407613;B
20241115;105338;0.08084;400000;11426407614;B
20241115;105338;0.08084;500000;11426407615;B
20241115;105338;0.08084;20000;11426407616;B
20241115;105338;0.08086;1000000;11426407617;B
20241115;105419;0.08088;10000;11426410668;B
20241115;105427;0.08088;200000;11426411451;B
20241115;105427;0.08088;70000;11426411452;B
20241115;105427;0.08088;430000;11426411453;B
20241115;105438;0.08078;50000;11426412566;S
20241115;105445;0.08076;50000;11426413399;S
20241115;105543;0.08076;10000;11426422645;S
20241115;105555;0.08078;10000;11426426049;S
20241115;105556;0.08078;20000;11426426164;S
20241115;105556;0.08078;10000;11426426354;S
20241115;105600;0.08078;10000;11426427845;S
20241115;105601;0.08078;10000;11426428017;S
20241115;105601;0.08078;10000;11426428272;S
20241115;105601;0.08078;20000;11426428460;S
20241115;105602;0.08078;10000;11426428668;S
20241115;105602;0.08076;30000;11426428669;S
20241115;105610;0.08076;20000;11426431427;S
20241115;105624;0.08076;360000;11426434546;S
20241115;105624;0.08076;30000;11426434547;S
20241115;105624;0.08076;110000;11426434548;S
20241115;105640;0.08078;30000;11426437035;B
20241115;105640;0.08078;20000;11426437036;B
20241115;105738;0.0808;10000;11426445121;B
20241115;105807;0.0808;10000;11426447179;B
20241115;105841;0.08084;200000;11426454130;B
20241115;105841;0.08084;210000;11426454131;B
20241115;105841;0.08084;280000;11426454132;B
20241115;105841;0.08084;1500000;11426454133;S
20241115;105841;0.08084;400000;11426454134;S
20241115;105901;0.08088;60000;11426458676;B
20241115;105901;0.08088;40000;11426458677;B
20241115;105915;0.08088;100000;11426460205;B
20241115;105915;0.0809;30000;11426460206;B
20241115;105915;0.0809;170000;11426460207;B
20241115;105921;0.08088;70000;11426460603;B
20241115;105921;0.0809;930000;11426460604;B
20241115;105954;0.08084;10000;11426463188;S
20241115;110000;0.08088;10000;11426463736;B
20241115;110004;0.08088;10000;11426464146;B
20241115;110004;0.0809;10000;11426464147;B
20241115;110004;0.0809;40000;11426464148;B
20241115;110007;0.08092;320000;11426464429;B
20241115;110007;0.08092;20000;11426464430;B
20241115;110007;0.08094;220000;11426464431;B
20241115;110007;0.08092;720000;11426464434;B
20241115;110007;0.08094;180000;11426464435;B
20241115;110007;0.08094;50000;11426464436;B
20241115;110007;0.08094;250000;11426464437;B
20241115;110034;0.08086;30000;11426467154;S
20241115;110037;0.08086;10000;11426467607;S
20241115;110037;0.08086;20000;11426467682;S
20241115;110101;0.08086;10000;11426469590;S
20241115;110101;0.08086;10000;11426469656;S
20241115;110102;0.08086;10000;11426469732;S
20241115;110128;0.08086;400000;11426474761;S
20241115;110128;0.08086;10000;11426474762;S
20241115;110136;0.08084;150000;11426476839;S
20241115;110203;0.08084;10000;11426484551;S
20241115;110210;0.08084;240000;11426486391;S
20241115;110210;0.08084;5500000;11426486392;S
20241115;110359;0.08084;500000;11426515937;S
20241115;110432;0.08086;160000;11426523956;B
20241115;110508;0.08084;2500000;11426537361;S
20241115;110550;0.08084;10000;11426551120;S
20241115;110552;0.08084;10000;11426551857;S
20241115;110603;0.08084;50000;11426554743;S
20241115;110607;0.08084;20000;11426555897;S
20241115;110611;0.08084;10000;11426556966;S
20241115;110611;0.08084;10000;11426557119;S
20241115;110612;0.08084;10000;11426557330;S
20241115;110709;0.08084;10000;11426569186;S
20241115;110715;0.08084;30000;11426570114;S
20241115;110723;0.08084;10000;11426571726;S
20241115;110846;0.08086;180000;11426589469;B
20241115;110959;0.0809;250000;11426602237;B
20241115;110959;0.0809;10000;11426602238;B
20241115;110959;0.08092;10000;11426602239;B
20241115;110959;0.08092;1230000;11426602240;B
20241115;111008;0.08092;30000;11426603325;S
20241115;111008;0.08092;20000;11426603326;S
20241115;111008;0.0809;20000;11426603327;S
20241115;111008;0.0809;170000;11426603328;S
20241115;111008;0.08088;400000;11426603329;S
20241115;111008;0.08088;170000;11426603330;S
20241115;111008;0.08086;820000;11426603331;S
20241115;111008;0.08086;100000;11426603332;S
20241115;111008;0.08086;10000;11426603333;S
20241115;111008;0.08086;500000;11426603334;S
20241115;111008;0.08084;1330000;11426603335;S
20241115;111008;0.08084;400000;11426603336;S
20241115;111008;0.08084;400000;11426603337;S
20241115;111008;0.08084;400000;11426603338;S
20241115;111008;0.08082;230000;11426603339;S
20241115;111008;0.08088;40000;11426603346;S
20241115;111019;0.08082;10000;11426604979;B
20241115;111025;0.08082;150000;11426606033;S
20241115;111025;0.0808;10000;11426606034;S
20241115;111025;0.0808;310000;11426606035;S
20241115;111025;0.08078;30000;11426606036;S
20241115;111026;0.08078;40000;11426606105;S
20241115;111033;0.08086;350000;11426607081;B
20241115;111033;0.08086;340000;11426607082;B
20241115;111035;0.0808;50000;11426607427;S
20241115;111053;0.0808;50000;11426609953;S
20241115;111053;0.0808;160000;11426609954;S
20241115;111057;0.08086;10000;11426610575;B
20241115;111150;0.08082;10000;11426618229;S
20241115;111207;0.08082;40000;11426620598;S
20241115;111230;0.08082;190000;11426624222;S
20241115;111254;0.08076;390000;11426628278;S
20241115;111254;0.08076;20000;11426628279;S
20241115;111313;0.08072;10000;11426631430;S
20241115;111319;0.08072;40000;11426632522;S
20241115;111343;0.08072;730000;11426636712;S
20241115;111357;0.08074;10000;11426638893;B
20241115;111401;0.08072;10000;11426639514;S
20241115;111423;0.0807;40000;11426643049;S
20241115;111448;0.0807;30000;11426647312;S
20241115;111448;0.0807;20000;11426647363;S
20241115;111448;0.0807;2410000;11426647368;S
20241115;111448;0.08068;2570000;11426647374;S
20241115;111448;0.08068;10000;11426647375;S
20241115;111448;0.08064;20000;11426647434;S
20241115;111448;0.08064;810000;11426647439;S
20241115;111448;0.08062;10000;11426647442;S
20241115;111448;0.0806;110000;11426647542;S
20241115;111516;0.08066;90000;11426652545;B
20241115;111516;0.08066;20000;11426652546;B
20241115;111556;0.08066;20000;11426659440;S
20241115;111629;0.08074;170000;11426664816;B
20241115;111629;0.08074;20000;11426664817;B
20241115;111629;0.08076;310000;11426664818;B
20241115;111757;0.08076;280000;11426680346;B
20241115;111757;0.08076;90000;11426680347;B
20241115;111757;0.08078;390000;11426680348;B
20241115;111757;0.08078;500000;11426680349;B
20241115;111757;0.0808;210000;11426680350;B
20241115;111757;0.0808;210000;11426680351;B
20241115;111819;0.08078;480000;11426683355;S
20241115;111819;0.08078;160000;11426683356;S
20241115;111819;0.08076;60000;11426683357;S
20241115;111847;0.08076;240000;11426686500;S
20241115;111906;0.08074;20000;11426688749;B
20241115;111940;0.0807;20000;11426692102;S
20241115;111940;0.08076;20000;11426692154;B
20241115;111947;0.08076;50000;11426692789;B
20241115;112017;0.08076;30000;11426695548;B
20241115;112017;0.08076;100000;11426695549;B
20241115;112017;0.08076;100000;11426695550;B
20241115;112030;0.08076;10000;11426696680;S
20241115;112046;0.08076;40000;11426698132;S
20241115;112047;0.08076;70000;11426698156;S
20241115;112050;0.08068;10000;11426698505;S
20241115;112051;0.08066;20000;11426698541;S
20241115;112051;0.08066;10000;11426698620;S
20241115;112051;0.08066;40000;11426698730;S
20241115;112051;0.08066;30000;11426698731;S
20241115;112053;0.08066;30000;11426698838;S
20241115;112053;0.08066;10000;11426698873;S
20241115;112053;0.08066;10000;11426698918;S
20241115;112053;0.08066;10000;11426698960;S
20241115;112053;0.08066;10000;11426699007;S
20241115;112053;0.08066;10000;11426699061;S
20241115;112053;0.08064;10000;11426699062;S
20241115;112054;0.08064;10000;11426699148;S
20241115;112054;0.08064;10000;11426699215;S
20241115;112059;0.08064;20000;11426699726;S
20241115;112103;0.08064;10000;11426700130;S
20241115;112106;0.08062;10000;11426700402;S
20241115;112106;0.08062;30000;11426700484;S
20241115;112106;0.0806;130000;11426700580;S
20241115;112106;0.0806;30000;11426700581;S
20241115;112106;0.0806;110000;11426700593;S
20241115;112107;0.08064;50000;11426700670;B
20241115;112107;0.0806;180000;11426700817;S
20241115;112107;0.0806;230000;11426700966;S
20241115;112107;0.0806;10000;11426701016;S
20241115;112108;0.0806;10000;11426701086;S
20241115;112108;0.0806;10000;11426701119;S
20241115;112108;0.0806;1190000;11426701240;S
20241115;112108;0.0806;210000;11426701241;S
20241115;112108;0.0806;20000;11426701242;S
20241115;112111;0.08056;50000;11426701538;B
20241115;112111;0.08054;10000;11426701627;S
20241115;112111;0.08054;10000;11426701672;S
20241115;112111;0.08052;10000;11426701673;S
20241115;112112;0.08054;10000;11426701743;S
20241115;112113;0.08052;10000;11426701933;S
20241115;112114;0.08058;50000;11426702000;B
20241115;112118;0.0806;50000;11426702461;B
20241115;112207;0.0806;50000;11426708317;B
20241115;112209;0.0806;100000;11426708699;B
20241115;112209;0.08062;50000;11426708700;B
20241115;112209;0.08062;10000;11426708701;B
20241115;112209;0.08062;500000;11426708702;B
20241115;112209;0.08064;30000;11426708703;B
20241115;112209;0.08064;70000;11426708704;B
20241115;112209;0.08064;1240000;11426708705;B
20241115;112209;0.08066;210000;11426708706;B
20241115;112209;0.08066;800000;11426708707;B
20241115;112209;0.08068;490000;11426708708;B
20241115;112209;0.0807;2000000;11426708709;B
20241115;112209;0.08074;1930000;11426708710;B
20241115;112210;0.08072;50000;11426708727;B
20241115;112415;0.08074;130000;11426803619;S
20241115;112415;0.0807;1000000;11426803620;S
20241115;112508;0.08062;10000;11426863139;S
20241115;112508;0.0806;10000;11426863204;S
20241115;112508;0.0806;10000;11426863355;S
20241115;112508;0.0806;10000;11426863784;S
20241115;112509;0.0806;10000;11426864232;S
20241115;112514;0.0806;10000;11426869885;S
20241115;112514;0.0806;10000;11426870422;S
20241115;112514;0.0806;10000;11426870905;S
20241115;112515;0.0806;10000;11426871436;S
20241115;112515;0.0806;20000;11426871873;S
20241115;112516;0.0806;10000;11426872351;S
20241115;112516;0.0806;10000;11426872946;S
20241115;112516;0.0806;10000;11426873057;S
20241115;112516;0.0806;10000;11426873557;S
20241115;112517;0.0806;20000;11426873888;S
20241115;112517;0.0806;10000;11426874062;S
20241115;112517;0.0806;10000;11426874376;S
20241115;112535;0.0806;10000;11426893997;S
20241115;112536;0.0806;10000;11426894576;S
20241115;112536;0.0806;100000;11426894924;S
20241115;112536;0.08056;10000;11426894926;S
20241115;112536;0.08056;20000;11426895081;S
20241115;112537;0.08056;10000;11426895651;S
20241115;112537;0.08056;10000;11426895711;S
20241115;112537;0.08056;20000;11426896163;S
20241115;112537;0.08056;10000;11426896613;S
20241115;112549;0.08056;200000;11426909192;S
20241115;112556;0.08056;10000;11426917106;S
20241115;112603;0.08056;10000;11426925398;S
20241115;112603;0.08056;10000;11426926008;S
20241115;112603;0.08056;10000;11426926469;S
20241115;112604;0.08056;20000;11426926845;S
20241115;112604;0.08056;10000;11426927491;S
20241115;112611;0.08054;10000;11426934817;S
20241115;112611;0.08052;10000;11426934818;S
20241115;112611;0.08052;120000;11426934819;S
20241115;112611;0.08052;10000;11426934820;S
20241115;112611;0.08052;10000;11426935724;S
20241115;112612;0.08052;170000;11426936196;S
20241115;112624;0.0805;20000;11426949817;S
20241115;112626;0.0805;110000;11426951192;S
20241115;112628;0.0805;10000;11426953833;S
20241115;112629;0.08054;70000;11426954453;B
20241115;112630;0.0805;30000;11426956160;S
20241115;112631;0.0805;180000;11426957115;S
20241115;112633;0.0805;60000;11426958737;S
20241115;112636;0.0805;20000;11426961997;S
20241115;112646;0.0805;570000;11426971403;S
20241115;112646;0.0805;20000;11426971404;S
20241115;112646;0.0805;60000;11426971405;S
20241115;112646;0.0805;350000;11426971406;S
20241115;112701;0.08052;10000;11426985606;B
20241115;112703;0.08054;10000;11426987940;B
20241115;112704;0.08054;10000;11426989427;B
20241115;112705;0.08056;10000;11426990420;B
20241115;112705;0.08056;10000;11426990928;B
20241115;112707;0.08054;10000;11426993039;B
20241115;112722;0.0805;150000;11427008529;S
20241115;112722;0.0805;80000;11427008530;S
20241115;112722;0.0805;510000;11427008531;S
20241115;112722;0.08048;80000;11427008532;S
20241115;112745;0.08056;10000;11427033867;B
20241115;112745;0.08056;60000;11427033868;B
20241115;112745;0.08056;30000;11427033869;B
20241115;112746;0.08056;100000;11427035489;B
20241115;112748;0.08056;100000;11427036969;B
20241115;112754;0.08054;30000;11427044208;B
20241115;112810;0.08058;100000;11427061732;B
20241115;112811;0.08058;100000;11427062662;B
20241115;112813;0.08058;10000;11427064930;B
20241115;112813;0.08058;90000;11427064931;B
20241115;112817;0.08058;100000;11427069988;B
20241115;112818;0.08048;80000;11427070835;S
20241115;112818;0.08048;60000;11427070836;S
20241115;112818;0.08046;10000;11427070837;S
20241115;112818;0.08046;30000;11427070838;S
20241115;112818;0.08046;70000;11427070839;S
20241115;112818;0.08046;270000;11427070840;S
20241115;112818;0.08046;60000;11427070841;S
20241115;112818;0.08044;1240000;11427070842;S
20241115;112818;0.08044;1000000;11427070843;S
20241115;112818;0.08044;500000;11427070844;S
20241115;112819;0.08044;100000;11427072066;B
20241115;112821;0.08044;100000;11427073465;B
20241115;112824;0.08044;100000;11427076744;B
20241115;112825;0.08044;30000;11427078872;B
20241115;112829;0.08044;100000;11427082709;B
20241115;112831;0.08044;100000;11427084734;B
20241115;112832;0.08044;20000;11427086415;B
20241115;112832;0.08046;70000;11427086416;B
20241115;112832;0.08046;10000;11427086417;B
20241115;112835;0.08052;100000;11427089820;B
20241115;112840;0.08052;100000;11427095156;B
20241115;112913;0.08062;190000;11427133929;B
20241115;112913;0.08062;50000;11427133930;B
20241115;112913;0.08064;1260000;11427133931;B
20241115;112913;0.08064;50000;11427133932;B
20241115;112913;0.08064;1240000;11427133933;B
20241115;112913;0.08064;480000;11427133934;B
20241115;112913;0.08066;500000;11427133935;B
20241115;112913;0.08066;210000;11427133936;B
20241115;112913;0.08068;2470000;11427133937;B
20241115;112913;0.08068;4000000;11427133938;B
20241115;112913;0.0807;5000000;11427133939;B
20241115;112913;0.08072;40000;11427133940;B
20241115;112913;0.08074;5000000;11427133941;B
20241115;112913;0.0808;400000;11427133942;B
20241115;112913;0.0808;5140000;11427133943;B
20241115;112913;0.0808;5250000;11427133944;B
20241115;112913;0.08082;300000;11427133945;B
20241115;112913;0.08084;2500000;11427133946;B
20241115;112913;0.08086;5000000;11427133947;B
20241115;112913;0.08088;10000;11427133948;B
20241115;112913;0.08088;60000;11427133949;B
20241115;112913;0.0809;5000000;11427133950;B
20241115;112913;0.0809;400000;11427133951;B
20241115;112913;0.0809;90000;11427133952;B
20241115;112913;0.0809;1500000;11427133953;S
20241115;112913;0.0809;3000000;11427133954;S
20241115;112913;0.08094;500000;11427133955;B
20241115;112913;0.08094;2470000;11427133956;B
20241115;112913;0.08094;190000;11427133957;B
20241115;112913;0.08096;1100000;11427133958;S
20241115;112913;0.08096;740000;11427133959;S
20241115;112913;0.08094;1240000;11427133960;B
20241115;112913;0.08092;990000;11427133962;S
20241115;112913;0.08094;400000;11427133963;B
20241115;112913;0.08094;10000;11427133981;B
20241115;112913;0.08094;1020000;11427133982;B
20241115;112914;0.08094;2470000;11427134769;B
20241115;112914;0.08096;940000;11427134770;B
20241115;112916;0.08094;400000;11427137556;B
20241115;112919;0.08094;400000;11427140633;B
20241115;112925;0.08094;400000;11427146219;B
20241115;112928;0.08094;400000;11427149637;B
20241115;112930;0.08094;400000;11427151859;B
20241115;112931;0.08094;400000;11427153048;B
20241115;112932;0.08094;1000000;11427154513;B
20241115;112932;0.08094;390000;11427154514;B
20241115;112932;0.08094;210000;11427154518;B
20241115;112932;0.08094;10000;11427154519;B
20241115;112932;0.08096;200000;11427154520;B
20241115;112932;0.08096;10000;11427154521;B
20241115;112932;0.081;10000;11427154534;B
20241115;112932;0.081;10000;11427154535;B
20241115;112932;0.081;20000;11427154536;B
20241115;112932;0.081;50000;11427154537;B
20241115;112932;0.08096;90000;11427154541;S
20241115;112932;0.08096;210000;11427154542;S
20241115;112932;0.08096;930000;11427154543;S
20241115;112932;0.08096;700000;11427154544;S
20241115;112933;0.08096;10000;11427155535;S
20241115;112934;0.08098;400000;11427155746;B
20241115;112934;0.08098;400000;11427155809;B
20241115;112934;0.08098;100000;11427156615;S
20241115;112937;0.081;400000;11427158613;S
20241115;112937;0.08098;100000;11427158614;S
20241115;112940;0.08098;1000000;11427161169;S
20241115;112940;0.081;210000;11427161185;S
20241115;112940;0.081;400000;11427161186;B
20241115;112942;0.08104;10000;11427163528;B
20241115;112942;0.08104;100000;11427163529;B
20241115;112942;0.08104;890000;11427163530;B
20241115;112943;0.08102;400000;11427164137;B
20241115;112943;0.08102;20000;11427164569;B
20241115;112947;0.08106;100000;11427168406;B
20241115;112947;0.08106;50000;11427168407;B
20241115;112948;0.08106;40000;11427168456;B
20241115;112957;0.08104;10000;11427177149;S
20241115;112957;0.08104;800000;11427177269;S
20241115;112959;0.08104;940000;11427179155;S
20241115;113002;0.08104;2390000;11427181854;S
20241115;113002;0.08106;60000;11427182017;B
20241115;113002;0.08106;10000;11427182283;B
20241115;113003;0.08106;60000;11427182627;B
20241115;113007;0.08104;10000;11427187404;S
20241115;113011;0.08104;850000;11427191859;S
20241115;113012;0.08102;430000;11427192875;S
20241115;113012;0.08098;20000;11427193153;S
20241115;113030;0.08094;400000;11427211154;S
20241115;113030;0.08094;210000;11427211155;S
20241115;113030;0.08094;210000;11427211156;S
20241115;113030;0.08094;150000;11427211157;S
20241115;113030;0.08094;1530000;11427211158;S
20241115;113213;0.08094;110000;11427326083;S
20241115;113213;0.08094;130000;11427326084;S
20241115;113213;0.08094;60000;11427326085;S
20241115;113221;0.081;6000000;11427333898;B
20241115;113221;0.081;100000;11427333899;B
20241115;113221;0.08102;100000;11427333905;B
20241115;113221;0.08104;10000;11427333906;B
20241115;113221;0.08104;100000;11427333907;B
20241115;113232;0.081;10000;11427346690;S
20241115;113234;0.081;30000;11427347758;S
20241115;113240;0.08102;40000;11427353716;B
20241115;113242;0.08104;10000;11427355148;B
20241115;113243;0.08106;30000;11427355991;B
20241115;113243;0.08106;70000;11427355992;B
20241115;113243;0.08106;890000;11427355993;B
20241115;113243;0.08108;200000;11427355997;B
20241115;113243;0.08108;470000;11427355998;B
20241115;113246;0.08106;10000;11427358607;S
20241115;113247;0.0811;10000;11427359935;B
20241115;113247;0.0811;50000;11427359936;B
20241115;113248;0.08106;50000;11427360967;S
20241115;113248;0.08106;30000;11427360968;S
20241115;113256;0.08108;20000;11427367883;S
20241115;113301;0.08108;160000;11427371986;S
20241115;113301;0.08108;50000;11427372585;S
20241115;113301;0.08108;30000;11427372586;S
20241115;113307;0.0811;150000;11427378918;B
20241115;113307;0.0811;650000;11427378919;B
20241115;113307;0.08112;30000;11427378923;B
20241115;113307;0.08112;40000;11427378924;B
20241115;113308;0.08112;160000;11427380074;B
20241115;113308;0.08114;200000;11427380075;B
20241115;113308;0.08114;3010000;11427380076;B
20241115;113308;0.08116;110000;11427380077;B
20241115;113308;0.08116;10000;11427380078;B
20241115;113308;0.08116;10000;11427380079;B
20241115;113308;0.08116;130000;11427380080;B
20241115;113308;0.08116;270000;11427380081;B
20241115;113308;0.08118;100000;11427380082;B
20241115;113308;0.08118;500000;11427380083;B
20241115;113308;0.0812;1970000;11427380084;B
20241115;113308;0.0812;100000;11427380085;B
20241115;113308;0.0812;10000;11427380086;B
20241115;113308;0.0812;300000;11427380087;B
20241115;113308;0.08112;200000;11427380088;S
20241115;113308;0.0812;410000;11427380312;B
20241115;113308;0.0812;770000;11427380313;B
20241115;113308;0.0812;820000;11427380314;B
20241115;113308;0.08122;250000;11427380315;B
20241115;113308;0.08122;200000;11427380316;B
20241115;113308;0.08124;10000;11427380320;B
20241115;113308;0.08124;510000;11427380321;B
20241115;113309;0.08122;1000000;11427381436;B
20241115;113309;0.08122;250000;11427381437;B
20241115;113311;0.0812;20000;11427382492;S
20241115;113323;0.08122;140000;11427396126;B
20241115;113323;0.08124;270000;11427396127;B
20241115;113330;0.08114;170000;11427403710;S
20241115;113357;0.08116;40000;11427434295;S
20241115;113359;0.08118;10000;11427437112;B
20241115;113359;0.08118;10000;11427437230;S
20241115;113401;0.08114;180000;11427438541;S
20241115;113401;0.08114;20000;11427438813;S
20241115;113401;0.08114;10000;11427438961;S
20241115;113401;0.08114;10000;11427439238;S
20241115;113402;0.08114;10000;11427440432;S
20241115;113412;0.08114;130000;11427452799;S
20241115;113413;0.08114;20000;11427453145;S
20241115;113413;0.08114;10000;11427453890;S
20241115;113414;0.08114;10000;11427454325;S
20241115;113414;0.08114;10000;11427454474;S
20241115;113414;0.08114;10000;11427455168;S
20241115;113419;0.08114;20000;11427460359;S
20241115;113423;0.08118;50000;11427464741;B
20241115;113446;0.08118;10000;11427489347;B
20241115;113446;0.08118;50000;11427489348;B
20241115;113513;0.08116;10000;11427520374;S
20241115;113513;0.08116;60000;11427520419;S
20241115;113513;0.08116;10000;11427520478;S
20241115;113513;0.08116;20000;11427520826;S
20241115;113513;0.08116;10000;11427520930;S
20241115;113513;0.08116;10000;11427521596;S
20241115;113513;0.08116;10000;11427521634;S
20241115;113513;0.08116;10000;11427521673;S
20241115;113514;0.08116;10000;11427522301;S
20241115;113514;0.08114;10000;11427522302;S
20241115;113516;0.08114;550000;11427523846;S
20241115;113516;0.08112;50000;11427523847;S
20241115;113516;0.08112;460000;11427523848;S
20241115;113516;0.0811;240000;11427523849;S
20241115;113519;0.08108;10000;11427527435;S
20241115;113525;0.08108;20000;11427533741;S
20241115;113529;0.08108;100000;11427538076;S
20241115;113541;0.08108;30000;11427550976;S
20241115;113548;0.08108;10000;11427557699;S
20241115;113552;0.08108;60000;11427561143;S
20241115;113552;0.08108;60000;11427561188;S
20241115;113552;0.08108;10000;11427561729;S
20241115;113554;0.08108;20000;11427563105;S
20241115;113554;0.08108;10000;11427563474;S
20241115;113554;0.08108;10000;11427563529;S
20241115;113554;0.08106;30000;11427563582;S
20241115;113554;0.08106;10000;11427563906;S
20241115;113554;0.08104;10000;11427563954;S
20241115;113555;0.08104;20000;11427564022;S
20241115;113559;0.08104;70000;11427568194;S
20241115;113641;0.08112;10000;11427614766;B
20241115;113725;0.0811;40000;11427662846;S
20241115;113738;0.08108;20000;11427677359;S
20241115;113805;0.08116;60000;11427708678;B
20241115;113915;0.08116;20000;11427781070;B
20241115;113932;0.08118;500000;11427799275;B
20241115;113953;0.08114;20000;11427823436;S
20241115;113957;0.08114;30000;11427827163;S
20241115;113957;0.08114;60000;11427827242;S
20241115;113959;0.08114;10000;11427829414;S
20241115;114000;0.08114;10000;11427830885;S
20241115;114029;0.08118;290000;11427862301;B
20241115;114029;0.08118;100000;11427862302;B
20241115;114029;0.08118;110000;11427862303;B
20241115;114041;0.0812;10000;11427875027;B
20241115;114041;0.0812;10000;11427875028;B
20241115;114041;0.0812;10000;11427875029;B
20241115;114047;0.08118;100000;11427882453;S
20241115;114047;0.08118;60000;11427882454;S
20241115;114047;0.08118;210000;11427882455;S
20241115;114047;0.08116;70000;11427882456;S
20241115;114048;0.0812;100000;11427883441;B
20241115;114048;0.0812;10000;11427883442;B
20241115;114049;0.08122;100000;11427884898;B
20241115;114050;0.08124;100000;11427885850;B
20241115;114100;0.08124;10000;11427896701;B
20241115;114110;0.08126;100000;11427907443;B
20241115;114110;0.08126;100000;11427907444;B
20241115;114110;0.08126;10000;11427907445;B
20241115;114110;0.08126;160000;11427907450;S
20241115;114110;0.08124;130000;11427907451;S
20241115;114110;0.08124;410000;11427907452;S
20241115;114136;0.08126;210000;11427935607;B
20241115;114142;0.08126;50000;11427940605;B
20241115;114205;0.08124;20000;11427964892;S
20241115;114209;0.08124;20000;11427968681;S
20241115;114209;0.08124;80000;11427968685;S
20241115;114209;0.08124;600000;11427968686;S
20241115;114209;0.08124;180000;11427968956;S
20241115;114209;0.08124;20000;11427968960;S
20241115;114211;0.08122;220000;11427969724;S
20241115;114213;0.08122;60000;11427972329;S
20241115;114213;0.08122;60000;11427972387;S
20241115;114214;0.08122;10000;11427973647;S
20241115;114214;0.08122;10000;11427973748;S
20241115;114214;0.08122;210000;11427974275;S
20241115;114214;0.08122;100000;11427974353;S
20241115;114214;0.08122;500000;11427974440;S
20241115;114215;0.08122;10000;11427975449;S
20241115;114216;0.08122;10000;11427975606;S
20241115;114216;0.08122;100000;11427975759;S
20241115;114217;0.08122;1000000;11427977138;S
20241115;114221;0.08122;60000;11427980183;S
20241115;114305;0.08124;10000;11428025006;B
20241115;114346;0.08124;500000;11428064851;B
20241115;114346;0.08124;1500000;11428064852;B
20241115;114400;0.08124;10000;11428078485;B
20241115;114415;0.08124;10000;11428092234;B
20241115;114436;0.08124;10000;11428113386;B
20241115;114437;0.08124;50000;11428115078;B
20241115;114438;0.08122;1510000;11428115520;S
20241115;114438;0.08116;50000;11428115682;B
20241115;114457;0.08118;500000;11428134018;B
20241115;114457;0.08118;150000;11428134019;B
20241115;114457;0.0812;150000;11428134020;B
20241115;114457;0.08122;300000;11428134021;B
20241115;114525;0.08116;10000;11428160775;S
20241115;114525;0.08116;40000;11428161554;S
20241115;114525;0.08112;20000;11428161620;S
20241115;114528;0.08112;10000;11428163565;S
20241115;114528;0.08112;170000;11428163725;S
20241115;114528;0.08112;170000;11428164173;S
20241115;114532;0.08112;20000;11428166768;S
20241115;114532;0.08112;10000;11428167641;S
20241115;114606;0.0811;30000;11428199706;S
20241115;114606;0.0811;30000;11428199707;S
20241115;114606;0.0811;50000;11428199708;S
20241115;114615;0.08108;100000;11428209179;S
20241115;114651;0.08108;10000;11428243044;S
20241115;114651;0.08106;40000;11428243045;S
20241115;114756;0.0811;500000;11428302899;B
20241115;114812;0.0811;10000;11428317875;B
20241115;114836;0.0811;5570000;11428340216;B
20241115;114841;0.08114;40000;11428343902;S
20241115;114845;0.08116;100000;11428347871;B
20241115;114849;0.0812;10000;11428351622;B
20241115;114852;0.0812;500000;11428354058;B
20241115;114853;0.0812;490000;11428354944;B
20241115;114853;0.08122;10000;11428354945;B
20241115;114853;0.0812;100000;11428354952;S
20241115;114935;0.08122;20000;11428392420;B
20241115;114936;0.08122;20000;11428393714;B
20241115;114942;0.08122;140000;11428398390;B
20241115;114942;0.08122;30000;11428398391;B
20241115;114942;0.08122;520000;11428398392;B
20241115;114942;0.08124;30000;11428398393;B
20241115;114943;0.0812;10000;11428399259;S
20241115;114943;0.08118;10000;11428399260;S
20241115;114946;0.0812;20000;11428403210;B
20241115;115004;0.08122;100000;11428418455;B
20241115;115004;0.08122;100000;11428419382;B
20241115;115015;0.08122;60000;11428428425;B
20241115;115015;0.08122;130000;11428428426;B
20241115;115015;0.08124;1360000;11428428427;B
20241115;115015;0.08124;1560000;11428428428;B
20241115;115015;0.08124;1040000;11428428429;B
20241115;115015;0.08124;1240000;11428428430;B
20241115;115015;0.08124;800000;11428428431;B
20241115;115015;0.08124;620000;11428428432;B
20241115;115015;0.08124;630000;11428428433;B
20241115;115019;0.08124;10000;11428432268;B
20241115;115022;0.08124;2500000;11428435288;B
20241115;115031;0.08124;10000;11428442264;B
20241115;115035;0.08122;10000;11428446505;B
20241115;115037;0.08122;10000;11428447910;B
20241115;115040;0.08122;50000;11428450652;B
20241115;115040;0.08122;10000;11428450653;B
20241115;115040;0.08124;40000;11428450654;B
20241115;115045;0.08122;10000;11428455040;B
20241115;115146;0.08122;20000;11428508161;B
20241115;115146;0.08124;20000;11428508162;B
20241115;115152;0.08122;10000;11428511216;B
20241115;115207;0.08122;10000;11428525295;B
20241115;115207;0.08124;8270000;11428525296;B
20241115;115207;0.08124;140000;11428525297;B
20241115;115230;0.08126;60000;11428544424;B
20241115;115247;0.08126;10000;11428558165;B
20241115;115255;0.08126;30000;11428564063;B
20241115;115255;0.08128;70000;11428564064;B
20241115;115256;0.08124;60000;11428565381;S
20241115;115259;0.08122;60000;11428567885;S
20241115;115300;0.08124;20000;11428568016;S
20241115;115327;0.08122;40000;11428590351;S
20241115;115343;0.08124;160000;11428603226;S
20241115;115347;0.08124;10000;11428607213;S
20241115;115352;0.08128;20000;11428611436;B
20241115;115401;0.08128;10000;11428618913;B
20241115;115414;0.08124;10000;11428630285;S
20241115;115453;0.08124;10000;11428663354;S
20241115;115457;0.08124;10000;11428665871;B
20241115;115457;0.08126;140000;11428665872;B
20241115;115457;0.08126;130000;11428665873;B
20241115;115457;0.08126;90000;11428665874;B
20241115;115457;0.08128;10000;11428665875;B
20241115;115457;0.08128;420000;11428665876;B
20241115;115500;0.08122;80000;11428668919;S
20241115;115623;0.08122;10000;11428734735;S
20241115;115756;0.08126;330000;11428792760;B
20241115;115756;0.08128;580000;11428792761;B
20241115;115756;0.08128;120000;11428792762;B
20241115;115756;0.0813;20000;11428792763;B
20241115;115756;0.0813;130000;11428792764;B
20241115;115756;0.0813;400000;11428792765;B
20241115;115756;0.0813;10000;11428792766;B
20241115;115756;0.0813;1000000;11428792767;B
20241115;115756;0.0813;100000;11428792768;B
20241115;115756;0.0813;70000;11428792769;B
20241115;115756;0.0813;10000;11428792770;B
20241115;115756;0.0813;120000;11428792771;B
20241115;115756;0.0813;500000;11428792772;B
20241115;115756;0.08132;100000;11428792773;B
20241115;115756;0.08132;210000;11428792774;B
20241115;115756;0.08134;30000;11428792775;B
20241115;115756;0.08134;100000;11428792776;B
20241115;115756;0.08134;170000;11428792777;B
20241115;115802;0.08124;500000;11428793312;S
20241115;115822;0.08126;250000;11428794795;S
20241115;115835;0.0813;10000;11428795885;B
20241115;115838;0.0813;20000;11428796168;S
20241115;115838;0.08128;30000;11428796169;S
20241115;115859;0.08128;10000;11428797651;S
20241115;115902;0.08128;10000;11428797917;S
20241115;115918;0.08126;130000;11428799261;S
20241115;115945;0.0813;60000;11428801503;B
20241115;115945;0.0813;10000;11428801504;B
20241115;115945;0.08132;10000;11428801505;B
20241115;115945;0.08132;40000;11428801506;B
20241115;120021;0.0813;30000;11428804414;S
20241115;120039;0.08128;50000;11428805796;S
20241115;120039;0.08128;320000;11428805803;S
20241115;120039;0.08128;1570000;11428805808;S
20241115;120039;0.08128;10000;11428805809;S
20241115;120039;0.08126;570000;11428805818;S
20241115;120039;0.08126;300000;11428805823;S
20241115;120049;0.0812;320000;11428806568;S
20241115;120049;0.08118;2470000;11428806569;S
20241115;120049;0.08118;210000;11428806570;S
20241115;120049;0.08118;2000000;11428806571;S
20241115;120105;0.08118;160000;11428807772;S
20241115;120105;0.08118;490000;11428807773;S
20241115;120118;0.08126;10000;11428808566;B
20241115;120156;0.08126;10000;11428811317;B
20241115;120202;0.08118;30000;11428811743;S
20241115;120234;0.08118;20000;11428814519;S
20241115;120234;0.08118;200000;11428814520;S
20241115;120317;0.08116;50000;11428817953;B
20241115;120318;0.08116;50000;11428818041;B
20241115;120322;0.08114;20000;11428818449;S
20241115;120322;0.08114;40000;11428818492;S
20241115;120357;0.08114;150000;11428820748;S
20241115;120357;0.08114;80000;11428820749;S
20241115;120403;0.08112;200000;11428821187;S
20241115;120403;0.08112;790000;11428821188;S
20241115;120405;0.08114;70000;11428821297;B
20241115;120408;0.08114;160000;11428821535;B
20241115;120409;0.08112;440000;11428821579;S
20241115;120409;0.08112;550000;11428821580;S
20241115;120415;0.08112;500000;11428822080;S
20241115;120415;0.08112;20000;11428822081;S
20241115;120415;0.08112;470000;11428822082;S
20241115;120426;0.0811;10000;11428822808;S
20241115;120426;0.0811;20000;11428822809;S
20241115;120426;0.0811;400000;11428822810;S
20241115;120426;0.0811;560000;11428822811;S
20241115;120435;0.0811;30000;11428823446;S
20241115;120447;0.08112;40000;11428824356;S
20241115;120452;0.0811;60000;11428824665;S
20241115;120455;0.0811;990000;11428824873;S
20241115;120456;0.08112;20000;11428824909;B
20241115;120457;0.0811;1550000;11428824980;S
20241115;120501;0.0811;20000;11428825348;S
20241115;120509;0.08108;50000;11428825786;S
20241115;120509;0.08108;940000;11428825787;S
20241115;120516;0.08108;990000;11428826173;S
20241115;120523;0.08108;990000;11428826618;S
20241115;120531;0.08108;10000;11428827169;S
20241115;120531;0.08108;170000;11428827170;S
20241115;120544;0.08108;560000;11428828156;B
20241115;120548;0.08106;50000;11428828644;S
20241115;120548;0.08106;20000;11428828645;S
20241115;120548;0.08106;30000;11428828646;S
20241115;120548;0.08106;100000;11428828647;S
20241115;120549;0.08106;50000;11428828686;S
20241115;120600;0.08108;10000;11428829538;B
20241115;120601;0.08106;990000;11428829598;S
20241115;120609;0.08106;90000;11428830256;S
20241115;120609;0.08106;900000;11428830257;S
20241115;120624;0.08106;100000;11428831545;S
20241115;120624;0.08106;890000;11428831546;S
20241115;120655;0.08104;60000;11428833911;S
20241115;120655;0.08104;20000;11428833912;S
20241115;120655;0.08104;500000;11428833913;S
20241115;120655;0.08104;50000;11428833914;S
20241115;120655;0.08104;50000;11428833915;S
20241115;120655;0.08102;30000;11428833916;S
20241115;120655;0.08102;2190000;11428833917;S
20241115;120655;0.08102;1700000;11428833918;S
20241115;120655;0.08102;1230000;11428833919;S
20241115;120655;0.08102;230000;11428833920;S
20241115;120655;0.081;18940000;11428833921;S
20241115;120655;0.08102;1200000;11428833923;S
20241115;120702;0.08102;10000;11428834371;S
20241115;120716;0.081;10000;11428835370;S
20241115;120732;0.081;140000;11428836603;S
20241115;120748;0.081;1700000;11428837846;S
20241115;120808;0.081;130000;11428839094;S
20241115;120811;0.08102;50000;11428839349;B
20241115;120823;0.08102;100000;11428840240;B
20241115;120844;0.08102;500000;11428841816;B
20241115;120844;0.08102;350000;11428841818;B
20241115;120936;0.08104;10000;11428845975;S
20241115;120938;0.08106;500000;11428846114;B
20241115;120938;0.08106;510000;11428846115;B
20241115;120941;0.08108;240000;11428846604;B
20241115;121021;0.0811;10000;11428851001;S
20241115;121120;0.08116;20000;11428855177;B
20241115;121120;0.08116;50000;11428855178;B
20241115;121121;0.08118;500000;11428855245;B
20241115;121122;0.08116;10000;11428855392;S
20241115;121155;0.08116;10000;11428857545;B
20241115;121155;0.08116;10000;11428857546;B
20241115;121155;0.08118;30000;11428857547;B
20241115;121155;0.08118;130000;11428857548;B
20241115;121155;0.08118;270000;11428857549;B
20241115;121155;0.0812;50000;11428857550;B
20241115;121156;0.08112;10000;11428857563;S
20241115;121232;0.08114;10000;11428860299;S
20241115;121236;0.08114;110000;11428860612;S
20241115;121246;0.08114;10000;11428861388;S
20241115;121309;0.08114;130000;11428862982;S
20241115;121356;0.08118;470000;11428866423;B
20241115;121356;0.08118;60000;11428866424;B
20241115;121356;0.0812;470000;11428866425;B
20241115;121403;0.08118;260000;11428867022;B
20241115;121404;0.0812;500000;11428867184;B
20241115;121414;0.08118;10000;11428868009;B
20241115;121415;0.08118;20000;11428868037;B
20241115;121447;0.08116;250000;11428870639;S
20241115;121527;0.08116;10000;11428874563;S
20241115;121527;0.08116;330000;11428874564;S
20241115;121527;0.08114;750000;11428874565;S
20241115;121527;0.08114;330000;11428874566;S
20241115;121549;0.08114;70000;11428876229;B
20241115;121554;0.08114;30000;11428876555;B
20241115;121713;0.08108;10000;11428881524;S
20241115;121758;0.08108;40000;11428884466;S
20241115;121758;0.08108;150000;11428884531;S
20241115;121822;0.0811;30000;11428886989;S
20241115;121822;0.0811;30000;11428887054;B
20241115;121913;0.08108;100000;11428892809;B
20241115;121923;0.0811;30000;11428893625;B
20241115;122000;0.08104;160000;11428897092;S
20241115;122000;0.08104;20000;11428897093;S
20241115;122042;0.08104;40000;11428902477;S
20241115;122105;0.08104;250000;11428906679;S
20241115;122120;0.08104;30000;11428909191;B
20241115;122120;0.08106;70000;11428909192;B
20241115;122133;0.08102;150000;11428911632;S
20241115;122133;0.081;4850000;11428911633;S
20241115;122135;0.08108;70000;11428911921;B
20241115;122248;0.08106;200000;11428920716;B
20241115;122249;0.08102;50000;11428920861;S
20241115;122337;0.08108;100000;11428923582;B
20241115;122337;0.08108;400000;11428923583;B
20241115;122446;0.08114;10000;11428927525;B
20241115;122446;0.08114;30000;11428927540;B
20241115;122515;0.08112;20000;11428929474;S
20241115;122515;0.0811;40000;11428929475;S
20241115;122603;0.0811;50000;11428932658;S
20241115;122603;0.0811;140000;11428932659;S
20241115;122603;0.0811;210000;11428932660;S
20241115;122603;0.0811;500000;11428932661;S
20241115;122603;0.0811;500000;11428932662;S
20241115;122603;0.08108;230000;11428932663;S
20241115;122603;0.08108;140000;11428932664;S
20241115;122603;0.08108;50000;11428932665;S
20241115;122603;0.08106;1180000;11428932666;S
20241115;122628;0.0811;20000;11428934423;S
20241115;122726;0.0811;10000;11428939123;S
20241115;122826;0.08114;440000;11428945260;B
20241115;122826;0.08114;50000;11428945261;B
20241115;122826;0.08116;80000;11428945262;B
20241115;122928;0.08118;200000;11428950488;B
20241115;122944;0.08112;210000;11428952138;S
20241115;122944;0.08112;60000;11428952139;S
20241115;122944;0.0811;500000;11428952140;S
20241115;122944;0.0811;60000;11428952141;S
20241115;123014;0.0811;170000;11428954663;B
20241115;123014;0.08114;60000;11428954664;B
20241115;123014;0.08114;60000;11428954665;B
20241115;123014;0.08116;60000;11428954666;B
20241115;123014;0.08116;210000;11428954667;B
20241115;123014;0.08116;350000;11428954668;B
20241115;123014;0.08118;50000;11428954669;B
20241115;123014;0.08118;710000;11428954670;B
20241115;123016;0.08118;100000;11428954830;B
20241115;123041;0.08112;270000;11428956827;S
20241115;123121;0.0812;250000;11428960466;B
20241115;123133;0.0812;40000;11428961637;B
20241115;123138;0.0812;110000;11428962250;B
20241115;123146;0.0812;50000;11428962858;B
20241115;123147;0.0812;50000;11428962890;B
20241115;123200;0.0812;70000;11428963962;B
20241115;123201;0.0812;50000;11428964109;B
20241115;123217;0.0812;60000;11428965315;B
20241115;123236;0.08116;10000;11428966752;S
20241115;123239;0.08118;40000;11428966986;S
20241115;123239;0.08116;270000;11428966987;S
20241115;123239;0.08114;330000;11428966988;S
20241115;123239;0.08114;270000;11428966989;S
20241115;123239;0.08112;210000;11428966990;S
20241115;123239;0.08112;870000;11428966991;S
20241115;123239;0.0812;20000;11428966992;B
20241115;123243;0.0812;20000;11428967373;B
20241115;123249;0.0812;10000;11428967817;B
20241115;123250;0.0812;60000;11428967856;B
20241115;123250;0.0812;10000;11428967911;B
20241115;123251;0.0812;50000;11428967939;B
20241115;123326;0.0812;10000;11428970715;B
20241115;123327;0.08116;20000;11428970753;S
20241115;123328;0.0812;20000;11428970826;B
20241115;123331;0.0812;30000;11428971137;B
20241115;123333;0.0812;60000;11428971300;B
20241115;123336;0.0812;50000;11428971441;B
20241115;123339;0.0812;50000;11428971757;B
20241115;123353;0.0812;70000;11428973177;B
20241115;123405;0.0812;50000;11428974196;B
20241115;123409;0.0812;50000;11428974593;B
20241115;123414;0.0812;80000;11428975143;B
20241115;123430;0.0812;210000;11428976546;B
20241115;123430;0.0812;400000;11428976571;B
20241115;123430;0.0812;300000;11428976595;B
20241115;123430;0.0812;500000;11428976596;B
20241115;123430;0.0812;300000;11428976597;B
20241115;123430;0.0812;700000;11428976635;B
20241115;123430;0.08122;60000;11428976714;B
20241115;123430;0.08126;20000;11428976804;B
20241115;123430;0.08128;140000;11428976817;B
20241115;123431;0.08126;220000;11428976973;B
20241115;123445;0.08126;20000;11428978614;S
20241115;123449;0.0813;30000;11428978977;B
20241115;123449;0.0813;160000;11428978978;B
20241115;123449;0.08132;10000;11428978979;B
20241115;123449;0.08132;250000;11428978980;B
20241115;123449;0.08132;80000;11428978981;B
20241115;123449;0.08134;100000;11428978982;B
20241115;123449;0.08134;400000;11428978983;B
20241115;123449;0.08134;1230000;11428978984;B
20241115;123449;0.08134;80000;11428978985;B
20241115;123449;0.08134;260000;11428978986;B
20241115;123449;0.08136;400000;11428978987;B
20241115;123511;0.08132;10000;11428981059;B
20241115;123511;0.08134;50000;11428981060;B
20241115;123511;0.08134;10000;11428981061;B
20241115;123526;0.08132;10000;11428982245;B
20241115;123526;0.08132;120000;11428982246;B
20241115;123526;0.08134;2210000;11428982247;B
20241115;123526;0.08134;80000;11428982248;B
20241115;123526;0.08136;200000;11428982249;B
20241115;123526;0.08136;100000;11428982250;B
20241115;123526;0.08136;500000;11428982251;B
20241115;123526;0.08136;10000;11428982252;B
20241115;123526;0.08136;80000;11428982253;B
20241115;123526;0.08136;1230000;11428982254;B
20241115;123526;0.08138;350000;11428982255;B
20241115;123526;0.08138;100000;11428982256;B
20241115;123526;0.08138;500000;11428982257;B
20241115;123526;0.08138;640000;11428982258;B
20241115;123526;0.08138;210000;11428982259;B
20241115;123526;0.0814;1000000;11428982260;B
20241115;123526;0.0814;400000;11428982261;B
20241115;123526;0.0814;10000;11428982262;B
20241115;123526;0.0814;100000;11428982263;B
20241115;123526;0.0814;400000;11428982264;B
20241115;123526;0.08142;60000;11428982265;B
20241115;123526;0.08142;10000;11428982266;B
20241115;123526;0.08144;10000;11428982267;B
20241115;123526;0.08144;1670000;11428982268;B
20241115;123528;0.0814;1230000;11428982455;B
20241115;123528;0.0814;1240000;11428982456;B
20241115;123528;0.0814;1680000;11428982457;B
20241115;123528;0.08142;120000;11428982458;B
20241115;123528;0.08142;200000;11428982459;B
20241115;123528;0.08142;200000;11428982460;B
20241115;123528;0.08142;500000;11428982461;B
20241115;123528;0.08144;210000;11428982462;B
20241115;123528;0.08144;2470000;11428982463;B
20241115;123528;0.08144;210000;11428982464;B
20241115;123528;0.08146;1940000;11428982465;B
20241115;123529;0.0814;10000;11428982523;S
20241115;123532;0.0814;320000;11428982820;B
20241115;123532;0.0814;80000;11428982821;B
20241115;123535;0.08138;50000;11428983058;B
20241115;123535;0.08138;10000;11428983059;B
20241115;123539;0.08134;60000;11428983516;S
20241115;123540;0.08134;60000;11428983622;S
20241115;123541;0.08134;40000;11428983785;S
20241115;123541;0.08132;110000;11428983786;S
20241115;123549;0.08134;30000;11428984422;B
20241115;123657;0.08132;20000;11428993230;S
20241115;123657;0.0813;60000;11428993231;S
20241115;123658;0.08134;20000;11428993246;B
20241115;123759;0.08134;80000;11428999844;S
20241115;123759;0.08134;100000;11428999845;S
20241115;123759;0.08134;60000;11428999846;S
20241115;123759;0.08134;140000;11428999847;S
20241115;123759;0.08134;120000;11428999848;S
20241115;123811;0.08134;190000;11429001104;S
20241115;123811;0.08134;10000;11429001105;S
20241115;123815;0.08132;80000;11429001721;B
20241115;123834;0.08132;240000;11429003744;B
20241115;123855;0.0813;40000;11429007120;S
20241115;123901;0.08132;30000;11429009184;B
20241115;123913;0.0813;70000;11429012454;S
20241115;123913;0.08128;10000;11429012489;S
20241115;123913;0.08128;60000;11429012490;S
20241115;123940;0.0813;10000;11429015984;S
20241115;123940;0.0813;50000;11429015997;S
20241115;123943;0.08132;10000;11429016180;B
20241115;123943;0.0813;10000;11429016238;S
20241115;123949;0.0813;50000;11429016741;S
20241115;123949;0.0813;10000;11429016815;S
20241115;124000;0.0813;50000;11429017636;S
20241115;124002;0.0813;50000;11429017932;S
20241115;124003;0.0813;10000;11429018059;S
20241115;124003;0.0813;80000;11429018060;S
20241115;124013;0.0813;160000;11429019084;S
20241115;124014;0.0813;130000;11429019486;B
20241115;124014;0.0813;20000;11429019487;B
20241115;124019;0.0813;50000;11429021514;S
20241115;124022;0.0813;20000;11429022174;S
20241115;124038;0.0813;10000;11429023520;B
20241115;124038;0.0813;60000;11429023521;B
20241115;124048;0.08132;290000;11429024205;B
20241115;124049;0.08132;10000;11429024254;B
20241115;124052;0.08132;140000;11429024441;B
20241115;124052;0.08132;10000;11429024442;B
20241115;124052;0.08132;50000;11429024443;B
20241115;124052;0.08132;20000;11429024444;B
20241115;124052;0.08132;80000;11429024445;B
20241115;124054;0.0813;10000;11429024570;B
20241115;124054;0.08134;230000;11429024571;B
20241115;124104;0.0813;10000;11429025311;B
20241115;124117;0.08134;3060000;11429026111;B
20241115;124117;0.08134;1220000;11429026112;B
20241115;124117;0.08136;720000;11429026113;B
20241115;124125;0.08136;90000;11429026677;B
20241115;124132;0.08136;70000;11429027135;B
20241115;124136;0.08136;90000;11429027445;B
20241115;124139;0.08132;150000;11429027711;S
20241115;124139;0.0813;500000;11429027712;S
20241115;124139;0.0813;70000;11429027713;S
20241115;124232;0.08134;10000;11429031497;S
20241115;124237;0.08134;30000;11429031878;S
20241115;124237;0.08134;10000;11429031879;S
20241115;124252;0.08134;30000;11429033087;S
20241115;124253;0.08134;10000;11429033140;S
20241115;124254;0.08136;30000;11429033296;B
20241115;124254;0.08136;70000;11429033297;B
20241115;124258;0.08138;80000;11429033623;B
20241115;124258;0.08138;210000;11429033624;B
20241115;124258;0.08134;10000;11429033658;S
20241115;124259;0.08138;70000;11429033735;B
20241115;124300;0.08136;70000;11429033775;B
20241115;124300;0.08138;70000;11429033863;B
20241115;124301;0.08138;150000;11429033984;B
20241115;124302;0.08138;110000;11429034000;B
20241115;124302;0.08136;90000;11429034042;B
20241115;124302;0.08138;60000;11429034043;B
20241115;124304;0.08138;90000;11429034133;B
20241115;124306;0.08136;60000;11429034344;B
20241115;124307;0.08138;40000;11429034412;B
20241115;124308;0.08134;10000;11429034499;S
20241115;124312;0.08132;20000;11429035032;S
20241115;124312;0.0813;30000;11429035033;S
20241115;124314;0.08134;40000;11429035238;B
20241115;124314;0.08134;40000;11429035239;B
20241115;124315;0.08128;40000;11429035397;S
20241115;124315;0.08126;30000;11429035398;S
20241115;124320;0.08124;50000;11429035882;S
20241115;124328;0.08128;10000;11429036650;B
20241115;124328;0.08128;20000;11429036651;B
20241115;124335;0.08122;50000;11429037216;S
20241115;124335;0.08122;80000;11429037260;S
20241115;124353;0.08124;530000;11429038745;S
20241115;124353;0.08124;130000;11429038746;S
20241115;124353;0.08122;1340000;11429038747;S
20241115;124359;0.08122;10000;11429039266;B
20241115;124422;0.08124;40000;11429041246;S
20241115;124424;0.08124;50000;11429041457;B
20241115;124432;0.08124;100000;11429042490;B
20241115;124439;0.08124;40000;11429043375;B
20241115;124500;0.08124;330000;11429045089;B
20241115;124504;0.08124;40000;11429045479;B
20241115;124505;0.08124;20000;11429045535;B
20241115;124506;0.08124;40000;11429045604;B
20241115;124508;0.08124;40000;11429045791;B
20241115;124509;0.08124;50000;11429045855;B
20241115;124513;0.08124;10000;11429046118;B
20241115;124515;0.08124;100000;11429046249;B
20241115;124522;0.08124;10000;11429047144;B
20241115;124532;0.08124;40000;11429048321;B
20241115;124533;0.08122;10000;11429048370;B
20241115;124549;0.08122;10000;11429050061;S
20241115;124553;0.08124;10000;11429050362;B
20241115;124557;0.08124;20000;11429050705;B
20241115;124612;0.08124;40000;11429052280;B
20241115;124615;0.08124;10000;11429052421;B
20241115;124615;0.08124;40000;11429052422;B
20241115;124616;0.08124;10000;11429052516;B
20241115;124616;0.08124;50000;11429052517;B
20241115;124630;0.08122;40000;11429053625;B
20241115;124657;0.08124;20000;11429055907;B
20241115;124715;0.0812;20000;11429057457;S
20241115;124716;0.08126;30000;11429057503;B
20241115;124725;0.0813;10000;11429058305;B
20241115;124728;0.08126;50000;11429058592;B
20241115;124729;0.08128;20000;11429058636;B
20241115;124729;0.08128;60000;11429058637;B
20241115;124730;0.08128;50000;11429058769;B
20241115;124732;0.08126;50000;11429058893;B
20241115;124733;0.08126;10000;11429058913;B
20241115;124809;0.08124;50000;11429062130;B
20241115;124811;0.08124;130000;11429062295;B
20241115;124847;0.08128;20000;11429065036;S
20241115;124847;0.08128;50000;11429065037;S
20241115;124847;0.08128;50000;11429065038;S
20241115;124850;0.0813;40000;11429065357;B
20241115;124852;0.0813;10000;11429065503;B
20241115;124916;0.08132;60000;11429067733;B
20241115;124916;0.08132;10000;11429067734;B
20241115;124918;0.08132;60000;11429067902;B
20241115;124921;0.08132;60000;11429068135;B
20241115;124921;0.08132;10000;11429068153;B
20241115;124929;0.08132;30000;11429068862;B
20241115;124933;0.08132;10000;11429069131;B
20241115;124933;0.08132;70000;11429069132;B
20241115;124933;0.08134;10000;11429069133;B
20241115;124940;0.08132;10000;11429069556;B
20241115;124945;0.08132;10000;11429069936;B
20241115;124947;0.08132;40000;11429070068;B
20241115;125117;0.08132;10000;11429076031;B
20241115;125117;0.08134;990000;11429076032;B
20241115;125150;0.08128;10000;11429078280;S
20241115;125200;0.08126;10000;11429078978;S
20241115;125208;0.08136;10000;11429079496;B
20241115;125208;0.08136;990000;11429079497;B
20241115;125212;0.08136;120000;11429079751;B
20241115;125213;0.08136;40000;11429079865;B
20241115;125213;0.08138;20000;11429079866;B
20241115;125213;0.08138;60000;11429079867;B
20241115;125217;0.08136;80000;11429080159;B
20241115;125217;0.08138;50000;11429080160;B
20241115;125221;0.08138;40000;11429080441;B
20241115;125221;0.08138;100000;11429080442;B
20241115;125221;0.08138;20000;11429080459;B
20241115;125221;0.0814;10000;11429080460;B
20241115;125221;0.0814;20000;11429080461;B
20241115;125221;0.0814;100000;11429080462;B
20241115;125221;0.0814;20000;11429080463;B
20241115;125253;0.08138;10000;11429082723;B
20241115;125253;0.08138;60000;11429082724;B
20241115;125259;0.08136;10000;11429083188;B
20241115;125301;0.08136;10000;11429083297;B
20241115;125301;0.08138;80000;11429083298;B
20241115;125302;0.08138;70000;11429083347;B
