<DATE>;<TIME>;<LAST>;<VOL>;<ID>;<OPER>
20241025;095940;134.15;10;11338233351;B
20241025;095940;134.15;30;11338233352;B
20241025;095940;134.15;10;11338233353;B
20241025;095940;134.15;10;11338233354;B
20241025;095940;134.15;290;11338233355;B
20241025;095940;134.15;10;11338233356;S
20241025;095940;134.15;10;11338233357;B
20241025;095940;134.15;10;11338233358;B
20241025;095940;134.15;200;11338233359;B
20241025;095940;134.15;70;11338233360;S
20241025;095940;134.15;450;11338233361;S
20241025;095940;134.15;420;11338233362;S
20241025;095940;134.15;10;11338233363;S
20241025;095940;134.15;10;11338233364;S
20241025;095940;134.15;80;11338233365;S
20241025;095940;134.15;1310;11338233366;S
20241025;095940;134.15;10;11338233367;S
20241025;095940;134.15;10;11338233368;S
20241025;095940;134.15;30;11338233369;S
20241025;095940;134.15;50;11338233370;S
20241025;095940;134.15;60;11338233371;S
20241025;095940;134.15;1000;11338233372;S
20241025;095940;134.15;10;11338233373;S
20241025;095940;134.15;60;11338233374;S
20241025;095940;134.15;10;11338233375;S
20241025;095940;134.15;20;11338233376;B
20241025;095940;134.15;10;11338233377;B
20241025;095940;134.15;10;11338233378;B
20241025;095940;134.15;10;11338233379;B
20241025;095940;134.15;10;11338233380;B
20241025;095940;134.15;30;11338233381;B
20241025;095940;134.15;10;11338233382;B
20241025;095940;134.15;10;11338233383;S
20241025;095940;134.15;40;11338233384;S
20241025;095940;134.15;10;11338233385;S
20241025;095940;134.15;20;11338233386;S
20241025;095940;134.15;30;11338233387;S
20241025;095940;134.15;10;11338233388;S
20241025;095940;134.15;20;11338233389;S
20241025;095940;134.15;10;11338233390;S
20241025;095940;134.15;10;11338233391;S
20241025;095940;134.15;20;11338233392;S
20241025;095940;134.15;2000;11338233393;S
20241025;100001;134.16;10;11338238517;B
20241025;100001;134.15;100;11338239815;S
20241025;100002;134.19;10;11338239931;B
20241025;100002;134.2;300;11338239977;B
20241025;100002;134.19;400;11338240164;S
20241025;100002;134.19;2340;11338240165;S
20241025;100002;134.19;430;11338240166;S
20241025;100002;134.19;200;11338240167;S
20241025;100002;134.19;200;11338240168;S
20241025;100002;134.18;2000;11338240169;S
20241025;100002;134.18;400;11338240170;S
20241025;100002;134.18;10;11338240171;S
20241025;100002;134.17;400;11338240172;S
20241025;100002;134.17;1670;11338240173;S
20241025;100002;134.16;500;11338240174;S
20241025;100002;134.15;1450;11338240175;S
20241025;100004;134.2;10;11338240586;B
20241025;100004;134.2;10;11338240592;B
20241025;100004;134.2;50;11338240593;B
20241025;100004;134.27;10;11338240594;B
20241025;100004;134.27;70;11338240598;B
20241025;100004;134.27;70;11338240599;B
20241025;100004;134.2;10;11338240602;S
20241025;100004;134.27;10;11338240604;B
20241025;100004;134.21;10;11338240605;S
20241025;100004;134.22;10;11338240785;S
20241025;100004;134.27;10;11338240789;B
20241025;100004;134.27;10;11338240794;B
20241025;100004;134.27;10;11338240798;B
20241025;100004;134.27;20;11338240805;B
20241025;100004;134.27;200;11338240814;B
20241025;100004;134.27;200;11338240815;B
20241025;100004;134.27;120;11338240816;B
20241025;100004;134.22;10;11338240818;S
20241025;100004;134.23;10;11338241003;S
20241025;100004;134.27;10;11338241004;B
20241025;100004;134.27;10;11338241017;B
20241025;100004;134.24;10;11338241019;S
20241025;100004;134.27;40;11338241023;B
20241025;100004;134.27;10;11338241026;B
20241025;100004;134.27;10;11338241031;B
20241025;100004;134.24;10;11338241418;S
20241025;100004;134.25;10;11338241424;B
20241025;100004;134.25;10;11338241428;B
20241025;100004;134.25;70;11338241442;B
20241025;100004;134.25;10;11338241446;B
20241025;100004;134.25;20;11338241451;B
20241025;100004;134.25;20;11338241456;B
20241025;100004;134.29;10;11338241542;B
20241025;100004;134.29;10;11338241543;B
20241025;100004;134.29;10;11338241546;B
20241025;100004;134.26;10;11338241886;S
20241025;100004;134.26;10;11338241900;S
20241025;100004;134.29;10;11338241901;B
20241025;100004;134.29;10;11338241905;B
20241025;100004;134.26;10;11338241908;S
20241025;100004;134.29;10;11338241909;B
20241025;100004;134.27;10;11338241910;S
20241025;100004;134.26;20;11338241911;S
20241025;100004;134.26;30;11338241914;S
20241025;100004;134.29;10;11338241915;B
20241025;100004;134.26;10;11338241916;S
20241025;100004;134.29;10;11338241917;B
20241025;100004;134.29;10;11338241918;B
20241025;100004;134.26;10;11338241927;S
20241025;100004;134.29;20;11338241931;B
20241025;100004;134.29;10;11338241934;B
20241025;100004;134.29;30;11338241937;B
20241025;100004;134.29;10;11338241938;B
20241025;100004;134.29;10;11338241940;B
20241025;100004;134.29;40;11338241943;B
20241025;100004;134.26;10;11338241946;S
20241025;100004;134.26;10;11338241948;S
20241025;100004;134.26;10;11338241957;S
20241025;100004;134.26;10;11338241960;S
20241025;100005;134.26;10;11338242388;S
20241025;100005;134.29;10;11338242391;B
20241025;100005;134.29;10;11338242400;B
20241025;100005;134.27;90;11338242557;S
20241025;100005;134.25;10;11338242558;S
20241025;100005;134.29;10;11338242643;B
20241025;100005;134.26;10;11338242644;S
20241025;100005;134.26;10;11338242652;S
20241025;100005;134.29;10;11338242657;B
20241025;100005;134.26;10;11338242664;S
20241025;100005;134.29;10;11338242807;B
20241025;100005;134.29;10;11338242811;B
20241025;100005;134.26;150;11338242815;S
20241025;100005;134.29;10;11338242821;B
20241025;100005;134.26;10;11338242823;S
20241025;100005;134.26;10;11338242828;S
20241025;100005;134.29;10;11338242833;B
20241025;100005;134.26;340;11338242836;S
20241025;100005;134.29;10;11338242838;B
20241025;100005;134.29;10;11338242840;B
20241025;100005;134.26;10;11338242841;S
20241025;100005;134.26;10;11338242846;S
20241025;100005;134.29;10;11338242847;B
20241025;100005;134.29;10;11338242849;B
20241025;100005;134.29;10;11338242852;B
20241025;100005;134.26;10;11338242854;S
20241025;100005;134.26;10;11338242860;S
20241025;100005;134.29;10;11338242863;B
20241025;100005;134.29;10;11338242868;B
20241025;100005;134.26;10;11338242873;S
20241025;100005;134.29;10;11338242885;B
20241025;100005;134.26;10;11338242956;S
20241025;100005;134.29;10;11338242970;B
20241025;100005;134.27;10;11338243386;S
20241025;100005;134.27;10;11338243387;S
20241025;100005;134.27;10;11338243388;S
20241025;100005;134.29;10;11338243389;B
20241025;100005;134.26;400;11338243534;S
20241025;100005;134.29;10;11338243535;B
20241025;100005;134.26;10;11338243536;S
20241025;100005;134.29;10;11338243538;B
20241025;100005;134.25;10;11338243539;S
20241025;100005;134.24;20;11338243540;S
20241025;100005;134.25;10;11338243722;S
20241025;100005;134.29;10;11338243723;B
20241025;100005;134.29;10;11338243724;B
20241025;100005;134.29;80;11338243725;B
20241025;100005;134.24;10;11338243728;S
20241025;100006;134.26;1000;11338244006;S
20241025;100006;134.25;400;11338244007;S
20241025;100006;134.25;10;11338244041;B
20241025;100006;134.25;10;11338244044;B
20241025;100006;134.25;10;11338244045;B
20241025;100006;134.25;10;11338244048;B
20241025;100006;134.25;500;11338244061;B
20241025;100006;134.25;10;11338244147;B
20241025;100006;134.25;10;11338244192;B
20241025;100006;134.25;10;11338244193;B
20241025;100006;134.25;10;11338244224;B
20241025;100006;134.25;10;11338244229;B
20241025;100006;134.24;10;11338244231;S
20241025;100006;134.24;10;11338244238;S
20241025;100006;134.25;10;11338244240;B
20241025;100006;134.27;10;11338244526;S
20241025;100006;134.27;10;11338244527;S
20241025;100006;134.29;10;11338244529;B
20241025;100006;134.29;10;11338244530;B
20241025;100006;134.29;10;11338244531;B
20241025;100006;134.24;10;11338244532;S
20241025;100006;134.27;20;11338244533;S
20241025;100006;134.29;40;11338244566;B
20241025;100006;134.29;60;11338244567;B
20241025;100006;134.29;200;11338244568;B
20241025;100006;134.3;100;11338244569;B
20241025;100006;134.3;50;11338244570;B
20241025;100006;134.31;170;11338244571;B
20241025;100007;134.27;130;11338244786;S
20241025;100007;134.32;10;11338244972;B
20241025;100008;134.3;30;11338245124;S
20241025;100008;134.28;70;11338245125;S
20241025;100010;134.32;20;11338245435;B
20241025;100010;134.32;40;11338245500;B
20241025;100010;134.28;450;11338245507;S
20241025;100010;134.31;10;11338245607;B
20241025;100010;134.31;30;11338245621;B
20241025;100011;134.31;100;11338245750;B
20241025;100011;134.31;260;11338245824;B
20241025;100011;134.31;640;11338245825;B
20241025;100012;134.31;700;11338246041;B
20241025;100013;134.3;90;11338246450;S
20241025;100013;134.31;10;11338246576;B
20241025;100014;134.3;500;11338246691;S
20241025;100014;134.3;40;11338246703;S
20241025;100015;134.31;390;11338246885;B
20241025;100015;134.32;280;11338246886;B
20241025;100015;134.32;30;11338246887;B
20241025;100016;134.31;700;11338247300;B
20241025;100016;134.31;300;11338247301;B
20241025;100016;134.31;100;11338247302;B
20241025;100016;134.31;10;11338247335;B
20241025;100018;134.29;700;11338247724;S
20241025;100019;134.3;10;11338248167;B
20241025;100020;134.28;50;11338248305;S
20241025;100022;134.27;400;11338248596;S
20241025;100022;134.28;300;11338248598;B
20241025;100022;134.28;2760;11338248665;B
20241025;100022;134.28;240;11338248666;B
20241025;100022;134.29;20;11338248680;B
20241025;100022;134.26;200;11338248703;S
20241025;100022;134.26;300;11338248704;S
20241025;100022;134.26;100;11338248705;S
20241025;100022;134.26;300;11338248706;S
20241025;100022;134.26;100;11338248837;S
20241025;100023;134.27;100;11338249153;B
20241025;100023;134.27;300;11338249154;B
20241025;100024;134.27;100;11338249250;B
20241025;100024;134.26;60;11338249251;S
20241025;100024;134.26;940;11338249252;S
20241025;100024;134.21;100;11338249253;S
20241025;100025;134.21;1900;11338249478;S
20241025;100025;134.21;1000;11338249479;S
20241025;100025;134.21;30;11338249495;B
20241025;100026;134.2;40;11338249770;S
20241025;100026;134.2;40;11338249784;S
20241025;100026;134.2;40;11338249800;S
20241025;100026;134.2;40;11338249813;S
20241025;100026;134.21;370;11338249819;B
20241025;100026;134.21;230;11338249820;B
20241025;100026;134.2;120;11338249851;S
20241025;100026;134.2;120;11338249882;S
20241025;100026;134.2;300;11338249944;S
20241025;100026;134.2;300;11338249977;S
20241025;100026;134.2;400;11338250133;S
20241025;100026;134.2;100;11338250134;S
20241025;100026;134.2;100;11338250161;S
20241025;100026;134.19;400;11338250162;S
20241025;100026;134.19;100;11338250166;S
20241025;100027;134.18;100;11338250227;S
20241025;100028;134.18;1000;11338250528;S
20241025;100028;134.16;120;11338250529;S
20241025;100028;134.16;120;11338250530;S
20241025;100028;134.17;200;11338250531;S
20241025;100028;134.17;300;11338250532;S
20241025;100028;134.18;1000;11338250533;B
20241025;100028;134.18;500;11338250534;B
20241025;100029;134.17;10;11338250834;S
20241025;100030;134.16;20;11338251036;S
20241025;100030;134.16;300;11338251226;S
20241025;100031;134.16;50;11338251438;S
20241025;100032;134.17;400;11338251584;B
20241025;100032;134.18;1000;11338251726;B
20241025;100034;134.19;20;11338252007;B
20241025;100035;134.16;40;11338252392;S
20241025;100035;134.18;1000;11338252397;B
20241025;100035;134.18;10;11338252405;B
20241025;100036;134.19;1000;11338252496;B
20241025;100038;134.19;500;11338252844;B
20241025;100039;134.18;20;11338253303;B
20241025;100040;134.18;900;11338253367;B
20241025;100040;134.2;300;11338253556;B
20241025;100041;134.18;120;11338253653;S
20241025;100041;134.18;880;11338253692;S
20241025;100041;134.18;120;11338253693;S
20241025;100041;134.18;10;11338253823;S
20241025;100041;134.19;1350;11338253835;B
20241025;100041;134.2;2340;11338253836;B
20241025;100041;134.21;6310;11338253837;B
20241025;100041;134.22;500;11338253838;B
20241025;100042;134.2;200;11338253877;S
20241025;100042;134.2;200;11338253878;S
20241025;100042;134.19;1000;11338253879;S
20241025;100042;134.19;400;11338253880;S
20241025;100042;134.18;1870;11338253881;S
20241025;100042;134.18;400;11338253882;S
20241025;100042;134.18;600;11338253891;B
20241025;100042;134.18;330;11338253892;B
20241025;100044;134.2;250;11338254337;B
20241025;100044;134.22;2340;11338254338;B
20241025;100044;134.23;400;11338254339;B
20241025;100044;134.24;5010;11338254340;B
20241025;100048;134.22;100;11338255171;B
20241025;100048;134.22;400;11338255172;B
20241025;100048;134.23;400;11338255173;B
20241025;100048;134.23;100;11338255174;B
20241025;100050;134.21;70;11338255628;S
20241025;100051;134.2;200;11338255984;S
20241025;100051;134.2;200;11338255985;S
20241025;100051;134.19;600;11338255986;S
20241025;100052;134.19;10;11338256146;S
20241025;100055;134.2;20;11338256709;S
20241025;100055;134.22;2730;11338256784;B
20241025;100055;134.24;400;11338256785;B
20241025;100055;134.25;400;11338256786;B
20241025;100055;134.25;1870;11338256787;B
20241025;100055;134.26;400;11338256788;B
20241025;100055;134.26;490;11338256789;B
20241025;100055;134.26;160;11338256790;B
20241025;100055;134.2;100;11338256894;S
20241025;100057;134.2;30;11338257124;S
20241025;100059;134.25;300;11338257702;B
20241025;100100;134.2;20;11338257867;S
20241025;100101;134.26;70;11338258247;B
20241025;100102;134.26;170;11338258378;B
20241025;100102;134.27;490;11338258379;B
20241025;100102;134.27;80;11338258380;B
20241025;100102;134.27;260;11338258381;B
20241025;100102;134.27;140;11338258382;B
20241025;100102;134.27;170;11338258383;B
20241025;100102;134.27;690;11338258384;B
20241025;100102;134.29;490;11338258385;B
20241025;100102;134.29;10;11338258386;B
20241025;100102;134.25;40;11338258433;S
20241025;100102;134.25;70;11338258439;S
20241025;100104;134.24;50;11338258783;S
20241025;100104;134.23;20;11338258817;S
20241025;100105;134.23;100;11338259164;S
20241025;100106;134.23;30;11338259296;S
20241025;100111;134.23;40;11338260539;S
20241025;100113;134.23;210;11338260835;S
20241025;100113;134.23;130;11338260836;S
20241025;100113;134.23;210;11338260837;S
20241025;100113;134.25;10;11338260953;B
20241025;100114;134.24;30;11338260973;S
20241025;100115;134.25;10;11338261234;B
20241025;100118;134.25;80;11338261639;B
20241025;100118;134.25;100;11338261640;B
20241025;100119;134.28;110;11338261945;B
20241025;100119;134.29;490;11338261946;B
20241025;100119;134.29;110;11338261947;B
20241025;100119;134.3;90;11338261948;B
20241025;100122;134.3;400;11338262396;B
20241025;100122;134.3;40;11338262397;B
20241025;100122;134.3;1000;11338262398;B
20241025;100122;134.31;1470;11338262399;B
20241025;100122;134.31;490;11338262400;B
20241025;100122;134.31;130;11338262401;B
20241025;100122;134.32;490;11338262402;B
20241025;100122;134.32;130;11338262403;B
20241025;100122;134.33;850;11338262404;B
20241025;100122;134.3;50;11338262540;S
20241025;100124;134.32;490;11338262741;B
20241025;100124;134.33;2150;11338262742;B
20241025;100124;134.33;490;11338262743;B
20241025;100124;134.33;160;11338262744;B
20241025;100124;134.34;490;11338262745;B
20241025;100124;134.35;1500;11338262746;B
20241025;100124;134.35;10;11338262747;B
20241025;100124;134.35;490;11338262748;B
20241025;100124;134.35;160;11338262749;B
20241025;100124;134.35;400;11338262750;S
20241025;100124;134.35;300;11338262751;S
20241025;100124;134.35;1000;11338262752;S
20241025;100124;134.35;300;11338262753;S
20241025;100124;134.35;2050;11338262754;S
20241025;100124;134.34;50;11338262755;S
20241025;100124;134.34;100;11338262756;S
20241025;100124;134.34;20;11338262786;B
20241025;100128;134.33;100;11338263457;S
20241025;100128;134.33;100;11338263487;S
20241025;100130;134.33;100;11338263963;S
20241025;100131;134.31;100;11338263988;S
20241025;100131;134.31;200;11338264007;S
20241025;100131;134.3;100;11338264024;S
20241025;100133;134.31;40;11338264374;S
20241025;100134;134.31;110;11338264412;S
20241025;100134;134.3;100;11338264475;S
20241025;100134;134.3;60;11338264476;S
20241025;100134;134.3;40;11338264477;B
20241025;100134;134.3;100;11338264478;B
20241025;100134;134.3;260;11338264479;S
20241025;100134;134.29;40;11338264480;S
20241025;100135;134.29;360;11338264606;S
20241025;100135;134.29;160;11338264607;S
20241025;100135;134.29;150;11338264608;S
20241025;100135;134.29;10;11338264682;B
20241025;100136;134.28;400;11338264795;S
20241025;100136;134.29;100;11338264796;S
20241025;100136;134.31;100;11338264875;B
20241025;100136;134.32;100;11338264876;B
20241025;100136;134.32;270;11338264877;B
20241025;100136;134.33;200;11338264878;B
20241025;100136;134.33;270;11338264879;B
20241025;100136;134.34;1000;11338264880;B
20241025;100136;134.34;310;11338264881;B
20241025;100136;134.34;200;11338264966;S
20241025;100136;134.36;490;11338264972;B
20241025;100136;134.34;100;11338264976;S
20241025;100136;134.35;100;11338264994;S
20241025;100136;134.35;100;11338264995;S
20241025;100136;134.36;490;11338265000;B
20241025;100136;134.36;490;11338265021;B
20241025;100136;134.38;240;11338265100;B
20241025;100136;134.38;490;11338265101;B
20241025;100136;134.38;50;11338265102;B
20241025;100137;134.35;100;11338265145;S
20241025;100137;134.35;100;11338265146;S
20241025;100137;134.35;100;11338265147;S
20241025;100137;134.35;310;11338265148;S
20241025;100140;134.38;60;11338265882;B
20241025;100141;134.38;140;11338266015;B
20241025;100141;134.38;200;11338266016;B
20241025;100141;134.39;490;11338266017;B
20241025;100141;134.4;150;11338266018;B
20241025;100141;134.4;3300;11338266019;B
20241025;100141;134.4;50;11338266020;B
20241025;100141;134.4;100;11338266021;B
20241025;100141;134.4;300;11338266022;B
20241025;100141;134.4;10;11338266023;B
20241025;100141;134.4;20;11338266024;B
20241025;100141;134.4;30;11338266025;B
20241025;100141;134.4;210;11338266026;B
20241025;100141;134.41;100;11338266078;B
20241025;100141;134.41;100;11338266079;B
20241025;100141;134.41;100;11338266080;B
20241025;100141;134.41;100;11338266086;B
20241025;100141;134.41;90;11338266093;B
20241025;100141;134.41;10;11338266094;B
20241025;100142;134.39;100;11338266150;S
20241025;100142;134.4;190;11338266153;B
20241025;100143;134.43;490;11338266448;B
20241025;100143;134.43;190;11338266449;B
20241025;100143;134.43;200;11338266450;B
20241025;100143;134.43;400;11338266451;B
20241025;100143;134.44;50;11338266452;B
20241025;100143;134.44;490;11338266453;B
20241025;100143;134.44;400;11338266454;B
20241025;100143;134.45;490;11338266455;B
20241025;100143;134.45;290;11338266456;B
20241025;100145;134.46;490;11338266780;B
20241025;100145;134.46;10;11338266781;B
20241025;100147;134.42;100;11338267129;S
20241025;100147;134.39;620;11338267130;S
20241025;100152;134.37;10;11338268098;S
20241025;100152;134.37;80;11338268099;S
20241025;100152;134.37;110;11338268103;B
20241025;100152;134.41;10;11338268104;B
20241025;100152;134.41;400;11338268105;B
20241025;100152;134.42;400;11338268106;B
20241025;100152;134.42;190;11338268107;B
20241025;100152;134.43;490;11338268109;B
20241025;100152;134.44;400;11338268110;B
20241025;100152;134.43;300;11338268121;B
20241025;100152;134.44;90;11338268264;B
20241025;100152;134.44;10;11338268265;B
20241025;100154;134.41;10;11338268619;S
20241025;100155;134.41;10;11338268698;S
20241025;100156;134.44;490;11338269021;B
20241025;100156;134.44;10;11338269022;B
20241025;100157;134.44;390;11338269027;B
20241025;100157;134.44;1010;11338269028;B
20241025;100158;134.44;200;11338269154;S
20241025;100158;134.45;490;11338269286;B
20241025;100158;134.45;70;11338269287;B
20241025;100158;134.45;370;11338269288;B
20241025;100200;134.44;10;11338269499;S
20241025;100200;134.44;10;11338269601;S
20241025;100201;134.45;10;11338269756;B
20241025;100203;134.44;250;11338269984;S
20241025;100203;134.45;10;11338269995;B
20241025;100203;134.44;510;11338270087;S
20241025;100203;134.43;220;11338270088;S
20241025;100203;134.42;2270;11338270089;S
20241025;100203;134.44;490;11338270121;B
20241025;100203;134.44;260;11338270122;B
20241025;100203;134.44;2000;11338270123;B
20241025;100203;134.45;610;11338270124;B
20241025;100203;134.45;490;11338270125;B
20241025;100203;134.45;400;11338270126;B
20241025;100203;134.46;490;11338270127;B
20241025;100203;134.46;1000;11338270128;B
20241025;100203;134.46;2340;11338270129;B
20241025;100203;134.46;220;11338270130;B
20241025;100203;134.46;400;11338270131;B
20241025;100203;134.46;550;11338270132;B
20241025;100203;134.47;3000;11338270133;B
20241025;100203;134.47;490;11338270134;B
20241025;100203;134.47;400;11338270135;B
20241025;100203;134.48;490;11338270136;B
20241025;100203;134.48;1000;11338270137;B
20241025;100203;134.48;620;11338270138;B
20241025;100203;134.49;100;11338270139;B
20241025;100203;134.49;330;11338270140;B
20241025;100203;134.49;490;11338270141;B
20241025;100203;134.49;1000;11338270142;B
20241025;100203;134.5;760;11338270143;B
20241025;100203;134.5;20;11338270144;B
20241025;100203;134.5;10;11338270145;B
20241025;100203;134.5;10;11338270146;B
20241025;100203;134.5;940;11338270147;B
20241025;100203;134.5;490;11338270148;B
20241025;100203;134.51;490;11338270149;B
20241025;100203;134.52;10;11338270150;B
20241025;100203;134.52;1000;11338270151;B
20241025;100203;134.52;490;11338270152;B
20241025;100203;134.52;2000;11338270153;B
20241025;100203;134.53;330;11338270154;B
20241025;100203;134.53;10000;11338270155;B
20241025;100203;134.53;490;11338270156;B
20241025;100203;134.54;1000;11338270157;B
20241025;100203;134.55;500;11338270158;B
20241025;100203;134.55;60;11338270159;B
20241025;100203;134.56;1000;11338270160;B
20241025;100203;134.57;1000;11338270161;B
20241025;100203;134.57;330;11338270162;B
20241025;100203;134.57;5000;11338270163;B
20241025;100203;134.58;50;11338270164;B
20241025;100203;134.59;2000;11338270165;B
20241025;100203;134.61;200;11338270166;B
20241025;100203;134.62;3010;11338270167;B
20241025;100203;134.63;10;11338270168;B
20241025;100203;134.64;1350;11338270169;B
20241025;100203;134.65;190;11338270170;B
20241025;100203;134.62;1000;11338270173;B
20241025;100203;134.62;700;11338270174;B
20241025;100203;134.54;400;11338270178;S
20241025;100203;134.53;400;11338270179;S
20241025;100203;134.52;400;11338270180;S
20241025;100203;134.51;1000;11338270181;S
20241025;100203;134.5;10;11338270203;B
20241025;100203;134.51;390;11338270204;B
20241025;100204;134.51;1000;11338270206;B
20241025;100204;134.51;800;11338270207;B
20241025;100204;134.52;100;11338270209;B
20241025;100204;134.52;100;11338270210;B
20241025;100204;134.49;400;11338270212;S
20241025;100204;134.48;400;11338270213;S
20241025;100204;134.48;200;11338270214;S
20241025;100204;134.52;10;11338270254;B
20241025;100204;134.48;20;11338270327;S
20241025;100204;134.48;20;11338270391;S
20241025;100205;134.52;10;11338270419;B
20241025;100205;134.51;490;11338270453;B
20241025;100206;134.51;10;11338270609;S
20241025;100206;134.51;100;11338270616;S
20241025;100206;134.51;30;11338270636;S
20241025;100208;134.51;70;11338271014;S
20241025;100208;134.51;1000;11338271015;S
20241025;100208;134.49;140;11338271016;S
20241025;100208;134.49;140;11338271017;S
20241025;100208;134.48;50;11338271018;S
20241025;100209;134.5;100;11338271182;S
20241025;100210;134.48;200;11338271227;S
20241025;100211;134.47;10;11338271505;B
20241025;100212;134.43;200;11338271571;S
20241025;100213;134.45;250;11338271846;B
20241025;100213;134.45;750;11338271847;B
20241025;100213;134.45;700;11338271848;B
20241025;100213;134.43;200;11338271871;S
20241025;100213;134.43;100;11338271872;S
20241025;100218;134.45;1050;11338272725;B
20241025;100218;134.45;10;11338272726;B
20241025;100218;134.47;1350;11338272727;B
20241025;100218;134.48;1870;11338272728;B
20241025;100218;134.48;400;11338272729;B
20241025;100218;134.48;400;11338272730;B
20241025;100218;134.48;10;11338272744;B
20241025;100220;134.42;30;11338273053;S
20241025;100222;134.44;1350;11338273477;B
20241025;100222;134.44;400;11338273478;B
20241025;100222;134.44;1000;11338273479;B
20241025;100222;134.44;490;11338273480;B
20241025;100222;134.44;1170;11338273481;B
20241025;100223;134.43;10;11338273663;S
20241025;100223;134.42;40;11338273664;S
20241025;100225;134.42;100;11338274083;S
20241025;100225;134.42;1000;11338274084;S
20241025;100225;134.42;100;11338274085;S
20241025;100225;134.42;1400;11338274086;S
20241025;100225;134.42;60;11338274087;S
20241025;100225;134.41;190;11338274088;S
20241025;100225;134.4;100;11338274089;S
20241025;100225;134.37;30;11338274130;S
20241025;100225;134.36;220;11338274131;S
20241025;100225;134.35;250;11338274194;S
20241025;100226;134.38;10;11338274456;B
20241025;100230;134.34;10;11338275031;S
20241025;100230;134.34;180;11338275032;S
20241025;100230;134.34;2340;11338275033;S
20241025;100230;134.34;200;11338275034;S
20241025;100230;134.34;200;11338275035;S
20241025;100230;134.33;3070;11338275036;S
20241025;100230;134.34;200;11338275048;S
20241025;100230;134.34;200;11338275049;S
20241025;100230;134.33;430;11338275050;S
20241025;100230;134.33;10;11338275068;S
20241025;100232;134.34;10;11338275395;B
20241025;100232;134.33;2000;11338275475;S
20241025;100232;134.33;4040;11338275528;S
20241025;100234;134.34;160;11338275808;B
20241025;100235;134.33;450;11338276037;S
20241025;100235;134.32;150;11338276041;S
20241025;100235;134.32;150;11338276042;S
20241025;100235;134.31;150;11338276051;S
20241025;100236;134.3;20;11338276192;B
20241025;100239;134.3;180;11338276722;B
20241025;100239;134.3;200;11338276723;B
20241025;100239;134.3;2000;11338276724;B
20241025;100239;134.32;300;11338276725;B
20241025;100239;134.32;300;11338276726;B
20241025;100239;134.34;1000;11338276727;B
20241025;100239;134.34;400;11338276728;B
20241025;100239;134.35;1000;11338276729;B
20241025;100239;134.35;400;11338276730;B
20241025;100239;134.36;400;11338276731;B
20241025;100239;134.36;210;11338276732;B
20241025;100239;134.37;200;11338276733;B
20241025;100239;134.37;1000;11338276734;B
20241025;100239;134.37;620;11338276735;B
20241025;100239;134.38;490;11338276736;B
20241025;100239;134.39;490;11338276737;B
20241025;100239;134.39;1350;11338276738;B
20241025;100239;134.39;420;11338276739;B
20241025;100242;134.32;100;11338277218;B
20241025;100243;134.31;10;11338277346;S
20241025;100245;134.31;100;11338277814;S
20241025;100245;134.31;300;11338277815;S
20241025;100245;134.31;900;11338277816;S
20241025;100245;134.3;30;11338277818;S
20241025;100245;134.28;100;11338277819;S
20241025;100245;134.28;100;11338277820;S
20241025;100247;134.28;100;11338278015;S
20241025;100248;134.27;2340;11338278169;S
20241025;100248;134.26;100;11338278170;S
20241025;100248;134.26;260;11338278171;S
20241025;100248;134.25;20;11338278172;S
20241025;100248;134.25;40;11338278173;S
20241025;100248;134.25;260;11338278174;S
20241025;100248;134.25;400;11338278175;S
20241025;100248;134.24;400;11338278176;S
20241025;100248;134.23;10;11338278177;S
20241025;100248;134.23;400;11338278178;S
20241025;100248;134.23;10;11338278179;S
20241025;100249;134.25;20;11338278336;B
20241025;100249;134.24;10;11338278416;S
20241025;100249;134.25;10;11338278472;B
20241025;100255;134.25;90;11338279432;B
20241025;100255;134.25;10;11338279556;B
20241025;100256;134.25;170;11338279591;B
20241025;100256;134.25;1540;11338279592;B
20241025;100256;134.25;40;11338279593;B
20241025;100256;134.25;200;11338279594;B
20241025;100256;134.25;100;11338279595;B
20241025;100256;134.27;250;11338279596;B
20241025;100256;134.27;400;11338279597;B
20241025;100256;134.28;400;11338279598;B
20241025;100256;134.29;200;11338279599;B
20241025;100256;134.29;400;11338279600;B
20241025;100256;134.31;1870;11338279601;B
20241025;100256;134.31;870;11338279602;B
20241025;100257;134.32;50;11338279888;B
20241025;100258;134.32;950;11338279915;B
20241025;100258;134.32;250;11338279916;B
20241025;100258;134.32;400;11338279917;B
20241025;100258;134.33;400;11338279918;B
20241025;100258;134.33;490;11338279919;B
20241025;100258;134.34;490;11338279920;B
20241025;100258;134.34;400;11338279921;B
20241025;100258;134.35;490;11338279922;B
20241025;100258;134.35;1000;11338279923;B
20241025;100258;134.35;110;11338279924;B
20241025;100258;134.36;20;11338279925;B
20241025;100259;134.32;80;11338280197;B
20241025;100301;134.31;20;11338280510;B
20241025;100303;134.31;80;11338280789;B
20241025;100303;134.31;100;11338280790;B
20241025;100303;134.32;20;11338280791;B
20241025;100303;134.33;200;11338280792;B
20241025;100305;134.33;10;11338281108;B
20241025;100307;134.28;20;11338281277;S
20241025;100312;134.33;30;11338282081;B
20241025;100314;134.28;20;11338282314;S
20241025;100314;134.28;10;11338282339;S
20241025;100314;134.28;740;11338282340;S
20241025;100315;134.33;10;11338282388;B
20241025;100315;134.33;100;11338282389;B
20241025;100315;134.33;180;11338282390;B
20241025;100315;134.34;180;11338282391;B
20241025;100315;134.35;4840;11338282392;B
20241025;100318;134.29;10;11338282907;S
20241025;100320;134.28;70;11338283324;S
20241025;100321;134.31;30;11338283429;B
20241025;100323;134.26;10;11338283783;S
20241025;100323;134.26;2330;11338283901;S
20241025;100323;134.26;400;11338283902;S
20241025;100323;134.25;20;11338283903;S
20241025;100323;134.25;1580;11338283904;S
20241025;100324;134.25;230;11338283905;S
20241025;100324;134.24;200;11338283906;S
20241025;100325;134.27;40;11338284119;B
20241025;100326;134.23;50;11338284220;S
20241025;100328;134.26;120;11338284452;B
20241025;100328;134.28;120;11338284453;B
20241025;100328;134.28;430;11338284454;B
20241025;100328;134.31;810;11338284455;B
20241025;100330;134.35;350;11338284853;B
20241025;100330;134.35;210;11338284854;B
20241025;100333;134.35;10;11338285884;B
20241025;100335;134.35;10;11338286199;B
20241025;100340;134.33;400;11338286897;B
20241025;100340;134.33;2340;11338286898;B
20241025;100340;134.34;220;11338286899;B
20241025;100340;134.34;400;11338286900;B
20241025;100340;134.35;400;11338286901;B
20241025;100340;134.35;230;11338286902;B
20241025;100340;134.36;490;11338286903;B
20241025;100340;134.37;490;11338286904;B
20241025;100340;134.37;50;11338286905;B
20241025;100340;134.37;280;11338286906;B
20241025;100342;134.29;70;11338287140;S
20241025;100342;134.35;520;11338287186;B
20241025;100342;134.3;1350;11338287196;S
20241025;100342;134.3;1870;11338287197;S
20241025;100342;134.29;400;11338287198;S
20241025;100342;134.29;450;11338287199;S
20241025;100342;134.29;440;11338287200;S
20241025;100342;134.28;400;11338287201;S
20241025;100342;134.28;1120;11338287202;S
20241025;100342;134.27;400;11338287203;S
20241025;100342;134.27;400;11338287204;S
20241025;100342;134.27;440;11338287205;S
20241025;100342;134.26;1000;11338287206;S
20241025;100342;134.25;1000;11338287207;S
20241025;100342;134.25;730;11338287208;S
20241025;100345;134.26;10;11338287776;S
20241025;100347;134.26;1000;11338287958;S
20241025;100349;134.3;100;11338288299;B
20241025;100354;134.3;400;11338289051;S
20241025;100354;134.29;250;11338289052;S
20241025;100354;134.29;350;11338289053;S
20241025;100355;134.32;10;11338289077;B
20241025;100355;134.3;400;11338289131;S
20241025;100355;134.29;50;11338289132;S
20241025;100355;134.29;90;11338289133;S
20241025;100355;134.29;260;11338289134;S
20241025;100355;134.28;400;11338289135;S
20241025;100355;134.27;240;11338289136;S
20241025;100355;134.27;40;11338289137;S
20241025;100357;134.28;400;11338289405;S
20241025;100357;134.27;600;11338289406;S
20241025;100359;134.27;400;11338289860;S
20241025;100359;134.26;120;11338289861;S
20241025;100401;134.26;2220;11338289947;S
20241025;100401;134.26;400;11338289948;S
20241025;100401;134.26;400;11338289949;S
20241025;100401;134.26;290;11338289950;S
20241025;100401;134.25;10;11338289951;S
20241025;100401;134.25;100;11338289952;S
20241025;100401;134.25;290;11338289953;S
20241025;100401;134.25;400;11338289954;S
20241025;100401;134.24;400;11338289955;S
20241025;100401;134.24;1000;11338289956;S
20241025;100401;134.24;10;11338289984;B
20241025;100402;134.23;2000;11338290163;S
20241025;100402;134.23;2340;11338290164;S
20241025;100402;134.22;1000;11338290165;S
20241025;100402;134.22;400;11338290166;S
20241025;100402;134.21;400;11338290167;S
20241025;100402;134.21;380;11338290168;S
20241025;100402;134.21;400;11338290169;S
20241025;100402;134.2;50;11338290170;S
20241025;100402;134.2;990;11338290171;S
20241025;100402;134.2;490;11338290172;S
20241025;100402;134.2;400;11338290173;S
20241025;100402;134.2;380;11338290174;S
20241025;100403;134.2;110;11338290334;B
20241025;100403;134.2;10;11338290466;B
20241025;100407;134.2;20;11338290890;B
20241025;100409;134.2;620;11338291127;B
20241025;100409;134.2;40;11338291128;B
20241025;100412;134.23;1000;11338291568;S
20241025;100415;134.29;250;11338291939;B
20241025;100417;134.24;10;11338292338;S
20241025;100417;134.22;40;11338292339;S
20241025;100420;134.29;100;11338292701;B
20241025;100420;134.27;400;11338292734;S
20241025;100420;134.27;100;11338292735;S
20241025;100421;134.28;1700;11338292933;S
20241025;100424;134.28;20;11338293320;S
20241025;100425;134.28;380;11338293383;S
20241025;100425;134.28;2120;11338293384;S
20241025;100425;134.29;50;11338293419;S
20241025;100425;134.27;150;11338293420;S
20241025;100425;134.3;50;11338293526;B
20241025;100425;134.3;400;11338293527;B
20241025;100425;134.31;150;11338293528;B
20241025;100428;134.28;40;11338293860;S
20241025;100429;134.28;10;11338293957;S
20241025;100429;134.27;110;11338293967;S
20241025;100429;134.26;250;11338294048;S
20241025;100429;134.26;100;11338294049;S
20241025;100429;134.25;740;11338294104;S
20241025;100429;134.3;400;11338294110;B
20241025;100429;134.3;140;11338294111;B
20241025;100429;134.25;740;11338294121;S
20241025;100429;134.24;200;11338294151;S
20241025;100430;134.22;330;11338294162;S
20241025;100431;134.28;30;11338294354;B
20241025;100434;134.28;60;11338294817;B
20241025;100440;134.3;20;11338296133;S
20241025;100440;134.27;50;11338296134;S
20241025;100440;134.25;400;11338296204;S
20241025;100440;134.24;140;11338296205;S
20241025;100440;134.24;1300;11338296206;S
20241025;100440;134.24;400;11338296207;S
20241025;100440;134.24;1300;11338296244;B
20241025;100441;134.24;3100;11338296414;S
20241025;100441;134.23;100;11338296415;S
20241025;100441;134.23;1000;11338296416;S
20241025;100441;134.22;990;11338296417;S
20241025;100441;134.22;2340;11338296418;S
20241025;100441;134.22;610;11338296419;S
20241025;100441;134.22;500;11338296420;S
20241025;100441;134.22;400;11338296421;S
20241025;100441;134.22;620;11338296422;S
20241025;100442;134.22;4000;11338296849;S
20241025;100442;134.22;2500;11338296850;S
20241025;100442;134.22;620;11338296851;S
20241025;100442;134.22;1000;11338296852;S
20241025;100442;134.22;10;11338296898;S
20241025;100444;134.24;10;11338297105;B
20241025;100444;134.25;10;11338297234;B
20241025;100445;134.25;180;11338297380;B
20241025;100445;134.23;200;11338297382;S
20241025;100446;134.23;330;11338297429;S
20241025;100446;134.24;350;11338297513;B
20241025;100448;134.25;20;11338297713;B
20241025;100448;134.25;400;11338297722;S
20241025;100450;134.24;10;11338298062;S
20241025;100450;134.25;1690;11338298173;B
20241025;100450;134.26;1870;11338298174;S
20241025;100450;134.26;670;11338298175;S
20241025;100450;134.25;1350;11338298176;S
20241025;100450;134.25;1000;11338298177;S
20241025;100450;134.25;490;11338298178;S
20241025;100450;134.25;620;11338298179;S
20241025;100450;134.25;2000;11338298180;S
20241025;100450;134.28;40;11338298196;B
20241025;100452;134.25;10;11338298512;S
20241025;100452;134.25;50;11338298537;S
20241025;100454;134.28;10;11338298784;B
20241025;100459;134.27;30;11338299921;S
20241025;100500;134.28;50;11338300116;B
20241025;100500;134.28;80;11338300392;S
20241025;100501;134.28;50;11338300421;S
20241025;100503;134.28;10;11338301015;S
20241025;100505;134.28;10;11338301320;S
20241025;100505;134.29;70;11338301325;B
20241025;100505;134.29;180;11338301326;B
20241025;100506;134.3;380;11338301546;B
20241025;100507;134.31;9990;11338301588;B
20241025;100507;134.36;4690;11338301705;B
20241025;100512;134.37;200;11338302994;S
20241025;100512;134.36;200;11338302995;S
20241025;100512;134.37;100;11338302996;B
20241025;100512;134.37;500;11338302997;S
20241025;100512;134.37;300;11338302998;S
20241025;100512;134.37;470;11338302999;S
20241025;100513;134.35;50;11338303007;S
20241025;100514;134.34;480;11338303180;S
20241025;100514;134.36;300;11338303421;B
20241025;100514;134.38;400;11338303426;B
20241025;100515;134.38;70;11338303481;B
20241025;100515;134.37;820;11338303614;S
20241025;100516;134.36;1200;11338303698;S
20241025;100516;134.36;220;11338303699;S
20241025;100516;134.35;220;11338303700;S
20241025;100516;134.34;1300;11338303701;S
20241025;100516;134.34;620;11338303702;S
20241025;100516;134.33;240;11338303703;S
20241025;100516;134.33;210;11338303704;S
20241025;100518;134.35;10;11338303994;S
20241025;100519;134.38;30;11338304460;B
20241025;100520;134.39;50;11338304521;B
20241025;100520;134.39;450;11338304523;B
20241025;100520;134.39;320;11338304524;B
20241025;100520;134.39;70;11338304525;B
20241025;100520;134.4;1910;11338304605;B
20241025;100520;134.4;50;11338304693;B
20241025;100521;134.4;3000;11338304922;B
20241025;100522;134.39;1000;11338304925;S
20241025;100522;134.39;420;11338304926;S
20241025;100522;134.39;300;11338304937;B
20241025;100522;134.39;300;11338304938;B
20241025;100523;134.38;400;11338305143;B
20241025;100523;134.38;700;11338305146;S
20241025;100523;134.37;620;11338305147;S
20241025;100523;134.35;1000;11338305148;S
20241025;100523;134.35;490;11338305149;S
20241025;100524;134.37;10;11338305409;S
20241025;100528;134.38;90;11338305965;S
20241025;100529;134.38;410;11338306131;S
20241025;100529;134.38;100;11338306132;S
20241025;100530;134.37;300;11338306328;S
20241025;100530;134.34;400;11338306329;S
20241025;100530;134.34;2340;11338306330;S
20241025;100530;134.33;10;11338306331;S
20241025;100530;134.33;400;11338306332;S
20241025;100530;134.33;620;11338306333;S
20241025;100530;134.32;120;11338306334;S
20241025;100530;134.38;100;11338306509;B
20241025;100530;134.38;100;11338306511;B
20241025;100530;134.35;30;11338306518;S
20241025;100533;134.35;1170;11338307127;S
20241025;100534;134.35;400;11338307268;B
20241025;100534;134.36;450;11338307269;B
20241025;100535;134.33;70;11338307338;S
20241025;100535;134.33;290;11338307488;S
20241025;100536;134.33;30;11338307672;B
20241025;100536;134.33;250;11338307681;B
20241025;100537;134.33;50;11338307746;B
20241025;100538;134.32;50;11338307881;S
20241025;100539;134.33;20;11338308135;B
20241025;100539;134.35;10;11338308136;B
20241025;100540;134.35;50;11338308237;B
20241025;100542;134.34;200;11338308761;S
20241025;100543;134.35;100;11338308809;B
20241025;100543;134.35;1030;11338308908;B
20241025;100543;134.35;220;11338308909;B
20241025;100543;134.35;700;11338308910;B
20241025;100543;134.35;2800;11338308930;B
20241025;100543;134.36;200;11338308931;B
20241025;100544;134.35;70;11338308966;S
20241025;100547;134.36;80;11338309466;B
20241025;100550;134.36;10;11338309992;B
20241025;100551;134.34;20;11338310026;S
20241025;100553;134.35;10;11338310345;B
20241025;100555;134.37;20;11338310881;B
20241025;100555;134.34;180;11338310921;S
20241025;100555;134.33;820;11338310922;S
20241025;100557;134.34;10;11338311152;S
20241025;100557;134.34;90;11338311153;S
20241025;100559;134.35;30;11338311414;B
20241025;100559;134.35;70;11338311415;B
20241025;100600;134.35;200;11338311702;B
20241025;100600;134.35;130;11338311728;B
20241025;100600;134.35;20;11338311729;B
20241025;100603;134.36;150;11338312272;B
20241025;100603;134.36;250;11338312349;B
20241025;100603;134.36;150;11338312350;B
20241025;100603;134.37;1000;11338312351;B
20241025;100603;134.37;400;11338312352;B
20241025;100603;134.38;200;11338312353;B
20241025;100604;134.37;400;11338312430;B
20241025;100604;134.37;1000;11338312431;B
20241025;100604;134.38;800;11338312432;B
20241025;100604;134.38;500;11338312433;B
20241025;100604;134.38;490;11338312434;B
20241025;100604;134.38;400;11338312435;B
20241025;100604;134.38;220;11338312436;B
20241025;100604;134.37;200;11338312498;S
20241025;100605;134.33;10;11338312505;S
20241025;100605;134.33;90;11338312506;S
20241025;100605;134.32;200;11338312509;S
20241025;100605;134.32;50;11338312538;S
20241025;100606;134.34;400;11338312696;B
20241025;100606;134.34;490;11338312697;B
20241025;100606;134.34;1000;11338312698;B
20241025;100606;134.34;2340;11338312699;B
20241025;100606;134.35;10000;11338312700;B
20241025;100606;134.35;1000;11338312701;B
20241025;100606;134.35;400;11338312702;B
20241025;100606;134.35;490;11338312703;B
20241025;100606;134.35;300;11338312704;B
20241025;100606;134.36;400;11338312705;B
20241025;100606;134.36;490;11338312706;B
20241025;100606;134.36;620;11338312707;B
20241025;100606;134.36;300;11338312708;B
20241025;100606;134.37;490;11338312709;B
20241025;100606;134.38;1000;11338312710;B
20241025;100606;134.38;280;11338312711;B
20241025;100606;134.38;10;11338312824;B
20241025;100607;134.35;50;11338312963;B
20241025;100607;134.35;490;11338312964;B
20241025;100607;134.35;270;11338312965;B
20241025;100607;134.36;190;11338312966;B
20241025;100607;134.32;100;11338313064;S
20241025;100609;134.32;10;11338313207;S
20241025;100612;134.32;50;11338313780;S
20241025;100615;134.34;400;11338314173;B
20241025;100615;134.34;340;11338314174;B
20241025;100615;134.32;100;11338314306;S
20241025;100615;134.32;490;11338314307;S
20241025;100615;134.31;100;11338314308;S
20241025;100616;134.31;300;11338314458;S
20241025;100616;134.3;1000;11338314459;S
20241025;100616;134.3;200;11338314460;S
20241025;100616;134.28;600;11338314461;S
20241025;100616;134.28;200;11338314462;S
20241025;100616;134.28;700;11338314463;S
20241025;100619;134.31;170;11338314823;B
20241025;100619;134.32;10;11338314824;B
20241025;100619;134.32;20;11338314825;B
20241025;100619;134.29;400;11338314856;S
20241025;100619;134.29;20;11338314996;B
20241025;100620;134.3;10;11338315149;B
20241025;100622;134.28;20;11338315492;S
20241025;100623;134.28;100;11338315626;S
20241025;100623;134.28;150;11338315671;S
20241025;100624;134.29;10;11338315876;B
20241025;100624;134.27;10;11338315900;S
20241025;100624;134.29;10;11338315931;B
20241025;100624;134.29;140;11338315932;B
20241025;100624;134.3;590;11338315933;B
20241025;100624;134.3;140;11338315934;B
20241025;100624;134.32;280;11338315935;B
20241025;100624;134.32;100;11338315936;B
20241025;100624;134.32;1000;11338315937;B
20241025;100624;134.32;400;11338315938;B
20241025;100624;134.33;60;11338315939;B
20241025;100624;134.33;1080;11338315940;B
20241025;100625;134.27;10;11338316087;S
20241025;100627;134.29;10;11338316301;B
20241025;100630;134.28;10;11338316802;S
20241025;100630;134.28;150;11338316843;S
20241025;100632;134.3;10;11338317173;B
20241025;100633;134.3;400;11338317427;B
20241025;100633;134.31;1000;11338317428;B
20241025;100633;134.31;2340;11338317429;B
20241025;100633;134.31;400;11338317430;B
20241025;100633;134.32;1000;11338317431;B
20241025;100633;134.32;400;11338317432;B
20241025;100633;134.32;250;11338317433;B
20241025;100633;134.33;490;11338317434;B
20241025;100633;134.33;10000;11338317435;B
20241025;100633;134.33;60;11338317436;B
20241025;100633;134.33;250;11338317437;B
20241025;100633;134.34;150;11338317438;B
20241025;100633;134.34;620;11338317439;B
20241025;100633;134.34;1000;11338317440;B
20241025;100633;134.35;680;11338317441;B
20241025;100633;134.35;490;11338317442;B
20241025;100633;134.36;300;11338317443;B
20241025;100633;134.36;1000;11338317444;B
20241025;100633;134.37;490;11338317445;B
20241025;100633;134.38;200;11338317446;B
20241025;100633;134.38;1000;11338317447;B
20241025;100633;134.39;10;11338317448;B
20241025;100633;134.39;490;11338317449;B
20241025;100633;134.39;200;11338317450;B
20241025;100633;134.4;4780;11338317451;B
20241025;100634;134.32;50;11338317536;B
20241025;100635;134.29;50;11338317583;S
20241025;100635;134.32;50;11338317622;B
20241025;100635;134.33;50;11338317623;B
20241025;100637;134.33;1000;11338318028;B
20241025;100637;134.34;250;11338318029;B
20241025;100637;134.35;320;11338318030;B
20241025;100637;134.34;50;11338318167;B
20241025;100637;134.31;90;11338318187;S
20241025;100639;134.31;310;11338318437;S
20241025;100640;134.3;20;11338318482;S
20241025;100640;134.31;10;11338318578;B
20241025;100643;134.3;60;11338318915;S
20241025;100645;134.29;180;11338319243;S
20241025;100645;134.29;100;11338319244;S
20241025;100645;134.29;70;11338319322;S
20241025;100645;134.28;100;11338319390;S
20241025;100647;134.29;400;11338319584;B
20241025;100648;134.28;20;11338319627;S
20241025;100648;134.29;10;11338319701;B
20241025;100649;134.28;120;11338319928;S
20241025;100650;134.29;20;11338319969;B
20241025;100650;134.3;80;11338319970;B
20241025;100651;134.31;300;11338320163;B
20241025;100651;134.31;1000;11338320164;B
20241025;100651;134.31;230;11338320165;B
20241025;100651;134.33;60;11338320166;B
20241025;100651;134.33;230;11338320167;B
20241025;100651;134.34;2340;11338320168;B
20241025;100651;134.34;490;11338320169;B
20241025;100651;134.34;1000;11338320170;B
20241025;100651;134.34;400;11338320171;B
20241025;100651;134.35;3950;11338320172;B
20241025;100651;134.31;200;11338320174;S
20241025;100651;134.31;420;11338320176;S
20241025;100651;134.31;1380;11338320177;S
20241025;100651;134.32;300;11338320178;S
20241025;100651;134.32;100;11338320179;S
20241025;100651;134.31;100;11338320180;S
20241025;100651;134.32;300;11338320182;B
20241025;100651;134.32;100;11338320183;B
20241025;100651;134.31;400;11338320184;S
20241025;100651;134.3;70;11338320186;S
20241025;100651;134.3;170;11338320187;S
20241025;100651;134.3;260;11338320188;S
20241025;100651;134.29;20;11338320276;S
20241025;100651;134.29;80;11338320277;S
20241025;100652;134.3;400;11338320320;S
20241025;100652;134.3;100;11338320321;S
20241025;100653;134.31;10;11338320562;B
20241025;100656;134.3;10;11338320871;S
20241025;100656;134.3;70;11338320958;S
20241025;100657;134.28;620;11338321081;S
20241025;100657;134.28;310;11338321082;S
20241025;100657;134.28;60;11338321112;S
20241025;100657;134.28;270;11338321113;S
20241025;100657;134.27;40;11338321114;S
20241025;100657;134.27;370;11338321136;S
20241025;100657;134.27;380;11338321174;S
20241025;100657;134.27;380;11338321192;S
20241025;100658;134.28;350;11338321387;B
20241025;100658;134.27;310;11338321394;S
20241025;100658;134.27;940;11338321395;S
20241025;100658;134.27;60;11338321472;S
20241025;100658;134.26;100;11338321483;S
20241025;100658;134.25;1190;11338321524;S
20241025;100658;134.25;40;11338321561;S
20241025;100658;134.25;100;11338321653;S
20241025;100659;134.25;9620;11338321809;S
20241025;100659;134.25;370;11338321810;S
20241025;100700;134.25;200;11338322139;S
20241025;100700;134.25;100;11338322140;S
20241025;100701;134.26;1000;11338322289;B
20241025;100701;134.26;490;11338322309;B
20241025;100701;134.26;400;11338322310;B
20241025;100701;134.26;620;11338322311;B
20241025;100701;134.26;100;11338322312;B
20241025;100701;134.26;1040;11338322313;B
20241025;100701;134.27;400;11338322314;B
20241025;100701;134.27;2340;11338322315;B
20241025;100701;134.27;1040;11338322316;B
20241025;100701;134.28;50;11338322317;B
20241025;100701;134.28;1000;11338322318;B
20241025;100701;134.29;2520;11338322319;B
20241025;100705;134.25;330;11338322941;S
20241025;100705;134.23;470;11338322942;S
20241025;100705;134.23;50;11338322943;S
20241025;100705;134.23;50;11338322944;S
20241025;100708;134.26;500;11338323238;S
20241025;100708;134.26;60;11338323292;S
20241025;100708;134.27;10;11338323309;B
20241025;100709;134.27;100;11338323348;B
20241025;100709;134.27;10;11338323483;B
20241025;100709;134.26;440;11338323498;S
20241025;100709;134.25;60;11338323499;S
20241025;100710;134.25;30;11338323506;S
20241025;100713;134.26;10;11338324103;B
20241025;100714;134.25;100;11338324185;S
20241025;100715;134.26;200;11338324279;B
20241025;100717;134.26;20;11338324483;S
20241025;100722;134.27;10;11338325238;B
20241025;100722;134.27;10;11338325263;B
20241025;100726;134.27;250;11338326069;B
20241025;100730;134.26;20;11338326626;S
20241025;100731;134.25;30;11338326948;S
20241025;100732;134.27;760;11338327063;B
20241025;100732;134.27;10;11338327064;B
20241025;100732;134.27;230;11338327065;B
20241025;100734;134.28;50;11338327367;B
20241025;100734;134.29;110;11338327368;B
20241025;100734;134.29;100;11338327369;S
20241025;100734;134.29;40;11338327370;S
20241025;100734;134.29;160;11338327371;S
20241025;100734;134.31;10;11338327524;B
20241025;100740;134.3;100;11338328341;S
20241025;100740;134.28;70;11338328342;S
20241025;100740;134.28;200;11338328343;S
20241025;100740;134.27;200;11338328366;S
20241025;100741;134.27;30;11338328524;S
20241025;100742;134.28;10;11338328713;B
20241025;100743;134.25;100;11338328928;S
20241025;100745;134.25;870;11338329255;S
20241025;100745;134.25;70;11338329256;S
20241025;100745;134.25;200;11338329257;S
20241025;100745;134.25;10;11338329258;S
20241025;100745;134.25;10;11338329259;S
20241025;100745;134.23;100;11338329260;S
20241025;100746;134.24;10;11338329316;B
20241025;100747;134.24;390;11338329519;B
20241025;100747;134.24;10;11338329520;B
20241025;100749;134.23;900;11338329827;S
20241025;100749;134.22;1000;11338329828;S
20241025;100749;134.22;20;11338329829;S
20241025;100749;134.22;1000;11338329830;S
20241025;100749;134.21;230;11338329831;S
20241025;100749;134.21;1540;11338329832;S
20241025;100751;134.21;1490;11338330166;B
20241025;100751;134.22;400;11338330167;B
20241025;100751;134.22;240;11338330168;B
20241025;100751;134.23;400;11338330169;B
20241025;100751;134.23;240;11338330170;B
20241025;100751;134.24;100;11338330171;B
20241025;100751;134.24;400;11338330172;B
20241025;100751;134.26;100;11338330173;B
20241025;100751;134.26;620;11338330174;B
20241025;100751;134.27;590;11338330175;B
20241025;100751;134.27;2340;11338330176;B
20241025;100751;134.28;10000;11338330177;B
20241025;100751;134.28;1000;11338330178;B
20241025;100751;134.29;980;11338330179;B
20241025;100751;134.29;2000;11338330180;B
20241025;100751;134.29;1000;11338330181;B
20241025;100751;134.29;200;11338330182;B
20241025;100751;134.29;490;11338330183;B
20241025;100751;134.3;490;11338330184;B
20241025;100751;134.31;40;11338330185;B
20241025;100751;134.31;100;11338330186;B
20241025;100751;134.31;490;11338330187;B
20241025;100751;134.31;4140;11338330188;B
20241025;100751;134.26;300;11338330189;S
20241025;100751;134.26;100;11338330190;S
20241025;100751;134.26;300;11338330191;S
20241025;100753;134.22;10;11338330504;S
20241025;100755;134.23;500;11338330709;S
20241025;100755;134.26;1490;11338330795;B
20241025;100755;134.27;3510;11338330796;B
20241025;100757;134.25;100;11338331051;S
20241025;100757;134.26;410;11338331127;B
20241025;100758;134.23;280;11338331186;S
20241025;100758;134.23;220;11338331187;S
20241025;100758;134.26;10;11338331190;B
20241025;100801;134.26;10;11338331793;B
20241025;100801;134.23;100;11338331825;S
20241025;100801;134.21;280;11338331826;S
20241025;100801;134.21;120;11338331827;S
20241025;100804;134.22;400;11338332165;S
20241025;100804;134.22;100;11338332166;S
20241025;100804;134.22;400;11338332234;S
20241025;100804;134.21;20;11338332235;S
20241025;100807;134.2;1000;11338332765;S
20241025;100807;134.2;120;11338332766;S
20241025;100807;134.2;120;11338332816;S
20241025;100807;134.2;10;11338332817;S
20241025;100807;134.2;100;11338332818;S
20241025;100807;134.2;500;11338332819;S
20241025;100807;134.2;10;11338332820;S
20241025;100807;134.2;10;11338332821;S
20241025;100807;134.19;100;11338332822;S
20241025;100807;134.19;270;11338332823;S
20241025;100813;134.2;400;11338333527;B
20241025;100813;134.2;1000;11338333528;B
20241025;100813;134.2;1000;11338333529;B
20241025;100813;134.2;100;11338333530;B
20241025;100813;134.21;400;11338333531;B
20241025;100813;134.21;310;11338333532;B
20241025;100815;134.22;100;11338333836;B
20241025;100816;134.21;1790;11338334003;S
20241025;100816;134.21;1000;11338334004;S
20241025;100816;134.21;400;11338334005;S
20241025;100816;134.2;300;11338334006;S
20241025;100816;134.2;400;11338334007;S
20241025;100816;134.19;730;11338334008;S
20241025;100816;134.19;20;11338334009;S
20241025;100816;134.19;400;11338334010;S
20241025;100816;134.18;100;11338334011;S
20241025;100816;134.18;300;11338334012;S
20241025;100816;134.17;1000;11338334013;S
20241025;100816;134.17;560;11338334014;S
20241025;100818;134.2;10;11338334227;S
20241025;100818;134.18;100;11338334235;S
20241025;100818;134.18;100;11338334236;S
20241025;100818;134.18;400;11338334257;S
20241025;100819;134.18;100;11338334329;S
20241025;100819;134.18;10;11338334331;S
20241025;100819;134.16;90;11338334333;S
20241025;100819;134.15;200;11338334404;S
20241025;100819;134.15;770;11338334416;S
20241025;100820;134.15;200;11338334432;S
20241025;100820;134.17;110;11338334503;B
20241025;100821;134.17;100;11338334604;S
20241025;100822;134.17;300;11338334872;S
20241025;100822;134.17;200;11338334873;S
20241025;100822;134.17;200;11338334874;S
20241025;100822;134.16;1000;11338334875;S
20241025;100822;134.16;400;11338334876;S
20241025;100822;134.15;2450;11338334877;S
20241025;100822;134.15;250;11338334878;S
20241025;100823;134.18;70;11338334986;S
20241025;100823;134.18;370;11338335029;S
20241025;100823;134.18;100;11338335037;S
20241025;100823;134.19;400;11338335044;B
20241025;100823;134.2;100;11338335045;B
20241025;100823;134.2;400;11338335046;B
20241025;100823;134.2;1000;11338335047;B
20241025;100823;134.2;500;11338335048;S
20241025;100823;134.2;300;11338335049;S
20241025;100824;134.23;70;11338335117;B
20241025;100824;134.22;10;11338335165;S
20241025;100826;134.23;330;11338335375;B
20241025;100826;134.23;200;11338335376;B
20241025;100826;134.23;200;11338335377;B
20241025;100826;134.23;1870;11338335378;B
20241025;100826;134.24;5000;11338335379;B
20241025;100826;134.24;2340;11338335380;B
20241025;100826;134.24;400;11338335381;B
20241025;100826;134.24;90;11338335382;B
20241025;100826;134.25;400;11338335383;B
20241025;100826;134.27;1000;11338335384;B
20241025;100826;134.28;490;11338335385;B
20241025;100826;134.28;1000;11338335386;B
20241025;100826;134.29;490;11338335387;B
20241025;100826;134.29;620;11338335388;B
20241025;100826;134.29;1000;11338335389;B
20241025;100826;134.29;200;11338335390;B
20241025;100826;134.3;490;11338335391;B
20241025;100826;134.3;1000;11338335392;B
20241025;100826;134.3;1000;11338335393;B
20241025;100826;134.3;100;11338335394;B
20241025;100826;134.31;20;11338335395;B
20241025;100826;134.31;490;11338335396;B
20241025;100826;134.32;490;11338335397;B
20241025;100826;134.32;1000;11338335398;B
20241025;100826;134.32;590;11338335399;B
20241025;100826;134.33;10;11338335400;B
20241025;100826;134.33;490;11338335401;B
20241025;100826;134.33;690;11338335402;B
20241025;100826;134.28;300;11338335403;S
20241025;100826;134.28;100;11338335404;S
20241025;100826;134.28;90;11338335405;S
20241025;100826;134.25;100;11338335406;S
20241025;100826;134.24;200;11338335407;S
20241025;100827;134.25;20;11338335610;S
20241025;100827;134.25;180;11338335611;S
20241025;100828;134.24;40;11338335713;S
20241025;100830;134.25;10;11338335875;B
20241025;100831;134.24;320;11338336001;S
20241025;100831;134.23;400;11338336002;S
20241025;100831;134.22;400;11338336003;S
20241025;100831;134.22;1000;11338336004;S
20241025;100831;134.22;320;11338336005;S
20241025;100831;134.21;1000;11338336006;S
20241025;100831;134.21;90;11338336007;S
20241025;100831;134.22;210;11338336008;S
20241025;100831;134.22;100;11338336009;S
20241025;100831;134.25;30;11338336013;B
20241025;100831;134.25;20;11338336077;B
20241025;100833;134.25;200;11338336227;B
20241025;100837;134.24;100;11338336593;B
20241025;100838;134.22;500;11338336784;S
20241025;100842;134.24;900;11338337121;B
20241025;100842;134.24;100;11338337122;B
20241025;100843;134.25;100;11338337272;B
20241025;100845;134.25;500;11338337495;B
20241025;100846;134.25;70;11338337618;B
20241025;100846;134.26;90;11338337619;B
20241025;100846;134.26;260;11338337620;B
20241025;100846;134.27;250;11338337621;B
20241025;100849;134.22;70;11338337991;S
20241025;100849;134.22;100;11338337992;S
20241025;100849;134.22;220;11338337993;S
20241025;100849;134.22;110;11338337994;S
20241025;100851;134.22;10;11338338265;S
20241025;100853;134.24;10;11338338503;S
20241025;100857;134.25;300;11338339043;B
20241025;100901;134.25;30;11338339712;B
20241025;100903;134.24;140;11338339865;S
20241025;100903;134.22;10;11338339939;S
20241025;100904;134.23;250;11338339999;B
20241025;100904;134.23;10;11338340009;B
20241025;100904;134.22;100;11338340031;S
20241025;100906;134.23;200;11338340245;B
20241025;100906;134.22;10;11338340309;S
20241025;100906;134.23;10;11338340322;B
20241025;100907;134.22;80;11338340354;S
20241025;100907;134.21;100;11338340518;S
20241025;100907;134.2;1300;11338340519;S
20241025;100907;134.2;100;11338340520;S
20241025;100909;134.21;100;11338340666;B
20241025;100909;134.21;400;11338340667;B
20241025;100909;134.21;1000;11338340668;B
20241025;100909;134.21;200;11338340669;B
20241025;100910;134.2;30;11338340820;S
20241025;100910;134.21;400;11338340941;B
20241025;100910;134.21;1000;11338340942;B
20241025;100910;134.22;400;11338340943;B
20241025;100910;134.22;200;11338340944;B
20241025;100910;134.22;1000;11338340945;B
20241025;100910;134.22;250;11338340946;B
20241025;100910;134.22;800;11338340947;S
20241025;100911;134.22;300;11338340966;S
20241025;100911;134.22;200;11338340967;S
20241025;100911;134.22;200;11338340970;S
20241025;100911;134.22;250;11338340971;S
20241025;100911;134.22;500;11338340972;S
20241025;100911;134.2;870;11338340973;S
20241025;100911;134.2;20;11338340974;S
20241025;100911;134.2;250;11338340975;S
20241025;100911;134.19;100;11338340976;S
20241025;100911;134.15;200;11338340977;S
20241025;100911;134.15;1550;11338340978;S
20241025;100911;134.14;10;11338340979;S
20241025;100911;134.14;10;11338340980;S
20241025;100911;134.13;10;11338340981;S
20241025;100911;134.13;90;11338340982;S
20241025;100911;134.13;10;11338340985;B
20241025;100911;134.12;10;11338340994;S
20241025;100911;134.12;10;11338340995;S
20241025;100911;134.12;20;11338340996;S
20241025;100911;134.12;10;11338340997;S
20241025;100911;134.12;10;11338340998;S
20241025;100911;134.12;20;11338340999;S
20241025;100911;134.12;30;11338341000;S
20241025;100911;134.12;10;11338341001;S
20241025;100911;134.12;10;11338341002;S
20241025;100911;134.12;10;11338341003;S
20241025;100911;134.12;10;11338341004;S
20241025;100911;134.12;10;11338341005;S
20241025;100911;134.12;30;11338341006;S
20241025;100911;134.12;10;11338341007;S
20241025;100911;134.12;100;11338341008;S
20241025;100911;134.12;100;11338341009;S
20241025;100911;134.12;80;11338341010;S
20241025;100913;134.12;200;11338341280;S
20241025;100913;134.13;180;11338341300;B
20241025;100913;134.12;20;11338341331;S
20241025;100914;134.12;770;11338341614;S
20241025;100918;134.13;20;11338342431;B
20241025;100918;134.13;310;11338342432;B
20241025;100918;134.12;2650;11338342487;S
20241025;100918;134.12;10;11338342488;S
20241025;100918;134.12;10;11338342489;S
20241025;100918;134.12;10;11338342490;S
20241025;100918;134.12;10;11338342491;S
20241025;100918;134.12;10;11338342492;S
20241025;100918;134.12;10;11338342493;S
20241025;100918;134.12;10;11338342494;S
20241025;100918;134.12;300;11338342495;S
20241025;100918;134.12;10;11338342496;S
20241025;100918;134.12;10;11338342497;S
20241025;100918;134.12;10;11338342498;S
20241025;100918;134.12;10;11338342499;S
20241025;100918;134.12;220;11338342500;S
20241025;100918;134.12;10;11338342501;S
20241025;100918;134.12;10;11338342502;S
20241025;100918;134.12;20;11338342503;S
20241025;100918;134.12;380;11338342504;S
20241025;100918;134.12;10;11338342505;S
20241025;100918;134.12;10;11338342506;S
20241025;100918;134.12;10;11338342507;S
20241025;100918;134.12;150;11338342508;S
20241025;100918;134.12;10;11338342509;S
20241025;100918;134.12;430;11338342510;S
20241025;100920;134.1;10;11338342706;S
20241025;100920;134.1;50;11338342760;S
20241025;100920;134.1;440;11338342779;S
20241025;100920;134.1;10;11338342780;S
20241025;100920;134.1;140;11338342781;S
20241025;100920;134.1;50;11338342791;S
20241025;100921;134.11;30;11338342903;B
20241025;100922;134.11;30;11338343171;B
20241025;100922;134.1;10;11338343173;S
20241025;100924;134.1;10;11338343492;S
20241025;100925;134.1;790;11338343641;S
20241025;100925;134.1;20;11338343642;S
20241025;100925;134.09;100;11338343654;B
20241025;100925;134.08;10;11338343681;S
20241025;100925;134.08;10;11338343682;S
20241025;100926;134.07;50;11338343846;S
20241025;100926;134.07;1000;11338343958;S
20241025;100931;134.07;10;11338344740;S
20241025;100934;134.07;50;11338345339;S
20241025;100936;134.07;250;11338345587;S
20241025;100936;134.08;10;11338345592;B
20241025;100936;134.08;10;11338345593;B
20241025;100936;134.09;20;11338345594;B
20241025;100936;134.09;10;11338345615;S
20241025;100938;134.09;100;11338345864;S
20241025;100938;134.1;60;11338345866;B
20241025;100939;134.1;1060;11338346013;B
20241025;100939;134.1;3940;11338346014;B
20241025;100939;134.1;500;11338346077;B
20241025;100940;134.1;40;11338346096;B
20241025;100942;134.09;50;11338346450;S
20241025;100943;134.09;50;11338346686;S
20241025;100944;134.09;20;11338346908;S
20241025;100946;134.1;520;11338347102;B
20241025;100946;134.1;460;11338347103;B
20241025;100946;134.1;1890;11338347104;B
20241025;100946;134.1;100;11338347105;B
20241025;100946;134.1;2030;11338347106;B
20241025;100946;134.1;400;11338347163;S
20241025;100946;134.1;500;11338347164;S
20241025;100946;134.09;400;11338347165;S
20241025;100946;134.09;510;11338347166;S
20241025;100946;134.09;70;11338347167;S
20241025;100946;134.09;40;11338347176;B
20241025;100952;134.08;10;11338348185;S
20241025;100953;134.09;100;11338348262;B
20241025;100953;134.09;350;11338348269;B
20241025;100957;134.09;330;11338348768;B
20241025;100957;134.08;10;11338348895;S
20241025;100958;134.09;10;11338348929;B
20241025;100958;134.08;380;11338348947;S
20241025;100958;134.08;500;11338348948;S
20241025;100958;134.08;1000;11338348949;S
20241025;100958;134.08;200;11338348950;S
20241025;100958;134.08;200;11338348951;S
20241025;100958;134.08;5000;11338348952;S
20241025;100958;134.07;400;11338348953;S
20241025;100958;134.07;1000;11338348954;S
20241025;100958;134.07;620;11338348955;S
20241025;100958;134.07;500;11338348956;S
20241025;100958;134.07;410;11338348957;S
20241025;100958;134.06;2000;11338348958;S
20241025;100958;134.06;2000;11338348959;S
20241025;100958;134.06;400;11338348960;S
20241025;100958;134.06;440;11338348961;S
20241025;100958;134.06;500;11338348962;S
20241025;100958;134.05;6240;11338348963;S
20241025;100958;134.05;10;11338348964;S
20241025;100958;134.04;10;11338348965;S
20241025;100958;134.04;50;11338348966;S
20241025;100958;134.04;50;11338348967;S
20241025;100958;134.04;20;11338348968;S
20241025;100958;134.04;1000;11338348969;S
20241025;100958;134.04;2000;11338348970;S
20241025;100958;134.04;2340;11338348971;S
20241025;100958;134.03;1000;11338348972;S
20241025;100958;134.03;1000;11338348973;S
20241025;100958;134.03;2000;11338348974;S
20241025;100958;134.02;100;11338348975;S
20241025;100958;134.02;1500;11338348976;S
20241025;100958;134.02;10;11338348977;S
20241025;100958;134.02;23670;11338348978;S
20241025;100958;134.02;10;11338348983;S
20241025;100958;134.02;200;11338348984;S
20241025;100959;134.03;10;11338349122;B
20241025;101000;134.03;10;11338349402;B
20241025;101000;134.03;10;11338349423;B
20241025;101003;134.03;40;11338349845;B
20241025;101008;134.02;210;11338350330;S
20241025;101010;134.02;10;11338350513;S
20241025;101012;134.02;400;11338350668;S
20241025;101012;134.03;10;11338350696;B
20241025;101016;134.02;200;11338351102;S
20241025;101019;134.03;150;11338351427;B
20241025;101020;134.02;200;11338351521;S
20241025;101021;134.03;20;11338351606;B
20241025;101022;134.03;10;11338351724;B
20241025;101023;134.02;100;11338351958;S
20241025;101023;134.02;500;11338351959;S
20241025;101023;134.02;30;11338351960;S
20241025;101023;134.02;60;11338351961;S
20241025;101023;134.02;20;11338351962;S
20241025;101023;134.02;20;11338351963;S
20241025;101023;134.02;10;11338351964;S
20241025;101023;134.02;20;11338351965;S
20241025;101023;134.02;10;11338351966;S
20241025;101023;134.02;10;11338351967;S
20241025;101023;134.02;20;11338351968;S
20241025;101023;134.02;20;11338351969;S
20241025;101023;134.01;100;11338351970;S
20241025;101023;134.01;30;11338351971;S
20241025;101023;134;1550;11338351972;S
20241025;101025;134;10;11338352123;S
20241025;101027;134.01;200;11338352349;B
20241025;101028;134;10;11338352448;S
20241025;101033;134.01;160;11338352975;B
20241025;101036;134.01;10;11338353322;B
20241025;101038;134;1000;11338353485;S
20241025;101038;134;50;11338353495;S
20241025;101043;134;7380;11338354047;S
20241025;101043;134;100;11338354048;S
20241025;101043;134;2490;11338354049;S
20241025;101043;134;10;11338354050;S
20241025;101043;134;30;11338354051;S
20241025;101043;134;500;11338354052;S
20241025;101043;134;110;11338354053;S
20241025;101043;134;10;11338354054;S
20241025;101043;134;30;11338354055;S
20241025;101043;134;500;11338354056;S
20241025;101043;134;1000;11338354057;S
20241025;101043;134;100;11338354058;S
20241025;101043;134;10;11338354059;S
20241025;101043;134;100;11338354060;S
20241025;101043;134;200;11338354061;S
20241025;101043;134;500;11338354062;S
20241025;101043;134;30;11338354063;S
20241025;101043;134;200;11338354064;S
20241025;101043;134;200;11338354065;S
20241025;101043;134;10;11338354066;S
20241025;101050;133.99;50;11338354787;S
20241025;101051;133.99;20;11338355007;S
20241025;101051;134;10000;11338355009;B
20241025;101052;133.99;30;11338355014;S
20241025;101052;133.99;10;11338355015;S
20241025;101052;133.99;50;11338355016;S
20241025;101053;133.99;150;11338355094;S
20241025;101053;133.99;70;11338355095;S
20241025;101056;133.99;200;11338355666;B
20241025;101057;133.98;40;11338355772;S
20241025;101058;133.98;170;11338355922;S
20241025;101058;133.98;170;11338355935;S
20241025;101058;133.98;60;11338355982;S
20241025;101058;133.98;500;11338355983;S
20241025;101059;133.97;400;11338356044;S
20241025;101059;133.97;600;11338356045;S
20241025;101100;133.97;30;11338356091;S
20241025;101100;133.97;1440;11338356150;S
20241025;101101;133.97;30;11338356206;S
20241025;101101;133.97;120;11338356209;S
20241025;101102;133.98;50;11338356292;B
20241025;101103;133.98;390;11338356372;B
20241025;101103;133.99;1290;11338356373;B
20241025;101103;133.99;450;11338356374;B
20241025;101103;134;6490;11338356375;B
20241025;101103;134;1000;11338356376;B
20241025;101103;134;40;11338356377;B
20241025;101103;134;4000;11338356378;B
20241025;101103;134;10;11338356379;B
20241025;101103;134;330;11338356380;B
20241025;101103;134.01;80;11338356381;B
20241025;101103;134.01;400;11338356382;B
20241025;101103;134.01;780;11338356383;B
20241025;101104;134.01;4740;11338356449;S
20241025;101104;134.01;760;11338356450;S
20241025;101104;134.01;830;11338356451;S
20241025;101104;134.01;500;11338356452;S
20241025;101104;134.01;800;11338356453;S
20241025;101104;134.01;1490;11338356554;B
20241025;101104;134.01;400;11338356555;B
20241025;101104;134.01;200;11338356556;B
20241025;101104;134.01;200;11338356557;B
20241025;101104;134.02;400;11338356558;B
20241025;101104;134.02;1400;11338356559;B
20241025;101104;134.02;570;11338356560;B
20241025;101104;134.03;20;11338356561;B
20241025;101112;134;500;11338357206;S
20241025;101112;134;20;11338357207;S
20241025;101112;134;220;11338357208;S
20241025;101113;134;260;11338357306;S
20241025;101113;134.01;400;11338357352;B
20241025;101114;134;210;11338357391;S
20241025;101115;134;60;11338357484;S
20241025;101117;134.01;100;11338357623;B
20241025;101117;134;250;11338357648;S
20241025;101117;134;250;11338357649;S
20241025;101118;134.01;300;11338357682;B
20241025;101118;134;100;11338357692;S
20241025;101118;134;120;11338357693;S
20241025;101120;134;20;11338357811;S
20241025;101122;134;10;11338357960;S
20241025;101123;134.01;50;11338358069;B
20241025;101124;134;10;11338358097;S
20241025;101125;134.01;510;11338358245;B
20241025;101125;134.01;230;11338358246;B
20241025;101128;134.01;10;11338358532;B
20241025;101129;134;10;11338358612;S
20241025;101132;134;100;11338358798;S
20241025;101134;134.01;10;11338359035;B
20241025;101135;134.01;250;11338359111;B
20241025;101135;134.01;140;11338359169;B
20241025;101135;134.01;20;11338359170;B
20241025;101135;134.01;100;11338359171;B
20241025;101135;134.01;20;11338359172;B
20241025;101135;134.02;220;11338359173;B
20241025;101135;134.02;20;11338359174;B
20241025;101135;134.02;20;11338359175;B
20241025;101137;134.03;20;11338359367;B
20241025;101137;134.03;10;11338359391;B
20241025;101138;134.03;260;11338359453;B
20241025;101142;134.03;180;11338359953;B
20241025;101144;134.02;10;11338360144;S
20241025;101144;134.02;10;11338360148;S
20241025;101146;134.02;20;11338360382;S
20241025;101146;134.02;20;11338360396;S
20241025;101147;134.03;640;11338360468;B
20241025;101147;134.02;420;11338360549;S
20241025;101148;134.02;20;11338360581;S
20241025;101148;134.02;10;11338360584;S
20241025;101148;134.02;10;11338360608;S
20241025;101148;134.02;10;11338360618;S
20241025;101150;134.02;10;11338360848;S
20241025;101150;134.02;10;11338360856;S
20241025;101152;134.03;10;11338361018;B
20241025;101152;134.02;10;11338361062;S
20241025;101152;134.02;10;11338361063;S
20241025;101155;134.02;20;11338361254;S
20241025;101155;134.02;20;11338361264;S
20241025;101155;134.02;20;11338361291;S
20241025;101155;134.02;20;11338361298;S
20241025;101156;134.03;130;11338361447;B
20241025;101157;134.02;10;11338361515;S
20241025;101157;134.02;10;11338361516;S
20241025;101157;134.02;20;11338361550;S
20241025;101157;134.02;20;11338361556;S
20241025;101157;134.02;10;11338361582;S
20241025;101158;134.02;20;11338361779;S
20241025;101159;134.02;10;11338361805;S
20241025;101159;134.02;10;11338361813;S
20241025;101201;134.02;30;11338362033;S
20241025;101201;134.02;10;11338362063;S
20241025;101201;134.02;10;11338362076;S
20241025;101201;134.02;300;11338362133;S
20241025;101201;134.02;370;11338362134;S
20241025;101202;134.02;10;11338362169;S
20241025;101202;134.02;10;11338362185;S
20241025;101204;134.03;20;11338362433;B
20241025;101204;134.03;50;11338362434;B
20241025;101204;134.03;10;11338362435;B
20241025;101205;134.03;20;11338362498;S
20241025;101207;134.03;10;11338362722;S
20241025;101208;134.03;10;11338362841;S
20241025;101208;134.03;10;11338362858;S
20241025;101209;134.03;350;11338363029;S
20241025;101209;134.03;10;11338363045;S
20241025;101209;134.03;10;11338363127;S
20241025;101210;134.03;60;11338363164;S
20241025;101211;134.03;20;11338363359;S
20241025;101211;134.03;20;11338363370;S
20241025;101212;134.03;70;11338363446;S
20241025;101212;134.03;70;11338363466;S
20241025;101213;134.03;400;11338363573;S
20241025;101213;134.03;1000;11338363668;S
20241025;101213;134.03;500;11338363669;S
20241025;101213;134.03;6130;11338363670;S
20241025;101213;134.03;5050;11338363671;S
20241025;101213;134.03;40;11338363672;S
20241025;101213;134.02;70;11338363705;S
20241025;101213;134.02;470;11338363737;S
20241025;101214;134.02;240;11338363836;S
20241025;101214;134.02;240;11338363839;S
20241025;101214;134.02;10;11338363885;S
20241025;101214;134.02;10;11338363941;S
20241025;101214;134.02;10;11338363943;S
20241025;101214;134.02;20;11338364000;S
20241025;101214;134.02;20;11338364012;S
20241025;101216;134.02;10;11338364176;S
20241025;101216;134.02;10;11338364184;S
20241025;101217;134.02;20;11338364335;S
20241025;101217;134.02;20;11338364356;S
20241025;101218;134.02;80;11338364547;S
20241025;101218;134.02;80;11338364569;S
20241025;101219;134.02;10;11338364651;S
20241025;101219;134.02;10;11338364663;S
20241025;101219;134.02;40;11338364714;S
20241025;101219;134.02;40;11338364724;S
20241025;101219;134.02;90;11338364769;S
20241025;101219;134.02;500;11338364770;S
20241025;101219;134.02;180;11338364771;S
20241025;101219;134.01;110;11338364856;S
20241025;101219;134.01;110;11338364871;S
20241025;101221;134.01;460;11338365064;S
20241025;101221;134.01;460;11338365077;S
20241025;101221;134.01;100;11338365194;S
20241025;101222;134.01;100;11338365293;S
20241025;101222;134.01;80;11338365338;S
20241025;101222;134.01;80;11338365366;S
20241025;101222;134.01;100;11338365384;S
20241025;101222;134.01;500;11338365385;S
20241025;101222;134;10;11338365386;S
20241025;101222;134;290;11338365387;S
20241025;101222;134;100;11338365388;S
20241025;101222;134;100;11338365389;S
20241025;101222;134;10;11338365399;S
20241025;101222;134;10;11338365412;S
20241025;101223;134;50;11338365504;S
20241025;101223;134;200;11338365525;S
20241025;101223;134;10;11338365566;S
20241025;101224;134;300;11338365578;S
20241025;101224;134;2000;11338365579;S
20241025;101224;134;900;11338365580;S
20241025;101224;134;200;11338365581;S
20241025;101224;134;830;11338365582;S
20241025;101224;134;500;11338365583;S
20241025;101224;133.97;100;11338365584;S
20241025;101224;133.97;100;11338365585;S
20241025;101224;133.96;100;11338365586;S
20241025;101224;133.96;10;11338365587;S
20241025;101224;133.96;10;11338365588;S
20241025;101224;133.96;80;11338365589;S
20241025;101224;133.95;100;11338365590;S
20241025;101224;133.95;100;11338365591;S
20241025;101224;133.95;300;11338365592;S
20241025;101224;133.95;100;11338365614;S
20241025;101224;133.96;10;11338365647;B
20241025;101225;133.95;90;11338365649;S
20241025;101225;133.95;100;11338365663;S
20241025;101225;133.95;100;11338365668;S
20241025;101225;133.95;210;11338365776;S
20241025;101225;133.95;30;11338365777;S
20241025;101225;133.95;90;11338365778;S
20241025;101225;133.95;170;11338365779;S
20241025;101225;133.94;50;11338365815;S
20241025;101225;133.94;10;11338365816;S
20241025;101225;133.94;10;11338365817;S
20241025;101225;133.94;130;11338365818;S
20241025;101225;133.94;370;11338365854;S
20241025;101225;133.94;20;11338365855;S
20241025;101225;133.94;40;11338365856;S
20241025;101225;133.94;30;11338365857;S
20241025;101226;133.93;30;11338365944;S
20241025;101226;133.93;70;11338365945;S
20241025;101226;133.93;100;11338365948;S
20241025;101226;133.92;10;11338365973;S
20241025;101226;133.92;100;11338365974;S
20241025;101226;133.92;30;11338365975;S
20241025;101226;133.91;100;11338365995;S
20241025;101226;133.91;30;11338365996;S
20241025;101226;133.9;50;11338365998;S
20241025;101226;133.9;100;11338365999;S
20241025;101226;133.9;400;11338366038;S
20241025;101226;133.9;480;11338366039;S
20241025;101226;133.9;520;11338366048;S
20241025;101226;133.9;600;11338366049;S
20241025;101226;133.91;40;11338366056;B
20241025;101226;133.9;10;11338366124;S
20241025;101226;133.9;390;11338366126;S
20241025;101226;133.9;10;11338366127;S
20241025;101226;133.9;20;11338366128;S
20241025;101226;133.9;100;11338366129;S
20241025;101226;133.9;30;11338366130;S
20241025;101226;133.9;100;11338366131;S
20241025;101226;133.9;500;11338366132;S
20241025;101226;133.89;200;11338366133;S
20241025;101226;133.88;700;11338366139;S
20241025;101226;133.88;100;11338366142;S
20241025;101227;133.88;100;11338366179;S
20241025;101227;133.88;100;11338366186;S
20241025;101227;133.88;500;11338366187;S
20241025;101227;133.88;20;11338366188;S
20241025;101227;133.88;500;11338366189;S
20241025;101227;133.87;380;11338366190;S
20241025;101227;133.87;110;11338366211;S
20241025;101227;133.87;80;11338366212;S
20241025;101227;133.87;40;11338366213;S
20241025;101229;133.88;500;11338366503;B
20241025;101229;133.89;1200;11338366518;B
20241025;101229;133.89;1200;11338366519;B
20241025;101229;133.89;430;11338366520;B
20241025;101229;133.89;900;11338366521;B
20241025;101229;133.89;300;11338366542;B
20241025;101230;133.89;390;11338366593;B
20241025;101232;133.89;40;11338366728;B
20241025;101233;133.89;60;11338366789;B
20241025;101233;133.89;1200;11338366790;B
20241025;101233;133.89;1200;11338366791;B
20241025;101233;133.89;200;11338366792;B
20241025;101234;133.89;1000;11338366877;B
20241025;101234;133.89;210;11338366878;B
20241025;101234;133.89;320;11338366879;B
20241025;101234;133.95;20;11338366888;B
20241025;101234;134.01;80;11338366901;S
20241025;101236;134.02;10;11338367112;B
20241025;101237;134.02;300;11338367128;B
20241025;101237;134.01;220;11338367140;S
20241025;101237;134.01;80;11338367141;S
20241025;101239;134.01;10;11338367310;S
20241025;101240;134.01;20;11338367477;S
20241025;101240;134.01;480;11338367478;S
20241025;101240;134;1000;11338367485;S
20241025;101240;134;500;11338367486;S
20241025;101240;133.99;1000;11338367487;S
20241025;101240;133.99;2350;11338367488;S
20241025;101240;133.98;1000;11338367489;S
20241025;101240;133.97;400;11338367490;S
20241025;101240;133.97;620;11338367491;S
20241025;101240;133.96;400;11338367492;S
20241025;101240;133.96;1000;11338367493;S
20241025;101240;133.96;100;11338367494;S
20241025;101240;133.95;490;11338367495;S
20241025;101240;133.95;1000;11338367496;S
20241025;101240;133.95;400;11338367497;S
20241025;101240;133.95;240;11338367498;S
20241025;101245;133.99;500;11338367797;S
20241025;101245;133.98;1000;11338367798;S
20241025;101245;133.97;1000;11338367799;S
20241025;101245;133.96;1000;11338367800;S
20241025;101245;133.96;500;11338367801;S
20241025;101247;134.03;10;11338367933;B
20241025;101247;134.03;40;11338367934;B
20241025;101249;134.01;300;11338368033;S
20241025;101249;134.01;20;11338368067;S
20241025;101250;134.03;110;11338368105;B
20241025;101251;134.03;110;11338368187;B
20241025;101251;134.03;110;11338368214;B
20241025;101257;134.04;20;11338368714;B
20241025;101302;134.04;400;11338369267;B
20241025;101302;134.04;10;11338369268;B
20241025;101302;134.05;90;11338369269;B
20241025;101302;134.03;20;11338369288;S
20241025;101304;134.03;10;11338369535;B
20241025;101304;134.04;400;11338369536;B
20241025;101304;134.04;10;11338369537;B
20241025;101304;134.05;280;11338369538;B
20241025;101308;134.03;10;11338370077;B
20241025;101309;134.02;50;11338370100;S
20241025;101311;134.04;40;11338370350;B
20241025;101314;134.02;10;11338370728;S
20241025;101315;134.05;700;11338370822;B
20241025;101316;134.05;1490;11338370855;B
20241025;101316;134.04;100;11338370856;S
20241025;101323;134.05;500;11338371714;B
20241025;101324;134.05;80;11338371839;B
20241025;101327;134.05;10;11338372166;B
20241025;101331;134.04;200;11338372547;S
20241025;101332;134.03;10;11338372748;S
20241025;101335;134.04;70;11338372999;B
20241025;101340;134.04;330;11338373639;B
20241025;101340;134.04;320;11338373640;B
20241025;101340;134.04;1000;11338373641;B
20241025;101340;134.04;200;11338373642;B
20241025;101340;134.04;200;11338373643;B
20241025;101340;134.05;1850;11338373644;B
20241025;101340;134.05;80;11338373645;B
20241025;101340;134.05;790;11338373646;B
20241025;101340;134.05;300;11338373647;B
20241025;101340;134.05;1000;11338373648;B
20241025;101340;134.05;400;11338373649;B
20241025;101340;134.05;350;11338373650;B
20241025;101340;134.05;200;11338373651;B
20241025;101340;134.06;60;11338373652;B
20241025;101340;134.04;400;11338373653;B
20241025;101340;134.03;10;11338373654;S
20241025;101340;134.03;190;11338373655;S
20241025;101340;134.03;200;11338373656;S
20241025;101341;134.02;100;11338373664;S
20241025;101341;134.02;10;11338373778;S
20241025;101341;134.02;10;11338373782;S
20241025;101342;134.01;110;11338373818;B
20241025;101343;134;30;11338374004;S
20241025;101343;134;500;11338374005;S
20241025;101343;133.98;200;11338374006;S
20241025;101344;133.96;10;11338374068;S
20241025;101344;133.96;10;11338374069;S
20241025;101346;133.96;20;11338374327;S
20241025;101346;133.96;20;11338374335;S
20241025;101349;133.97;150;11338374651;B
20241025;101349;133.97;100;11338374693;B
20241025;101350;133.97;100;11338374764;B
20241025;101352;133.96;200;11338375009;S
20241025;101352;133.96;300;11338375010;S
20241025;101352;133.96;200;11338375011;S
20241025;101352;133.97;10;11338375029;B
20241025;101354;133.96;400;11338375183;S
20241025;101359;133.96;10;11338375631;S
20241025;101400;133.96;40;11338375681;S
20241025;101400;133.96;160;11338375682;S
20241025;101400;133.96;20;11338375746;S
20241025;101401;133.96;650;11338375761;S
20241025;101401;133.96;60;11338375792;S
20241025;101403;133.96;10;11338376004;S
20241025;101403;133.96;70;11338376021;S
20241025;101405;133.96;10;11338376194;S
20241025;101405;133.96;10;11338376229;S
20241025;101407;133.97;10;11338376343;B
20241025;101407;133.96;20;11338376360;S
20241025;101407;133.96;20;11338376363;S
20241025;101408;133.96;200;11338376446;S
20241025;101409;133.96;10;11338376653;S
20241025;101409;133.96;10;11338376667;S
20241025;101410;133.96;50;11338376750;S
20241025;101410;133.96;150;11338376751;S
20241025;101414;133.97;90;11338377143;B
20241025;101414;133.97;10;11338377144;B
20241025;101416;133.96;10;11338377351;S
20241025;101416;133.96;10;11338377352;S
20241025;101417;133.97;10;11338377362;B
20241025;101418;133.96;10;11338377524;S
20241025;101418;133.96;10;11338377533;S
20241025;101418;133.95;10;11338377536;S
20241025;101418;133.95;70;11338377537;S
20241025;101419;133.95;600;11338377629;B
20241025;101419;133.96;330;11338377630;B
20241025;101421;133.97;70;11338377786;S
20241025;101422;133.97;20;11338377823;S
20241025;101422;133.97;20;11338377828;S
20241025;101422;133.98;10;11338377850;B
20241025;101423;133.97;10;11338377964;B
20241025;101424;133.97;10;11338378187;B
20241025;101427;133.96;10;11338378429;S
20241025;101427;133.95;190;11338378441;S
20241025;101427;133.95;500;11338378507;S
20241025;101427;133.95;190;11338378508;S
20241025;101432;133.95;10;11338378988;S
20241025;101433;133.95;10;11338379104;S
20241025;101434;133.95;10;11338379301;B
20241025;101434;133.95;10;11338379302;B
20241025;101434;133.96;70;11338379303;B
20241025;101434;133.96;20;11338379304;B
20241025;101435;133.93;10;11338379530;S
20241025;101435;133.93;10;11338379531;S
20241025;101436;133.94;40;11338379713;B
20241025;101437;133.96;60;11338379834;B
20241025;101438;133.94;200;11338379916;S
20241025;101438;133.95;70;11338379934;B
20241025;101440;133.94;200;11338380154;S
20241025;101442;133.93;10;11338380415;S
20241025;101442;133.93;60;11338380416;S
20241025;101442;133.93;130;11338380417;S
20241025;101443;133.96;100;11338380427;B
20241025;101446;133.93;140;11338380808;S
20241025;101446;133.93;60;11338380809;S
20241025;101446;133.93;140;11338380845;S
20241025;101446;133.93;200;11338380846;S
20241025;101446;133.93;1000;11338380847;S
20241025;101446;133.93;500;11338380848;S
20241025;101446;133.93;400;11338380849;S
20241025;101446;133.92;2350;11338380850;S
20241025;101446;133.92;140;11338380851;S
20241025;101446;133.92;400;11338380852;S
20241025;101446;133.91;400;11338380853;S
20241025;101446;133.91;2000;11338380854;S
20241025;101446;133.91;140;11338380855;S
20241025;101446;133.91;2000;11338380856;S
20241025;101446;133.91;330;11338380857;S
20241025;101449;133.93;400;11338381202;B
20241025;101449;133.94;100;11338381203;B
20241025;101451;133.92;500;11338381474;S
20241025;101451;133.92;130;11338381475;S
20241025;101451;133.9;1000;11338381476;S
20241025;101451;133.9;10;11338381477;S
20241025;101451;133.9;500;11338381478;S
20241025;101451;133.9;10;11338381479;S
20241025;101451;133.9;640;11338381480;S
20241025;101451;133.9;130;11338381481;S
20241025;101451;133.89;80;11338381482;S
20241025;101456;133.93;100;11338381905;B
20241025;101456;133.94;10;11338381940;B
20241025;101458;133.94;10;11338382114;S
20241025;101459;133.94;10;11338382216;S
20241025;101501;133.94;20;11338382545;S
20241025;101501;133.94;20;11338382555;S
20241025;101501;133.94;10;11338382580;S
20241025;101502;133.94;10;11338382609;S
20241025;101502;133.94;260;11338382621;S
20241025;101502;133.94;360;11338382622;S
20241025;101502;133.94;20;11338382623;S
20241025;101502;133.95;10;11338382645;B
20241025;101504;133.95;500;11338383125;B
20241025;101504;133.95;1400;11338383126;B
20241025;101505;133.95;1000;11338383296;B
20241025;101505;133.95;500;11338383297;B
20241025;101505;133.95;500;11338383298;B
20241025;101507;133.95;500;11338383514;B
20241025;101508;133.95;590;11338383728;B
20241025;101510;133.95;10;11338384043;S
20241025;101510;133.95;50;11338384044;S
20241025;101510;133.97;10;11338384109;B
20241025;101510;133.97;600;11338384118;B
20241025;101510;133.96;10;11338384173;S
20241025;101511;133.96;10;11338384484;S
20241025;101511;133.97;100;11338384487;B
20241025;101511;133.96;10;11338384568;S
20241025;101512;133.96;150;11338384657;S
20241025;101512;133.96;10;11338384815;S
20241025;101512;133.96;10;11338384834;S
20241025;101513;133.97;900;11338384971;B
20241025;101513;133.97;500;11338384972;B
20241025;101513;133.96;10;11338385049;S
20241025;101513;133.97;500;11338385050;B
20241025;101513;133.97;390;11338385099;B
20241025;101513;133.97;10;11338385100;B
20241025;101513;133.98;100;11338385101;B
20241025;101513;133.98;70;11338385102;B
20241025;101513;133.98;350;11338385103;B
20241025;101513;133.99;100;11338385104;B
20241025;101513;133.99;20;11338385105;B
20241025;101513;133.99;280;11338385106;B
20241025;101513;134;1680;11338385107;B
20241025;101515;134;30;11338385545;B
20241025;101519;134;7900;11338386602;B
20241025;101522;133.99;2350;11338387483;S
20241025;101522;133.99;500;11338387484;S
20241025;101522;133.99;300;11338387485;S
20241025;101522;133.99;100;11338387486;S
20241025;101522;133.99;1360;11338387487;S
20241025;101522;133.99;200;11338387488;S
20241025;101522;133.99;200;11338387489;S
20241025;101522;133.98;300;11338387490;S
20241025;101522;133.98;1360;11338387491;S
20241025;101522;133.98;620;11338387492;S
20241025;101522;133.97;1000;11338387493;S
20241025;101522;133.96;490;11338387494;S
20241025;101522;133.96;1220;11338387495;S
20241025;101524;133.99;10;11338387786;S
20241025;101524;134;10;11338388004;B
20241025;101525;134;100;11338388313;B
20241025;101525;133.99;10;11338388373;S
20241025;101525;134;50;11338388377;B
20241025;101527;134;10;11338388785;B
20241025;101528;134;10;11338388886;B
20241025;101531;134;10;11338389627;B
20241025;101535;133.99;30;11338390104;S
20241025;101535;134;10;11338390109;B
20241025;101537;133.99;10;11338390375;S
20241025;101537;134;80;11338390434;B
20241025;101538;133.99;50;11338390511;S
20241025;101538;133.99;20;11338390512;S
20241025;101538;133.99;10;11338390513;S
20241025;101538;133.99;120;11338390514;S
20241025;101538;133.99;380;11338390515;S
20241025;101538;133.98;100;11338390516;S
20241025;101538;133.98;10;11338390524;S
20241025;101538;133.99;10;11338390533;B
20241025;101540;133.99;20;11338390705;B
20241025;101540;133.99;80;11338390830;B
20241025;101541;133.98;100;11338390892;S
20241025;101541;133.98;10;11338390936;S
20241025;101542;133.98;20;11338390957;S
20241025;101543;133.98;10;11338391068;S
20241025;101544;133.99;50;11338391179;B
20241025;101544;133.99;10;11338391294;B
20241025;101545;133.98;10;11338391376;S
20241025;101545;133.96;400;11338391377;S
20241025;101545;133.96;850;11338391378;S
20241025;101545;133.95;10;11338391379;S
20241025;101545;133.95;10;11338391380;S
20241025;101545;133.95;20;11338391381;S
20241025;101545;133.95;20;11338391382;S
20241025;101545;133.95;140;11338391383;S
20241025;101545;133.94;10;11338391385;S
20241025;101545;133.94;140;11338391386;S
20241025;101545;133.94;700;11338391387;B
20241025;101545;133.93;150;11338391388;S
20241025;101545;133.93;90;11338391389;S
20241025;101545;133.93;10;11338391393;S
20241025;101545;133.93;10;11338391401;S
20241025;101545;133.93;10;11338391404;S
20241025;101545;133.93;10;11338391407;S
20241025;101545;133.93;60;11338391408;S
20241025;101545;133.93;10;11338391410;S
20241025;101545;133.93;10;11338391411;S
20241025;101545;133.93;10;11338391415;S
20241025;101545;133.93;10;11338391428;S
20241025;101546;133.93;100;11338391432;S
20241025;101546;133.93;10;11338391433;S
20241025;101546;133.93;30;11338391434;S
20241025;101546;133.93;10;11338391439;S
20241025;101546;133.93;70;11338391442;S
20241025;101546;133.93;10;11338391448;S
20241025;101546;133.93;20;11338391522;S
20241025;101546;133.92;100;11338391526;S
20241025;101546;133.92;10;11338391535;S
20241025;101546;133.92;10;11338391550;S
20241025;101547;133.92;40;11338391599;S
20241025;101547;133.92;10;11338391621;S
20241025;101547;133.92;10;11338391667;S
20241025;101547;133.93;10;11338391708;B
20241025;101547;133.92;10;11338391749;S
20241025;101548;133.93;700;11338391794;B
20241025;101548;133.92;10;11338391911;S
20241025;101549;133.92;10;11338391918;S
20241025;101549;133.93;10;11338391948;B
20241025;101549;133.93;100;11338391951;B
20241025;101549;133.92;80;11338392012;S
20241025;101549;133.92;10;11338392094;S
20241025;101549;133.92;10;11338392108;S
20241025;101550;133.92;10;11338392238;S
20241025;101550;133.92;10;11338392257;S
20241025;101551;133.93;10;11338392278;B
20241025;101551;133.92;10;11338392333;S
20241025;101551;133.93;10;11338392343;B
20241025;101551;133.92;10;11338392502;S
20241025;101551;133.92;10;11338392560;S
20241025;101551;133.92;40;11338392562;S
20241025;101552;133.92;10;11338392572;S
20241025;101553;133.93;100;11338392747;B
20241025;101555;133.93;10;11338393098;B
20241025;101555;133.92;10;11338393102;S
20241025;101555;133.93;330;11338393204;B
20241025;101557;133.93;60;11338393318;B
20241025;101557;133.93;150;11338393320;B
20241025;101557;133.93;10;11338393321;B
20241025;101602;133.92;10;11338393946;S
20241025;101602;133.92;20;11338393947;S
20241025;101603;133.91;70;11338394025;S
20241025;101603;133.91;330;11338394038;S
20241025;101603;133.91;500;11338394039;S
20241025;101603;133.91;410;11338394040;S
20241025;101603;133.9;400;11338394041;S
20241025;101603;133.89;400;11338394042;S
20241025;101603;133.89;290;11338394043;S
20241025;101603;133.89;410;11338394044;S
20241025;101603;133.89;620;11338394045;S
20241025;101603;133.89;630;11338394046;S
20241025;101603;133.88;10;11338394047;S
20241025;101603;133.88;2000;11338394048;S
20241025;101603;133.88;2000;11338394049;S
20241025;101603;133.88;2000;11338394050;S
20241025;101603;133.88;2000;11338394051;S
20241025;101603;133.88;600;11338394052;S
20241025;101603;133.87;1000;11338394053;S
20241025;101603;133.87;200;11338394054;S
20241025;101603;133.87;10;11338394055;S
20241025;101603;133.87;20;11338394056;S
20241025;101603;133.87;500;11338394057;S
20241025;101603;133.87;490;11338394058;S
20241025;101603;133.87;180;11338394059;S
20241025;101603;133.88;200;11338394068;S
20241025;101603;133.88;1580;11338394117;S
20241025;101603;133.88;220;11338394122;S
20241025;101603;133.88;160;11338394123;S
20241025;101604;133.88;460;11338394221;S
20241025;101606;133.89;10;11338394489;B
20241025;101607;133.88;70;11338394562;S
20241025;101607;133.88;10;11338394603;S
20241025;101607;133.88;320;11338394613;S
20241025;101607;133.89;160;11338394617;B
20241025;101607;133.89;100;11338394628;B
20241025;101607;133.88;10;11338394654;S
20241025;101607;133.88;700;11338394667;S
20241025;101609;133.88;170;11338395075;S
20241025;101609;133.88;80;11338395078;S
20241025;101611;133.88;70;11338395475;S
20241025;101613;133.88;10;11338395654;S
20241025;101613;133.88;920;11338395656;S
20241025;101613;133.88;490;11338395657;S
20241025;101613;133.88;2350;11338395658;S
20241025;101613;133.88;470;11338395659;S
20241025;101613;133.88;10;11338395660;S
20241025;101613;133.87;490;11338395661;S
20241025;101613;133.87;730;11338395662;S
20241025;101613;133.86;100;11338395663;S
20241025;101613;133.86;2000;11338395664;S
20241025;101613;133.86;400;11338395665;S
20241025;101613;133.86;1000;11338395666;S
20241025;101613;133.86;490;11338395667;S
20241025;101613;133.86;700;11338395668;S
20241025;101613;133.86;620;11338395669;S
20241025;101613;133.86;2000;11338395670;S
20241025;101613;133.85;2230;11338395671;S
20241025;101613;133.87;600;11338395672;B
20241025;101613;133.87;400;11338395719;S
20241025;101613;133.87;400;11338395720;S
20241025;101615;133.88;80;11338395869;B
20241025;101621;133.88;20;11338396546;B
20241025;101621;133.88;980;11338396547;B
20241025;101622;133.89;400;11338396674;S
20241025;101622;133.89;100;11338396675;S
20241025;101624;133.89;250;11338396885;S
20241025;101626;133.89;30;11338397213;S
20241025;101628;133.9;50;11338397390;B
20241025;101628;133.89;60;11338397438;S
20241025;101630;133.89;560;11338397619;S
20241025;101630;133.89;490;11338397620;S
20241025;101630;133.89;2350;11338397621;S
20241025;101630;133.89;500;11338397622;S
20241025;101630;133.89;400;11338397623;S
20241025;101630;133.89;510;11338397624;S
20241025;101630;133.88;400;11338397625;S
20241025;101630;133.88;490;11338397626;S
20241025;101630;133.88;120;11338397627;S
20241025;101630;133.89;10;11338397633;S
20241025;101631;133.89;90;11338397816;S
20241025;101631;133.89;380;11338397823;S
20241025;101631;133.89;380;11338397861;S
20241025;101632;133.89;10;11338397898;S
20241025;101632;133.89;10;11338397899;S
20241025;101632;133.9;10;11338397978;B
20241025;101632;133.89;90;11338397991;S
20241025;101632;133.88;10;11338397992;S
20241025;101634;133.89;1450;11338398129;B
20241025;101634;133.89;1000;11338398130;B
20241025;101634;133.89;250;11338398131;B
20241025;101634;133.89;20;11338398206;B
20241025;101635;133.89;200;11338398248;B
20241025;101636;133.89;200;11338398540;B
20241025;101638;133.89;50;11338398636;B
20241025;101638;133.89;1700;11338398637;B
20241025;101640;133.88;100;11338398856;S
20241025;101641;133.88;40;11338398952;S
20241025;101648;133.89;10;11338400182;B
20241025;101649;133.88;10;11338400263;S
20241025;101649;133.88;120;11338400406;S
20241025;101653;133.88;1600;11338401181;S
20241025;101653;133.88;50;11338401182;S
20241025;101653;133.88;200;11338401183;S
20241025;101653;133.88;100;11338401184;S
20241025;101653;133.87;90;11338401185;S
20241025;101653;133.87;50;11338401186;S
20241025;101653;133.87;1000;11338401187;S
20241025;101653;133.87;500;11338401357;S
20241025;101654;133.88;10;11338401373;B
20241025;101654;133.87;1500;11338401413;S
20241025;101654;133.87;400;11338401414;S
20241025;101654;133.86;490;11338401415;S
20241025;101654;133.86;50;11338401416;S
20241025;101654;133.85;560;11338401417;S
20241025;101654;133.85;980;11338401421;S
20241025;101654;133.85;80;11338401485;S
20241025;101656;133.86;10;11338401709;B
20241025;101657;133.85;200;11338401801;S
20241025;101658;133.86;10;11338401978;B
20241025;101659;133.86;100;11338402004;B
20241025;101704;133.85;5950;11338402657;S
20241025;101704;133.85;300;11338402658;S
20241025;101704;133.85;1000;11338402659;S
20241025;101704;133.85;1000;11338402660;S
20241025;101704;133.85;1000;11338402661;S
20241025;101704;133.85;10;11338402662;S
20241025;101704;133.85;10;11338402663;S
20241025;101704;133.85;730;11338402664;S
20241025;101704;133.85;950;11338402773;S
20241025;101704;133.85;10;11338402888;S
20241025;101704;133.85;20;11338402927;S
20241025;101705;133.85;100;11338403236;S
20241025;101709;133.86;20;11338404678;B
20241025;101710;133.86;50;11338404825;B
20241025;101713;133.86;500;11338406044;B
20241025;101716;133.86;150;11338406780;B
20241025;101718;133.85;10;11338407074;S
20241025;101718;133.85;70;11338407149;S
20241025;101719;133.85;70;11338407258;S
20241025;101720;133.85;10;11338407357;S
20241025;101720;133.85;30;11338407361;S
20241025;101720;133.85;30;11338407362;S
20241025;101720;133.85;10;11338407363;S
20241025;101721;133.85;20;11338407521;S
20241025;101724;133.86;20;11338408002;B
20241025;101726;133.85;10;11338408371;S
20241025;101744;133.85;1970;11338414320;S
20241025;101744;133.85;490;11338414321;S
20241025;101744;133.85;100;11338414322;S
20241025;101744;133.85;50;11338414323;S
20241025;101744;133.85;200;11338414324;S
20241025;101744;133.85;10;11338414325;S
20241025;101744;133.85;140;11338414326;S
20241025;101744;133.84;160;11338414376;S
20241025;101745;133.85;40;11338414740;B
20241025;101745;133.85;960;11338414741;B
20241025;101746;133.84;80;11338414970;S
20241025;101747;133.85;40;11338415458;B
20241025;101747;133.85;1960;11338415459;B
20241025;101748;133.85;1870;11338415800;S
20241025;101748;133.85;1000;11338415801;S
20241025;101748;133.85;490;11338415802;S
20241025;101748;133.85;500;11338415803;S
20241025;101748;133.85;1000;11338415804;S
20241025;101749;133.85;3000;11338416072;B
20241025;101750;133.85;700;11338416523;B
20241025;101751;133.85;200;11338416819;B
20241025;101752;133.85;800;11338416916;B
20241025;101752;133.85;440;11338416918;B
20241025;101752;133.85;10;11338416919;B
20241025;101752;133.86;280;11338416920;B
20241025;101752;133.86;30;11338416921;B
20241025;101752;133.87;40;11338416922;B
20241025;101753;133.93;100;11338417223;S
20241025;101753;133.94;10;11338417270;B
20241025;101753;133.93;500;11338417373;S
20241025;101753;133.92;220;11338417374;S
20241025;101753;133.92;200;11338417375;S
20241025;101753;133.91;80;11338417376;S
20241025;101754;133.93;10;11338417396;S
20241025;101754;133.94;10;11338417466;B
20241025;101756;133.94;40;11338417859;B
20241025;101757;133.93;10;11338418045;S
20241025;101800;133.94;340;11338418493;B
20241025;101800;133.94;10;11338418494;B
20241025;101800;133.94;450;11338418495;B
20241025;101800;133.94;550;11338418657;B
20241025;101800;133.94;250;11338418658;B
20241025;101801;133.94;80;11338418814;B
20241025;101802;133.94;50;11338418856;B
20241025;101802;133.94;10;11338418938;B
20241025;101803;133.94;10;11338418953;B
20241025;101803;133.94;10;11338418978;B
20241025;101803;133.94;10;11338418984;B
20241025;101803;133.94;580;11338418985;B
20241025;101803;133.94;210;11338418986;B
20241025;101804;133.94;80;11338419134;B
20241025;101804;133.94;10;11338419135;B
20241025;101804;133.94;10;11338419193;B
20241025;101805;133.94;40;11338419243;B
20241025;101805;133.93;500;11338419262;S
20241025;101805;133.93;20;11338419263;S
20241025;101805;133.93;10;11338419264;S
20241025;101805;133.93;200;11338419265;S
20241025;101805;133.91;200;11338419266;S
20241025;101805;133.91;200;11338419267;S
20241025;101805;133.91;370;11338419268;S
20241025;101805;133.93;200;11338419301;B
20241025;101805;133.94;50;11338419302;B
20241025;101806;133.93;10;11338419449;B
20241025;101807;133.93;10;11338419501;B
20241025;101808;133.93;10;11338419535;B
20241025;101808;133.93;30;11338419538;B
20241025;101808;133.93;10;11338419557;B
20241025;101808;133.93;20;11338419575;B
20241025;101809;133.93;100;11338419681;B
20241025;101809;133.94;10;11338419689;B
20241025;101809;133.94;20;11338419729;B
20241025;101809;133.92;90;11338419732;S
20241025;101810;133.94;20;11338419743;B
20241025;101811;133.94;40;11338419918;B
20241025;101811;133.94;60;11338419929;B
20241025;101812;133.94;10;11338419985;B
20241025;101812;133.94;20;11338420001;B
20241025;101812;133.94;20;11338420019;B
20241025;101812;133.94;50;11338420022;B
20241025;101813;133.94;40;11338420146;B
20241025;101813;133.94;10;11338420157;B
20241025;101814;133.93;10;11338420198;S
20241025;101814;133.93;500;11338420203;S
20241025;101814;133.92;1870;11338420204;S
20241025;101814;133.92;200;11338420205;S
20241025;101814;133.91;2000;11338420206;S
