<DATE>;<TIME>;<LAST>;<VOL>;<ID>;<OPER>
20240529;095935;129;20;10518504639;S
20240529;095935;129;10;10518504640;S
20240529;095935;129;10;10518504641;S
20240529;095935;129;90;10518504642;S
20240529;095935;129;10;10518504643;S
20240529;095935;129;1410;10518504644;S
20240529;095935;129;10;10518504645;B
20240529;095935;129;10;10518504646;B
20240529;095935;129;10;10518504647;S
20240529;095935;129;10;10518504648;S
20240529;095935;129;10;10518504649;S
20240529;095935;129;10;10518504650;S
20240529;095935;129;10;10518504651;S
20240529;095935;129;10;10518504652;S
20240529;095935;129;10;10518504653;S
20240529;095935;129;10;10518504654;S
20240529;095935;129;10;10518504655;S
20240529;095935;129;70;10518504656;S
20240529;095935;129;10;10518504657;S
20240529;095935;129;280;10518504658;S
20240529;095935;129;20;10518504659;S
20240529;095935;129;40;10518504660;S
20240529;095935;129;20;10518504661;S
20240529;095935;129;960;10518504662;S
20240529;095935;129;110;10518504663;S
20240529;095935;129;800;10518504664;S
20240529;095935;129;10;10518504665;S
20240529;095935;129;250;10518504666;S
20240529;095935;129;8260;10518504667;S
20240529;095935;129;50;10518504668;S
20240529;095935;129;10;10518504669;S
20240529;095935;129;20;10518504670;S
20240529;095935;129;10;10518504671;S
20240529;095935;129;10;10518504672;S
20240529;095935;129;90;10518504673;S
20240529;095935;129;20;10518504674;S
20240529;095935;129;500;10518504675;S
20240529;095935;129;150;10518504676;S
20240529;095935;129;20;10518504677;S
20240529;095935;129;10;10518504678;S
20240529;095935;129;70;10518504679;S
20240529;095935;129;10;10518504680;S
20240529;095935;129;10;10518504681;S
20240529;095935;129;10;10518504682;S
20240529;095935;129;20;10518504683;S
20240529;095935;129;3000;10518504684;S
20240529;095935;129;50;10518504685;S
20240529;095935;129;10;10518504686;B
20240529;095935;129;350;10518504687;S
20240529;095935;129;30;10518504688;S
20240529;095935;129;30;10518504689;S
20240529;095935;129;100;10518504690;S
20240529;095935;129;10;10518504691;S
20240529;095935;129;50;10518504692;S
20240529;095935;129;10;10518504693;S
20240529;095935;129;60;10518504694;S
20240529;095935;129;260;10518504695;S
20240529;095935;129;10;10518504696;S
20240529;095935;129;10;10518504697;S
20240529;095935;129;10;10518504698;S
20240529;095935;129;10;10518504699;S
20240529;095935;129;20;10518504700;S
20240529;095935;129;10;10518504701;S
20240529;095935;129;10;10518504702;S
20240529;095935;129;10;10518504703;S
20240529;095935;129;10;10518504704;B
20240529;095935;129;20;10518504705;S
20240529;095935;129;50;10518504706;B
20240529;095935;129;10;10518504707;B
20240529;095935;129;10;10518504708;B
20240529;095935;129;40;10518504709;B
20240529;095935;129;10;10518504710;B
20240529;095935;129;40;10518504711;B
20240529;095935;129;1000;10518504712;B
20240529;095935;129;460;10518504713;B
20240529;095935;129;1070;10518504714;S
20240529;095935;129;20;10518504715;B
20240529;095935;129;600;10518504716;B
20240529;095935;129;70;10518504717;B
20240529;095935;129;300;10518504718;B
20240529;095935;129;100;10518504719;B
20240529;095935;129;10;10518504720;S
20240529;095935;129;10;10518504721;S
20240529;095935;129;20;10518504722;B
20240529;095935;129;20;10518504723;B
20240529;095935;129;20;10518504724;B
20240529;095935;129;50;10518504725;B
20240529;095935;129;40;10518504726;B
20240529;095935;129;30;10518504727;B
20240529;095935;129;30;10518504728;B
20240529;095935;129;20;10518504729;B
20240529;095935;129;10;10518504730;B
20240529;095935;129;30;10518504731;B
20240529;095935;129;20;10518504732;B
20240529;095935;129;50;10518504733;B
20240529;095935;129;30;10518504734;B
20240529;095935;129;100;10518504735;B
20240529;095935;129;10;10518504736;B
20240529;095935;129;50;10518504737;B
20240529;095935;129;30;10518504738;B
20240529;095935;129;50;10518504739;B
20240529;095935;129;10;10518504740;B
20240529;095935;129;5000;10518504741;B
20240529;095935;129;700;10518504742;S
20240529;095935;129;10;10518504743;S
20240529;095935;129;10;10518504744;S
20240529;095935;129;500;10518504745;S
20240529;095935;129;50;10518504746;S
20240529;095935;129;20;10518504747;S
20240529;095935;129;10;10518504748;S
20240529;095935;129;20;10518504749;S
20240529;095935;129;100;10518504750;S
20240529;095935;129;60;10518504751;S
20240529;095935;129;350;10518504752;S
20240529;095935;129;10;10518504753;S
20240529;095935;129;160;10518504754;B
20240529;095935;129;160;10518504755;B
20240529;095935;129;30;10518504756;B
20240529;095935;129;10;10518504757;B
20240529;095935;129;30;10518504758;B
20240529;095935;129;50;10518504759;B
20240529;095935;129;70;10518504760;B
20240529;095935;129;100;10518504761;B
20240529;095935;129;10;10518504762;B
20240529;095935;129;50;10518504763;B
20240529;095935;129;30;10518504764;B
20240529;095935;129;10;10518504765;B
20240529;095935;129;10;10518504766;B
20240529;095935;129;100;10518504767;B
20240529;095935;129;10;10518504768;B
20240529;095935;129;10;10518504769;B
20240529;095935;129;1000;10518504770;B
20240529;095935;129;100;10518504771;B
20240529;095935;129;10;10518504772;S
20240529;095935;129;100;10518504773;B
20240529;095935;129;30;10518504774;B
20240529;095935;129;4130;10518504775;B
20240529;095935;129;10;10518504776;B
20240529;095935;129;3260;10518504777;B
20240529;095935;129;300;10518504778;B
20240529;095935;129;10;10518504779;B
20240529;095935;129;10;10518504780;B
20240529;095935;129;20;10518504781;B
20240529;095935;129;10;10518504782;B
20240529;095935;129;10;10518504783;B
20240529;095935;129;10;10518504784;B
20240529;095935;129;100;10518504785;B
20240529;095935;129;10;10518504786;B
20240529;095935;129;50;10518504787;B
20240529;095935;129;500;10518504788;B
20240529;095935;129;40;10518504789;B
20240529;095935;129;500;10518504790;S
20240529;095935;129;80;10518504791;S
20240529;095935;129;20;10518504792;S
20240529;095935;129;20;10518504793;S
20240529;095935;129;50;10518504794;S
20240529;095935;129;10;10518504795;S
20240529;095935;129;40;10518504796;S
20240529;095935;129;10;10518504797;S
20240529;095935;129;10;10518504798;S
20240529;095935;129;90;10518504799;B
20240529;095935;129;10;10518504800;B
20240529;095935;129;10;10518504801;B
20240529;095935;129;390;10518504802;B
20240529;095935;129;120;10518504803;B
20240529;095935;129;1490;10518504804;B
20240529;095935;129;100;10518504805;B
20240529;095935;129;10;10518504806;B
20240529;095935;129;10;10518504807;B
20240529;095935;129;10;10518504808;B
20240529;095935;129;100;10518504809;B
20240529;095935;129;10;10518504810;B
20240529;095935;129;10;10518504811;B
20240529;095935;129;300;10518504812;B
20240529;095935;129;10;10518504813;B
20240529;095935;129;8250;10518504814;S
20240529;095935;129;20;10518504815;S
20240529;095935;129;10;10518504816;S
20240529;095935;129;50;10518504817;S
20240529;095935;129;1750;10518504818;S
20240529;095935;129;10;10518504819;B
20240529;095935;129;10;10518504820;B
20240529;095935;129;10;10518504821;B
20240529;095935;129;50;10518504822;B
20240529;095935;129;50;10518504823;B
20240529;095935;129;10;10518504824;B
20240529;095935;129;10;10518504825;B
20240529;095935;129;10;10518504826;B
20240529;095935;129;20;10518504827;B
20240529;095935;129;2070;10518504828;B
20240529;095935;129;10;10518504829;B
20240529;095935;129;70;10518504830;S
20240529;095935;129;1000;10518504831;B
20240529;095935;129;280;10518504832;B
20240529;095935;129;10;10518504833;B
20240529;095935;129;10;10518504834;B
20240529;095935;129;10;10518504835;B
20240529;095935;129;100;10518504836;B
20240529;095935;129;10;10518504837;B
20240529;095935;129;10;10518504838;B
20240529;095935;129;570;10518504839;B
20240529;095935;129;1000;10518504840;B
20240529;095935;129;30;10518504841;B
20240529;095935;129;100;10518504842;S
20240529;095935;129;2800;10518504843;B
20240529;095935;129;10;10518504844;B
20240529;095935;129;250;10518504845;B
20240529;095935;129;900;10518504846;B
20240529;095935;129;20;10518504847;B
20240529;095935;129;420;10518504848;B
20240529;095935;129;10;10518504849;B
20240529;095935;129;590;10518504850;B
20240529;095935;129;2000;10518504851;S
20240529;095935;129;30;10518504852;S
20240529;095935;129;1000;10518504853;S
20240529;095935;129;900;10518504854;B
20240529;095935;129;100;10518504855;S
20240529;095935;129;340;10518504856;S
20240529;095935;129;10;10518504857;B
20240529;095935;129;150;10518504858;B
20240529;095935;129;50;10518504859;B
20240529;095935;129;10000;10518504860;B
20240529;095935;129;10000;10518504861;B
20240529;095935;129;350;10518504862;S
20240529;095935;129;4000;10518504863;S
20240529;095935;129;10;10518504864;S
20240529;095935;129;1000;10518504865;S
20240529;095935;129;40;10518504866;S
20240529;095935;129;40;10518504867;S
20240529;095935;129;50;10518504868;B
20240529;100000;129;1000;10518508623;B
20240529;100000;129;1000;10518508624;B
20240529;100000;129;300;10518508625;B
20240529;100000;129;1000;10518508626;B
20240529;100000;129;200;10518508627;B
20240529;100000;129;2000;10518508628;B
20240529;100000;129;200;10518508631;B
20240529;100000;129;1000;10518508632;B
20240529;100000;129;200;10518508634;B
20240529;100000;129;1000;10518508646;B
20240529;100000;129;1000;10518508647;B
20240529;100000;129;100;10518508648;B
20240529;100000;129;500;10518508658;B
20240529;100000;129;1000;10518508659;B
20240529;100000;129;1000;10518508669;B
20240529;100000;129;400;10518508670;B
20240529;100000;129;500;10518508671;B
20240529;100000;129;200;10518508675;B
20240529;100000;129;2000;10518508682;B
20240529;100000;129;1000;10518508683;B
20240529;100000;129;1000;10518508686;B
20240529;100000;129;1000;10518508700;B
20240529;100000;129;400;10518508734;B
20240529;100000;129;1000;10518508754;B
20240529;100000;129;50;10518508756;B
20240529;100000;129;290;10518508757;B
20240529;100000;129;110;10518508758;B
20240529;100000;129;1000;10518508768;B
20240529;100000;129;290;10518508776;B
20240529;100000;129;230;10518508777;B
20240529;100000;129;230;10518508778;B
20240529;100000;129;130;10518508779;B
20240529;100000;129;320;10518508780;B
20240529;100000;129;1000;10518508796;B
20240529;100000;129;30;10518508798;B
20240529;100000;129.01;10;10518508799;B
20240529;100000;129.01;960;10518508800;B
20240529;100000;129.01;80;10518508835;S
20240529;100000;129.02;10;10518508891;B
20240529;100000;129.02;990;10518508892;B
20240529;100000;129.01;10;10518508897;S
20240529;100000;129.02;400;10518508916;S
20240529;100000;129.02;360;10518508917;S
20240529;100000;129.01;240;10518508918;S
20240529;100000;129.04;1000;10518508952;B
20240529;100000;129.04;350;10518508987;B
20240529;100000;129.04;400;10518508991;B
20240529;100000;129.04;400;10518509006;B
20240529;100000;129.04;400;10518509025;B
20240529;100000;129.04;150;10518509028;B
20240529;100000;129.04;1000;10518509067;B
20240529;100000;129.04;350;10518509084;B
20240529;100000;129.04;100;10518509094;B
20240529;100000;129.04;950;10518509100;B
20240529;100000;129.04;300;10518509107;B
20240529;100000;129.05;10;10518509211;B
20240529;100000;129.05;10;10518509212;B
20240529;100001;129.07;10;10518509242;S
20240529;100001;129.08;50;10518509247;B
20240529;100001;129.08;10;10518509248;B
20240529;100001;129.08;10;10518509249;B
20240529;100001;129.08;10;10518509250;B
20240529;100001;129.09;10;10518509251;B
20240529;100001;129.09;100;10518509252;B
20240529;100001;129.1;1810;10518509253;B
20240529;100001;129.1;70;10518509269;B
20240529;100001;129.1;50;10518509272;B
20240529;100001;129.1;2000;10518509292;B
20240529;100001;129.1;1070;10518509326;B
20240529;100001;129.1;10;10518509327;B
20240529;100001;129.1;500;10518509328;B
20240529;100001;129.11;10;10518509335;B
20240529;100001;129.11;1350;10518509336;B
20240529;100001;129.11;750;10518509337;B
20240529;100001;129.12;10;10518509338;B
20240529;100001;129.14;10;10518509339;B
20240529;100001;129.14;10;10518509340;B
20240529;100001;129.16;1000;10518509353;B
20240529;100001;129.16;350;10518509354;B
20240529;100001;129.17;10;10518509400;B
20240529;100001;129.17;10;10518509401;B
20240529;100001;129.19;30;10518509411;B
20240529;100001;129.19;10;10518509412;B
20240529;100001;129.19;10;10518509413;B
20240529;100001;129.19;940;10518509414;B
20240529;100001;129.19;410;10518509466;B
20240529;100001;129.19;410;10518509475;B
20240529;100001;129.2;10;10518509519;B
20240529;100001;129.2;70;10518509520;B
20240529;100001;129.2;30;10518509521;B
20240529;100001;129.2;10;10518509522;B
20240529;100001;129.2;350;10518509523;B
20240529;100001;129.2;2000;10518509524;B
20240529;100001;129.19;360;10518509559;S
20240529;100001;129.19;360;10518509560;S
20240529;100001;129.19;400;10518509561;S
20240529;100001;129.18;2000;10518509562;S
20240529;100001;129.18;30;10518509563;S
20240529;100001;129.2;920;10518509640;B
20240529;100001;129.2;800;10518509644;B
20240529;100001;129.2;2520;10518509662;B
20240529;100001;129.2;400;10518509663;B
20240529;100001;129.2;650;10518509664;B
20240529;100001;129.2;50;10518509670;S
20240529;100001;129.2;50;10518509671;S
20240529;100001;129.2;50;10518509672;S
20240529;100001;129.2;10;10518509677;S
20240529;100001;129.2;50;10518509682;S
20240529;100001;129.2;50;10518509684;S
20240529;100001;129.2;10;10518509726;S
20240529;100001;129.2;1000;10518509728;S
20240529;100001;129.2;160;10518509729;S
20240529;100001;129.2;360;10518509730;S
20240529;100001;129.2;980;10518509731;S
20240529;100001;129.2;200;10518509750;S
20240529;100001;129.2;10;10518509785;S
20240529;100001;129.21;10;10518509799;B
20240529;100001;129.21;140;10518509800;B
20240529;100001;129.21;150;10518509807;B
20240529;100001;129.2;500;10518509815;S
20240529;100001;129.2;400;10518509822;S
20240529;100001;129.2;20;10518509828;S
20240529;100001;129.2;10;10518509832;S
20240529;100001;129.2;10;10518509833;S
20240529;100001;129.21;120;10518509945;B
20240529;100001;129.21;120;10518509946;B
20240529;100001;129.2;10;10518509968;S
20240529;100001;129.21;500;10518509971;B
20240529;100001;129.21;140;10518509973;B
20240529;100001;129.2;10;10518509987;S
20240529;100001;129.2;1010;10518510002;S
20240529;100001;129.2;1000;10518510003;S
20240529;100001;129.21;10;10518510022;B
20240529;100001;129.2;840;10518510034;S
20240529;100001;129.2;500;10518510035;S
20240529;100001;129.2;200;10518510036;S
20240529;100001;129.2;800;10518510037;S
20240529;100001;129.2;2660;10518510038;S
20240529;100001;129.21;170;10518510133;B
20240529;100001;129.21;610;10518510134;B
20240529;100001;129.21;50;10518510145;B
20240529;100002;129.21;50;10518510153;B
20240529;100002;129.21;300;10518510171;B
20240529;100002;129.21;190;10518510193;B
20240529;100002;129.21;200;10518510194;B
20240529;100002;129.21;10;10518510202;B
20240529;100002;129.21;1350;10518510203;B
20240529;100002;129.21;10;10518510213;S
20240529;100002;129.21;50;10518510217;S
20240529;100002;129.21;10;10518510329;S
20240529;100002;129.21;10;10518510332;S
20240529;100002;129.22;550;10518510348;B
20240529;100002;129.21;50;10518510352;S
20240529;100002;129.21;10;10518510381;S
20240529;100002;129.22;800;10518510398;B
20240529;100002;129.22;5900;10518510399;B
20240529;100002;129.22;2100;10518510471;B
20240529;100002;129.23;10;10518510472;B
20240529;100002;129.23;10;10518510473;B
20240529;100002;129.23;50;10518510474;B
20240529;100002;129.24;670;10518510475;B
20240529;100002;129.25;5000;10518510493;B
20240529;100002;129.25;10;10518510494;B
20240529;100002;129.26;10;10518510495;B
20240529;100002;129.27;10;10518510496;B
20240529;100002;129.28;10;10518510497;B
20240529;100002;129.28;10;10518510498;B
20240529;100002;129.29;10;10518510499;B
20240529;100002;129.29;10;10518510500;B
20240529;100002;129.29;90;10518510501;B
20240529;100002;129.29;10;10518510502;B
20240529;100002;129.3;10;10518510503;B
20240529;100002;129.31;10;10518510504;B
20240529;100002;129.32;10;10518510505;B
20240529;100002;129.32;10;10518510506;B
20240529;100002;129.32;400;10518510507;B
20240529;100002;129.32;1350;10518510508;B
20240529;100002;129.33;20;10518510509;B
20240529;100002;129.33;10;10518510510;B
20240529;100002;129.33;400;10518510511;B
20240529;100002;129.34;100;10518510512;B
20240529;100002;129.34;500;10518510513;B
20240529;100002;129.34;400;10518510514;B
20240529;100002;129.35;10;10518510515;B
20240529;100002;129.35;10;10518510516;B
20240529;100002;129.36;10;10518510517;B
20240529;100002;129.36;1210;10518510518;B
20240529;100002;129.37;10;10518510519;B
20240529;100002;129.37;250;10518510520;B
20240529;100002;129.37;10;10518510521;B
20240529;100002;129.37;90;10518510522;B
20240529;100002;129.37;1570;10518510523;B
20240529;100002;129.24;20;10518510528;S
20240529;100002;129.37;770;10518510542;B
20240529;100002;129.37;230;10518510543;B
20240529;100002;129.36;400;10518510546;B
20240529;100002;129.37;450;10518510547;B
20240529;100002;129.27;10;10518510549;S
20240529;100002;129.36;100;10518510557;B
20240529;100002;129.31;100;10518510569;B
20240529;100002;129.27;90;10518510570;S
20240529;100002;129.31;1310;10518510577;B
20240529;100002;129.36;230;10518510578;B
20240529;100002;129.36;500;10518510593;B
20240529;100002;129.27;10;10518510594;S
20240529;100002;129.27;200;10518510596;S
20240529;100002;129.36;100;10518510602;B
20240529;100002;129.32;360;10518510650;S
20240529;100002;129.31;140;10518510651;S
20240529;100002;129.35;1410;10518510691;B
20240529;100002;129.36;350;10518510692;B
20240529;100002;129.35;500;10518510747;S
20240529;100002;129.35;50;10518510755;S
20240529;100002;129.35;100;10518510762;S
20240529;100002;129.35;10;10518510777;S
20240529;100002;129.35;40;10518510816;S
20240529;100002;129.35;100;10518510824;S
20240529;100002;129.35;10;10518510843;S
20240529;100002;129.36;10;10518510851;B
20240529;100002;129.36;530;10518510858;B
20240529;100002;129.36;400;10518510859;B
20240529;100002;129.37;400;10518510860;B
20240529;100002;129.37;1410;10518510861;B
20240529;100002;129.38;210;10518510862;B
20240529;100002;129.34;360;10518510882;S
20240529;100002;129.34;20;10518510883;S
20240529;100002;129.34;100;10518510886;S
20240529;100002;129.34;50;10518510930;S
20240529;100002;129.34;10;10518510982;S
20240529;100002;129.34;200;10518510983;S
20240529;100002;129.34;1000;10518510999;S
20240529;100002;129.34;10;10518511030;S
20240529;100002;129.34;60;10518511044;S
20240529;100002;129.34;100;10518511120;S
20240529;100002;129.37;90;10518511126;B
20240529;100003;129.34;10;10518511140;S
20240529;100003;129.37;310;10518511162;B
20240529;100003;129.37;1090;10518511163;B
20240529;100003;129.37;320;10518511165;B
20240529;100003;129.37;40;10518511166;S
20240529;100003;129.35;10;10518511170;S
20240529;100003;129.33;360;10518511171;S
20240529;100003;129.33;500;10518511172;S
20240529;100003;129.32;130;10518511173;S
20240529;100003;129.32;10;10518511175;S
20240529;100003;129.35;300;10518511177;S
20240529;100003;129.33;200;10518511178;S
20240529;100003;129.37;30;10518511182;B
20240529;100003;129.33;50;10518511195;S
20240529;100003;129.33;10;10518511252;S
20240529;100003;129.33;100;10518511257;S
20240529;100003;129.32;80;10518511258;S
20240529;100003;129.33;10;10518511318;S
20240529;100003;129.36;1000;10518511319;B
20240529;100003;129.37;1410;10518511320;B
20240529;100003;129.38;1790;10518511321;B
20240529;100003;129.38;10;10518511322;B
20240529;100003;129.38;10;10518511323;B
20240529;100003;129.39;10;10518511324;B
20240529;100003;129.39;20;10518511325;B
20240529;100003;129.39;10;10518511326;B
20240529;100003;129.4;150;10518511327;B
20240529;100003;129.4;10;10518511328;B
20240529;100003;129.4;80;10518511329;B
20240529;100003;129.33;50;10518511332;S
20240529;100003;129.33;10;10518511348;S
20240529;100003;129.33;50;10518511446;S
20240529;100003;129.37;10;10518511468;S
20240529;100003;129.37;120;10518511479;S
20240529;100003;129.37;10;10518511490;S
20240529;100003;129.37;10;10518511521;S
20240529;100003;129.38;130;10518511526;B
20240529;100003;129.36;10;10518511540;S
20240529;100003;129.36;500;10518511549;S
20240529;100003;129.38;400;10518511559;B
20240529;100004;129.38;150;10518511639;B
20240529;100004;129.36;10;10518511661;S
20240529;100004;129.36;2000;10518511759;S
20240529;100004;129.38;10;10518511792;B
20240529;100004;129.37;20;10518511844;B
20240529;100004;129.38;80;10518511845;B
20240529;100005;129.38;10;10518511959;B
20240529;100005;129.38;10;10518511987;B
20240529;100005;129.38;10;10518512027;B
20240529;100005;129.38;100;10518512061;B
20240529;100005;129.38;30;10518512068;B
20240529;100005;129.36;10;10518512122;S
20240529;100005;129.38;20;10518512125;B
20240529;100005;129.36;10;10518512154;S
20240529;100005;129.38;1770;10518512157;B
20240529;100005;129.38;40;10518512158;B
20240529;100005;129.38;940;10518512159;B
20240529;100005;129.36;2000;10518512160;S
20240529;100005;129.38;100;10518512206;B
20240529;100005;129.38;20;10518512216;B
20240529;100005;129.36;10;10518512217;S
20240529;100005;129.36;50;10518512237;S
20240529;100005;129.36;10;10518512239;S
20240529;100005;129.36;2000;10518512266;S
20240529;100005;129.36;80;10518512286;S
20240529;100005;129.38;100;10518512293;B
20240529;100005;129.38;10;10518512299;B
20240529;100006;129.36;10;10518512392;S
20240529;100006;129.38;100;10518512622;B
20240529;100006;129.37;10;10518512688;S
20240529;100006;129.37;300;10518512697;S
20240529;100006;129.38;10;10518512698;B
20240529;100006;129.38;260;10518512699;B
20240529;100006;129.38;10;10518512706;B
20240529;100006;129.38;50;10518512828;B
20240529;100006;129.38;10;10518512830;B
20240529;100006;129.38;20;10518512832;B
20240529;100006;129.38;20;10518512934;B
20240529;100006;129.37;50;10518512936;S
20240529;100006;129.38;100;10518512947;B
20240529;100006;129.38;50;10518512949;B
20240529;100006;129.38;20;10518512951;B
20240529;100006;129.37;50;10518512958;S
20240529;100006;129.38;10;10518513008;B
20240529;100006;129.37;10;10518513010;S
20240529;100006;129.38;10;10518513011;B
20240529;100006;129.38;90;10518513079;B
20240529;100006;129.38;10;10518513099;B
20240529;100006;129.39;80;10518513100;B
20240529;100006;129.37;500;10518513126;S
20240529;100006;129.37;50;10518513159;S
20240529;100006;129.37;10;10518513173;S
20240529;100006;129.38;10;10518513222;B
20240529;100006;129.37;10;10518513224;S
20240529;100006;129.38;10;10518513226;B
20240529;100006;129.37;80;10518513237;S
20240529;100006;129.37;30;10518513238;S
20240529;100006;129.37;30;10518513241;S
20240529;100006;129.37;20;10518513242;S
20240529;100006;129.38;10;10518513371;B
20240529;100006;129.38;390;10518513375;B
20240529;100006;129.37;20;10518513378;S
20240529;100006;129.38;10;10518513381;B
20240529;100006;129.38;10;10518513385;B
20240529;100006;129.38;70;10518513387;B
20240529;100006;129.38;10;10518513390;B
20240529;100006;129.38;10;10518513391;B
20240529;100006;129.37;10;10518513393;S
20240529;100006;129.37;10;10518513396;S
20240529;100006;129.38;10;10518513398;B
20240529;100006;129.38;10;10518513400;B
20240529;100006;129.37;10;10518513403;S
20240529;100006;129.37;10;10518513405;S
20240529;100006;129.38;10;10518513407;B
20240529;100006;129.37;10;10518513408;S
20240529;100006;129.38;10;10518513460;B
20240529;100006;129.38;10;10518513466;B
20240529;100006;129.38;10;10518513467;B
20240529;100007;129.37;20;10518513587;S
20240529;100007;129.38;10;10518513593;B
20240529;100007;129.38;10;10518513601;B
20240529;100007;129.37;50;10518513606;S
20240529;100007;129.38;20;10518513611;B
20240529;100007;129.37;10;10518513629;S
20240529;100007;129.38;10;10518513634;B
20240529;100007;129.38;10;10518513643;B
20240529;100007;129.37;40;10518513646;S
20240529;100007;129.37;10;10518513720;S
20240529;100007;129.37;10;10518513731;S
20240529;100007;129.37;10;10518513733;S
20240529;100007;129.37;10;10518513809;S
20240529;100007;129.37;20;10518513839;S
20240529;100007;129.37;10;10518513841;S
20240529;100007;129.37;150;10518513842;S
20240529;100007;129.37;10;10518513843;S
20240529;100007;129.37;10;10518513886;S
20240529;100007;129.38;760;10518513901;B
20240529;100007;129.39;1000;10518513902;B
20240529;100007;129.39;920;10518513903;B
20240529;100007;129.39;80;10518513904;B
20240529;100007;129.39;420;10518513905;B
20240529;100007;129.4;920;10518513906;B
20240529;100007;129.4;1000;10518513907;B
20240529;100007;129.4;10;10518513908;B
20240529;100007;129.4;50;10518513909;B
20240529;100007;129.4;10;10518513910;B
20240529;100007;129.41;10;10518513911;B
20240529;100007;129.41;10;10518513919;B
20240529;100007;129.41;230;10518513920;B
20240529;100007;129.41;400;10518513922;B
20240529;100007;129.41;400;10518513929;B
20240529;100007;129.41;400;10518513931;B
20240529;100007;129.39;10;10518514036;S
20240529;100007;129.39;50;10518514084;S
20240529;100007;129.41;10;10518514086;B
20240529;100007;129.41;10;10518514095;B
20240529;100007;129.39;80;10518514105;S
20240529;100007;129.41;20;10518514106;B
20240529;100007;129.41;10;10518514107;B
20240529;100007;129.41;180;10518514275;B
20240529;100007;129.39;10;10518514279;S
20240529;100007;129.41;10;10518514473;B
20240529;100007;129.41;380;10518514484;B
20240529;100007;129.41;10;10518514494;B
20240529;100007;129.41;30;10518514503;B
20240529;100007;129.41;10;10518514519;B
20240529;100007;129.41;10;10518514521;B
20240529;100007;129.41;10;10518514529;B
20240529;100007;129.41;100;10518514537;B
20240529;100007;129.41;10;10518514542;B
20240529;100007;129.41;10;10518514547;B
20240529;100007;129.39;100;10518514560;S
20240529;100007;129.39;50;10518514566;S
20240529;100007;129.39;20;10518514648;S
20240529;100008;129.41;20;10518514685;B
20240529;100008;129.41;10;10518514695;B
20240529;100008;129.39;30;10518514698;S
20240529;100008;129.41;10;10518514705;B
20240529;100008;129.41;20;10518514706;B
20240529;100008;129.41;110;10518514710;B
20240529;100008;129.41;20;10518514711;B
20240529;100008;129.41;10;10518514716;B
20240529;100008;129.41;10;10518514720;B
20240529;100008;129.41;20;10518514722;B
20240529;100008;129.41;10;10518514730;B
20240529;100008;129.41;10;10518514808;B
20240529;100008;129.41;10;10518514817;B
20240529;100008;129.41;10;10518514826;B
20240529;100008;129.41;10;10518514831;B
20240529;100008;129.41;10;10518514836;B
20240529;100008;129.41;10;10518514839;B
20240529;100008;129.41;10;10518514846;B
20240529;100008;129.41;10;10518514848;B
20240529;100008;129.41;10;10518514911;B
20240529;100008;129.41;10;10518514917;B
20240529;100008;129.4;10;10518515115;S
20240529;100008;129.41;10;10518515131;B
20240529;100008;129.41;1380;10518515135;B
20240529;100008;129.41;10;10518515136;B
20240529;100008;129.42;1270;10518515137;B
20240529;100008;129.42;10;10518515141;B
20240529;100008;129.41;90;10518515143;B
20240529;100008;129.41;10;10518515164;B
20240529;100008;129.4;150;10518515261;S
20240529;100008;129.41;10;10518515263;B
20240529;100008;129.41;10;10518515272;B
20240529;100008;129.41;10;10518515275;B
20240529;100008;129.41;10;10518515278;B
20240529;100008;129.41;10;10518515280;B
20240529;100008;129.41;60;10518515284;B
20240529;100008;129.41;1200;10518515297;B
20240529;100008;129.41;100;10518515488;S
20240529;100008;129.41;80;10518515531;S
20240529;100008;129.41;1000;10518515533;S
20240529;100008;129.41;30;10518515535;S
20240529;100008;129.42;10;10518515537;B
20240529;100008;129.42;10;10518515539;B
20240529;100008;129.42;10;10518515553;B
20240529;100008;129.42;10;10518515554;B
20240529;100008;129.42;10;10518515711;B
20240529;100008;129.42;200;10518515724;B
20240529;100008;129.42;10;10518515725;B
20240529;100008;129.42;10;10518515731;B
20240529;100008;129.42;10;10518515799;B
20240529;100008;129.42;10;10518516029;B
20240529;100008;129.42;10;10518516033;B
20240529;100008;129.42;10;10518516034;B
20240529;100008;129.41;10;10518516036;S
20240529;100008;129.42;10;10518516037;B
20240529;100009;129.42;10;10518516141;B
20240529;100009;129.42;10;10518516182;B
20240529;100009;129.42;10;10518516259;B
20240529;100009;129.42;10;10518516304;B
20240529;100009;129.42;10;10518516305;B
20240529;100010;129.42;10;10518516565;B
20240529;100010;129.41;10;10518516603;S
20240529;100010;129.42;10;10518516669;B
20240529;100010;129.41;1100;10518516710;S
20240529;100010;129.42;50;10518516743;B
20240529;100010;129.42;30;10518516764;B
20240529;100010;129.42;200;10518516772;B
20240529;100010;129.42;390;10518516841;B
20240529;100010;129.41;100;10518516992;S
20240529;100011;129.42;10;10518517085;B
20240529;100011;129.41;70;10518517178;S
20240529;100011;129.41;1300;10518517342;S
20240529;100011;129.41;440;10518517343;S
20240529;100011;129.41;10;10518517344;S
20240529;100011;129.41;200;10518517345;S
20240529;100011;129.41;2320;10518517346;S
20240529;100011;129.4;140;10518517347;S
20240529;100011;129.39;230;10518517348;S
20240529;100011;129.39;5000;10518517349;S
20240529;100011;129.39;10;10518517350;S
20240529;100011;129.38;400;10518517351;S
20240529;100011;129.37;300;10518517352;S
20240529;100011;129.37;700;10518517353;S
20240529;100011;129.37;700;10518517354;S
20240529;100011;129.37;700;10518517355;S
20240529;100011;129.37;700;10518517356;S
20240529;100011;129.37;300;10518517357;S
20240529;100011;129.37;400;10518517358;S
20240529;100011;129.36;200;10518517359;S
20240529;100011;129.36;360;10518517360;S
20240529;100011;129.36;400;10518517361;S
20240529;100011;129.35;30;10518517457;B
20240529;100012;129.32;10;10518517492;S
20240529;100012;129.32;210;10518517493;S
20240529;100012;129.32;150;10518517522;S
20240529;100012;129.32;400;10518517523;S
20240529;100012;129.31;360;10518517524;S
20240529;100012;129.3;90;10518517525;S
20240529;100012;129.3;10;10518517801;S
20240529;100012;129.3;10;10518517808;S
20240529;100013;129.33;10;10518517923;B
20240529;100013;129.3;340;10518517942;S
20240529;100013;129.29;10;10518517943;S
20240529;100013;129.29;360;10518517944;S
20240529;100013;129.28;360;10518517945;S
20240529;100013;129.28;240;10518517946;S
20240529;100013;129.32;50;10518517956;B
20240529;100013;129.29;360;10518518048;S
20240529;100013;129.29;400;10518518049;S
20240529;100013;129.28;160;10518518050;S
20240529;100013;129.28;20;10518518051;S
20240529;100013;129.28;360;10518518052;S
20240529;100013;129.27;360;10518518053;S
20240529;100013;129.27;840;10518518054;S
20240529;100014;129.32;370;10518518110;B
20240529;100014;129.32;30;10518518223;B
20240529;100014;129.32;370;10518518224;B
20240529;100014;129.29;360;10518518226;S
20240529;100014;129.28;360;10518518227;S
20240529;100014;129.28;370;10518518228;S
20240529;100014;129.27;360;10518518229;S
20240529;100014;129.26;50;10518518230;S
20240529;100014;129.32;400;10518518240;B
20240529;100014;129.33;600;10518518241;B
20240529;100014;129.3;50;10518518292;S
20240529;100014;129.32;400;10518518429;B
20240529;100014;129.33;290;10518518430;B
20240529;100014;129.33;50;10518518431;B
20240529;100015;129.3;20;10518518493;S
20240529;100015;129.32;50;10518518587;B
20240529;100015;129.32;350;10518518589;B
20240529;100015;129.33;350;10518518590;B
20240529;100015;129.33;1050;10518518591;B
20240529;100015;129.34;400;10518518592;B
20240529;100015;129.35;350;10518518593;B
20240529;100015;129.36;5190;10518518594;B
20240529;100015;129.36;1000;10518518595;B
20240529;100015;129.39;30;10518518654;S
20240529;100016;129.4;100;10518518659;B
20240529;100016;129.41;450;10518518660;B
20240529;100016;129.41;550;10518518668;B
20240529;100016;129.41;1850;10518518702;B
20240529;100016;129.41;150;10518518709;B
20240529;100016;129.42;1700;10518518710;B
20240529;100016;129.42;950;10518518721;B
20240529;100016;129.42;10;10518518722;B
20240529;100016;129.42;40;10518518723;B
20240529;100016;129.42;150;10518518734;B
20240529;100016;129.42;310;10518518737;B
20240529;100016;129.43;10;10518518738;B
20240529;100016;129.43;10;10518518739;B
20240529;100016;129.43;670;10518518740;B
20240529;100016;129.43;150;10518518746;B
20240529;100016;129.43;1010;10518518792;B
20240529;100016;129.44;1000;10518518795;B
20240529;100016;129.44;10;10518518796;B
20240529;100016;129.43;10;10518518836;S
20240529;100016;129.43;50;10518518893;S
20240529;100016;129.43;50;10518518934;S
20240529;100016;129.43;20;10518518958;S
20240529;100017;129.43;10;10518519097;S
20240529;100017;129.43;10;10518519143;S
20240529;100017;129.43;250;10518519182;S
20240529;100017;129.43;70;10518519183;S
20240529;100017;129.43;500;10518519184;S
20240529;100017;129.43;300;10518519185;S
20240529;100017;129.42;2500;10518519186;S
20240529;100017;129.42;400;10518519187;S
20240529;100017;129.42;500;10518519188;S
20240529;100017;129.41;400;10518519189;S
20240529;100017;129.38;80;10518519190;S
20240529;100017;129.43;20;10518519271;B
20240529;100017;129.43;1930;10518519273;B
20240529;100017;129.44;5000;10518519274;B
20240529;100017;129.44;10;10518519275;B
20240529;100017;129.44;50;10518519276;B
20240529;100017;129.44;100;10518519277;B
20240529;100017;129.44;50;10518519278;B
20240529;100017;129.45;100;10518519279;B
20240529;100017;129.45;20;10518519280;B
20240529;100017;129.45;20;10518519281;B
20240529;100017;129.45;10;10518519282;B
20240529;100017;129.45;2710;10518519283;B
20240529;100017;129.43;1000;10518519286;B
20240529;100018;129.44;10;10518519400;B
20240529;100018;129.44;370;10518519435;B
20240529;100018;129.44;50;10518519450;B
20240529;100018;129.41;400;10518519486;S
20240529;100018;129.41;370;10518519487;S
20240529;100018;129.4;400;10518519488;S
20240529;100018;129.39;400;10518519489;S
20240529;100018;129.38;8430;10518519490;S
20240529;100018;129.41;200;10518519509;S
20240529;100019;129.44;760;10518519598;B
20240529;100019;129.44;490;10518519609;B
20240529;100019;129.44;490;10518519620;B
20240529;100019;129.42;10;10518519627;S
20240529;100019;129.44;10;10518519677;B
20240529;100020;129.42;10;10518520028;S
20240529;100020;129.44;470;10518520029;B
20240529;100020;129.44;20;10518520047;B
20240529;100021;129.44;1450;10518520166;B
20240529;100021;129.45;7290;10518520167;B
20240529;100021;129.45;10;10518520168;B
20240529;100021;129.45;10;10518520169;B
20240529;100021;129.45;50;10518520170;B
20240529;100021;129.45;10;10518520171;B
20240529;100021;129.46;10;10518520172;B
20240529;100021;129.46;20;10518520173;B
20240529;100021;129.46;1150;10518520174;B
20240529;100021;129.45;1530;10518520309;B
20240529;100021;129.45;1950;10518520332;B
20240529;100021;129.46;3050;10518520333;B
20240529;100021;129.42;380;10518520337;S
20240529;100021;129.41;480;10518520338;S
20240529;100022;129.42;10;10518520416;S
20240529;100022;129.45;500;10518520440;S
20240529;100022;129.46;800;10518520441;B
20240529;100022;129.46;10;10518520442;B
20240529;100022;129.47;10;10518520443;B
20240529;100022;129.47;10;10518520444;B
20240529;100022;129.47;10;10518520445;B
20240529;100022;129.47;660;10518520446;B
20240529;100023;129.46;400;10518520630;S
20240529;100023;129.45;600;10518520631;S
20240529;100023;129.47;640;10518520632;B
20240529;100023;129.47;360;10518520633;B
20240529;100023;129.45;10;10518520664;S
20240529;100023;129.47;2490;10518520715;B
20240529;100023;129.47;600;10518520716;B
20240529;100023;129.47;500;10518520717;B
20240529;100023;129.47;1050;10518520718;B
20240529;100023;129.47;10;10518520719;B
20240529;100023;129.47;100;10518520720;B
20240529;100023;129.47;20;10518520721;B
20240529;100023;129.47;10;10518520722;B
20240529;100023;129.48;210;10518520723;B
20240529;100023;129.48;1000;10518520724;B
20240529;100023;129.48;300;10518520725;B
20240529;100023;129.48;2500;10518520728;B
20240529;100023;129.48;800;10518520729;B
20240529;100023;129.48;190;10518520737;B
20240529;100023;129.48;10;10518520738;B
20240529;100023;129.48;20;10518520739;B
20240529;100024;129.48;80;10518520796;B
20240529;100024;129.47;10;10518520842;S
20240529;100024;129.46;1500;10518520843;S
20240529;100024;129.44;10;10518520844;S
20240529;100024;129.44;360;10518520845;S
20240529;100024;129.44;400;10518520846;S
20240529;100024;129.43;2000;10518520847;S
20240529;100024;129.43;360;10518520848;S
20240529;100024;129.43;400;10518520849;S
20240529;100024;129.42;360;10518520850;S
20240529;100024;129.42;400;10518520851;S
20240529;100024;129.41;360;10518520852;S
20240529;100024;129.41;960;10518520853;S
20240529;100024;129.4;360;10518520854;S
20240529;100024;129.39;360;10518520855;S
20240529;100024;129.39;160;10518520856;S
20240529;100024;129.48;400;10518520862;B
20240529;100024;129.49;1000;10518520873;B
20240529;100024;129.49;10;10518520877;B
20240529;100024;129.49;90;10518520878;B
20240529;100024;129.49;20;10518520886;B
20240529;100024;129.48;10;10518520900;S
20240529;100024;129.48;100;10518520958;S
20240529;100024;129.48;10;10518520965;S
20240529;100024;129.48;80;10518520980;S
20240529;100024;129.49;2000;10518520986;B
20240529;100025;129.48;100;10518521072;B
20240529;100025;129.48;300;10518521073;B
20240529;100025;129.48;1000;10518521074;B
20240529;100025;129.49;1000;10518521075;B
20240529;100025;129.49;300;10518521076;B
20240529;100025;129.48;300;10518521078;B
20240529;100025;129.48;100;10518521079;B
20240529;100025;129.48;700;10518521080;B
20240529;100025;129.48;200;10518521081;B
20240529;100025;129.48;100;10518521082;B
20240529;100025;129.48;100;10518521083;B
20240529;100025;129.48;200;10518521084;B
20240529;100025;129.48;70;10518521098;B
20240529;100025;129.47;10;10518521109;S
20240529;100025;129.48;30;10518521142;B
20240529;100025;129.49;1590;10518521143;B
20240529;100025;129.49;10;10518521144;B
20240529;100025;129.49;6000;10518521145;B
20240529;100025;129.49;10;10518521146;B
20240529;100025;129.49;10;10518521147;B
20240529;100025;129.49;350;10518521148;B
20240529;100025;129.47;290;10518521161;S
20240529;100025;129.45;960;10518521162;S
20240529;100025;129.45;400;10518521163;S
20240529;100025;129.44;350;10518521164;S
20240529;100025;129.48;100;10518521195;S
20240529;100025;129.47;2500;10518521196;S
20240529;100025;129.46;400;10518521197;S
20240529;100025;129.46;1410;10518521198;S
20240529;100025;129.45;400;10518521199;S
20240529;100025;129.45;250;10518521200;S
20240529;100025;129.48;10;10518521282;B
20240529;100025;129.5;30;10518521283;B
20240529;100025;129.5;50;10518521284;B
20240529;100025;129.5;20;10518521285;B
20240529;100026;129.5;50;10518521310;B
20240529;100026;129.5;30;10518521313;B
20240529;100026;129.46;10;10518521314;S
20240529;100026;129.5;30;10518521470;B
20240529;100026;129.46;390;10518521477;S
20240529;100026;129.46;710;10518521478;S
20240529;100026;129.46;700;10518521481;S
20240529;100026;129.46;10;10518521513;B
20240529;100026;129.45;10;10518521514;S
20240529;100026;129.45;10;10518521552;S
20240529;100027;129.46;10;10518521622;B
20240529;100027;129.46;10;10518521676;B
20240529;100027;129.46;70;10518521791;B
20240529;100027;129.45;10;10518521794;S
20240529;100027;129.46;600;10518521797;B
20240529;100027;129.46;100;10518521798;B
20240529;100027;129.46;300;10518521799;B
20240529;100028;129.46;20;10518521872;B
20240529;100028;129.46;180;10518521874;B
20240529;100028;129.46;100;10518521875;B
20240529;100028;129.47;1010;10518521876;B
20240529;100028;129.47;80;10518521926;B
20240529;100028;129.45;100;10518521983;S
20240529;100028;129.46;100;10518522003;B
20240529;100028;129.48;500;10518522004;B
20240529;100028;129.49;670;10518522005;B
20240529;100028;129.5;370;10518522006;B
20240529;100028;129.5;10;10518522007;B
20240529;100028;129.5;2000;10518522008;B
20240529;100028;129.5;200;10518522009;B
20240529;100028;129.5;10;10518522010;B
20240529;100028;129.5;10;10518522011;B
20240529;100028;129.5;100;10518522012;B
20240529;100028;129.5;230;10518522013;B
20240529;100028;129.5;10;10518522014;B
20240529;100028;129.5;100;10518522015;B
20240529;100028;129.5;10;10518522016;B
20240529;100028;129.5;680;10518522017;B
20240529;100028;129.46;10;10518522040;S
20240529;100029;129.47;200;10518522046;B
20240529;100029;129.47;200;10518522047;B
20240529;100029;129.5;320;10518522048;B
20240529;100029;129.5;280;10518522049;B
20240529;100029;129.5;20;10518522125;B
20240529;100029;129.5;100;10518522163;B
20240529;100029;129.5;100;10518522164;B
20240529;100029;129.5;10;10518522165;B
20240529;100029;129.5;50;10518522166;B
20240529;100029;129.5;40;10518522167;B
20240529;100029;129.46;1500;10518522201;S
20240529;100030;129.5;50;10518522370;B
20240529;100030;129.48;10;10518522391;S
20240529;100030;129.46;240;10518522392;S
20240529;100030;129.46;260;10518522395;S
20240529;100030;129.45;1620;10518522396;S
20240529;100030;129.45;10;10518522397;S
20240529;100030;129.45;2500;10518522398;S
20240529;100030;129.43;10;10518522399;S
20240529;100030;129.43;360;10518522400;S
20240529;100030;129.43;400;10518522401;S
20240529;100030;129.43;1830;10518522402;S
20240529;100030;129.42;360;10518522403;S
20240529;100030;129.42;1350;10518522404;S
20240529;100030;129.42;10;10518522405;S
20240529;100030;129.42;400;10518522406;S
20240529;100030;129.41;360;10518522407;S
20240529;100030;129.41;400;10518522408;S
20240529;100030;129.4;360;10518522409;S
20240529;100030;129.4;1070;10518522410;S
20240529;100030;129.4;960;10518522411;S
20240529;100030;129.4;2200;10518522412;B
20240529;100030;129.4;300;10518522413;B
20240529;100030;129.4;2500;10518522414;B
20240529;100030;129.39;360;10518522415;S
20240529;100030;129.39;840;10518522416;S
20240529;100030;129.39;50;10518522502;S
20240529;100030;129.39;350;10518522544;S
20240529;100030;129.39;110;10518522545;S
20240529;100031;129.4;2460;10518522706;B
20240529;100031;129.4;280;10518522707;B
20240529;100031;129.4;10;10518522708;B
20240529;100031;129.44;1000;10518522710;B
20240529;100031;129.44;1500;10518522711;B
20240529;100031;129.44;1000;10518522712;B
20240529;100031;129.44;1000;10518522713;B
20240529;100031;129.5;910;10518522715;B
20240529;100031;129.5;10;10518522716;B
20240529;100031;129.5;80;10518522717;B
20240529;100031;129.5;1000;10518522718;B
20240529;100031;129.5;270;10518522719;B
20240529;100031;129.5;10;10518522720;B
20240529;100031;129.5;50;10518522721;B
20240529;100031;129.5;100;10518522722;B
20240529;100031;129.5;10;10518522723;B
20240529;100031;129.5;10;10518522724;B
20240529;100031;129.5;550;10518522725;B
20240529;100031;129.5;300;10518522726;B
20240529;100031;129.51;10;10518522727;B
20240529;100031;129.51;10;10518522728;B
20240529;100031;129.52;10;10518522729;B
20240529;100031;129.52;990;10518522730;B
20240529;100031;129.52;10;10518522731;B
20240529;100031;129.52;250;10518522732;B
20240529;100031;129.53;100;10518522733;B
20240529;100031;129.53;20;10518522734;B
20240529;100031;129.53;630;10518522735;B
20240529;100031;129.53;500;10518522736;B
20240529;100031;129.53;400;10518522737;B
20240529;100031;129.53;100;10518522738;B
20240529;100031;129.53;1000;10518522739;B
20240529;100031;129.53;1000;10518522740;B
20240529;100031;129.53;1000;10518522741;B
20240529;100031;129.53;370;10518522742;B
20240529;100031;129.53;10;10518522743;B
20240529;100031;129.53;80;10518522744;B
20240529;100031;129.53;210;10518522745;S
20240529;100031;129.53;990;10518522746;S
20240529;100031;129.54;400;10518522747;B
20240529;100031;129.53;10;10518522748;S
20240529;100031;129.53;400;10518522749;S
20240529;100031;129.53;790;10518522750;S
20240529;100031;129.53;100;10518522774;S
20240529;100031;129.53;10;10518522791;S
20240529;100031;129.53;100;10518522879;S
20240529;100031;129.53;900;10518522880;S
20240529;100032;129.54;1150;10518522881;B
20240529;100032;129.54;200;10518522882;B
20240529;100032;129.54;2480;10518522883;B
20240529;100032;129.54;770;10518522884;B
20240529;100032;129.55;10;10518522892;B
20240529;100032;129.55;10;10518522893;B
20240529;100032;129.55;200;10518522894;B
20240529;100032;129.56;1000;10518522895;B
20240529;100032;129.55;10;10518522959;S
20240529;100032;129.55;10;10518522995;S
20240529;100032;129.56;200;10518523001;B
20240529;100032;129.55;760;10518523017;S
20240529;100032;129.55;240;10518523018;S
20240529;100032;129.55;10;10518523020;S
20240529;100032;129.55;120;10518523046;S
20240529;100032;129.55;10;10518523052;S
20240529;100032;129.55;620;10518523063;S
20240529;100032;129.55;1000;10518523064;S
20240529;100032;129.55;1000;10518523065;S
20240529;100032;129.55;1000;10518523066;S
20240529;100032;129.55;1000;10518523067;S
20240529;100032;129.55;3000;10518523068;S
20240529;100032;129.55;1000;10518523069;S
20240529;100032;129.55;1000;10518523070;S
20240529;100032;129.55;1000;10518523071;S
20240529;100032;129.55;1000;10518523072;S
20240529;100032;129.55;1000;10518523073;S
20240529;100032;129.55;1000;10518523074;S
20240529;100032;129.55;1000;10518523075;S
20240529;100032;129.55;2000;10518523076;S
20240529;100032;129.55;1000;10518523077;S
20240529;100032;129.55;200;10518523078;S
20240529;100032;129.54;230;10518523079;S
20240529;100032;129.54;1000;10518523080;S
20240529;100032;129.54;950;10518523081;S
20240529;100032;129.55;300;10518523134;B
20240529;100033;129.55;100;10518523138;B
20240529;100033;129.55;50;10518523139;B
20240529;100033;129.55;10;10518523140;B
20240529;100033;129.55;840;10518523141;S
20240529;100033;129.55;1000;10518523142;B
20240529;100033;129.55;360;10518523143;B
20240529;100033;129.55;400;10518523144;B
20240529;100033;129.56;1000;10518523145;B
20240529;100033;129.56;160;10518523203;B
20240529;100033;129.55;240;10518523216;S
20240529;100033;129.55;330;10518523217;S
20240529;100033;129.55;10;10518523329;S
20240529;100033;129.55;10;10518523336;S
20240529;100033;129.55;650;10518523337;S
20240529;100033;129.54;80;10518523338;S
20240529;100034;129.55;50;10518523349;B
20240529;100034;129.55;10;10518523421;B
20240529;100034;129.54;1000;10518523427;S
20240529;100034;129.55;340;10518523539;B
20240529;100034;129.55;60;10518523540;B
20240529;100034;129.56;2640;10518523541;B
20240529;100034;129.56;960;10518523542;B
20240529;100034;129.56;400;10518523543;B
20240529;100034;129.57;2600;10518523544;B
20240529;100034;129.56;400;10518523575;B
20240529;100034;129.56;600;10518523576;B
20240529;100035;129.54;20;10518523626;S
20240529;100035;129.54;10;10518523653;S
20240529;100035;129.54;1390;10518523694;S
20240529;100035;129.54;10;10518523695;S
20240529;100035;129.53;300;10518523696;S
20240529;100035;129.53;1200;10518523697;S
20240529;100035;129.53;300;10518523698;S
20240529;100035;129.5;200;10518523699;S
20240529;100035;129.49;360;10518523700;S
20240529;100035;129.49;30;10518523703;B
20240529;100035;129.49;10;10518523735;B
20240529;100035;129.49;20;10518523772;B
20240529;100036;129.48;10;10518523872;S
20240529;100036;129.48;490;10518523929;S
20240529;100036;129.48;10;10518523930;S
20240529;100036;129.47;10;10518523931;S
20240529;100036;129.46;360;10518523932;S
20240529;100036;129.45;360;10518523933;S
20240529;100036;129.45;20;10518523934;S
20240529;100036;129.44;110;10518523935;S
20240529;100036;129.44;360;10518523968;S
20240529;100036;129.43;640;10518523969;S
20240529;100037;129.44;300;10518524051;S
20240529;100037;129.44;10;10518524060;S
20240529;100037;129.44;10;10518524086;S
20240529;100037;129.45;50;10518524087;B
20240529;100037;129.46;360;10518524140;S
20240529;100038;129.45;10;10518524357;S
20240529;100038;129.46;50;10518524368;B
20240529;100038;129.46;700;10518524383;B
20240529;100038;129.46;90;10518524396;B
20240529;100038;129.47;10;10518524397;B
20240529;100038;129.48;150;10518524410;B
20240529;100039;129.48;150;10518524419;B
20240529;100039;129.48;100;10518524489;B
20240529;100039;129.48;1950;10518524490;B
20240529;100039;129.49;3190;10518524491;B
20240529;100039;129.49;400;10518524492;B
20240529;100039;129.5;400;10518524493;B
20240529;100039;129.5;4000;10518524494;B
20240529;100039;129.5;10000;10518524495;B
20240529;100039;129.52;960;10518524496;B
20240529;100039;129.53;1000;10518524497;B
20240529;100039;129.54;1000;10518524498;B
20240529;100039;129.54;500;10518524499;B
20240529;100039;129.55;1000;10518524500;B
20240529;100039;129.55;100;10518524501;B
20240529;100039;129.55;630;10518524502;B
20240529;100039;129.56;1000;10518524503;B
20240529;100039;129.56;370;10518524504;B
20240529;100039;129.5;150;10518524553;S
20240529;100039;129.5;100;10518524570;S
20240529;100039;129.5;10;10518524586;S
20240529;100040;129.5;30;10518524655;S
20240529;100040;129.49;2500;10518524656;S
20240529;100040;129.49;10;10518524657;S
20240529;100040;129.46;360;10518524658;S
20240529;100040;129.46;1000;10518524659;S
20240529;100040;129.46;1100;10518524660;S
20240529;100040;129.45;190;10518524701;S
20240529;100040;129.52;10;10518524765;B
20240529;100040;129.45;10;10518524769;S
20240529;100041;129.52;130;10518524861;B
20240529;100041;129.45;160;10518524878;S
20240529;100041;129.45;50;10518524879;S
20240529;100041;129.45;240;10518524880;S
20240529;100041;129.48;400;10518524882;B
20240529;100041;129.49;300;10518524883;B
20240529;100041;129.49;400;10518524884;B
20240529;100041;129.5;400;10518524885;B
20240529;100041;129.5;1000;10518524886;B
20240529;100041;129.51;300;10518524887;B
20240529;100041;129.45;10;10518524938;S
20240529;100041;129.5;50;10518524994;B
20240529;100042;129.5;10;10518525030;B
20240529;100042;129.45;10;10518525064;S
20240529;100042;129.45;340;10518525073;S
20240529;100042;129.45;160;10518525074;S
20240529;100042;129.45;30;10518525076;S
20240529;100042;129.5;40;10518525109;B
20240529;100042;129.5;1000;10518525110;B
20240529;100042;129.51;400;10518525111;B
20240529;100042;129.52;470;10518525112;B
20240529;100042;129.45;10;10518525150;S
20240529;100043;129.45;30;10518525200;S
20240529;100043;129.45;10;10518525276;S
20240529;100044;129.45;10;10518525348;S
20240529;100044;129.45;150;10518525416;S
20240529;100044;129.45;350;10518525417;S
20240529;100044;129.45;10;10518525437;S
20240529;100044;129.45;370;10518525524;S
20240529;100044;129.44;130;10518525525;S
20240529;100044;129.46;740;10518525587;B
20240529;100044;129.46;20;10518525598;B
20240529;100045;129.44;10;10518525642;S
20240529;100045;129.46;240;10518525656;B
20240529;100045;129.47;1000;10518525657;B
20240529;100045;129.49;10;10518525659;S
20240529;100045;129.5;10;10518525709;B
20240529;100045;129.53;1000;10518525710;B
20240529;100045;129.52;30;10518525712;S
20240529;100045;129.52;10;10518525733;S
20240529;100046;129.52;360;10518525879;S
20240529;100046;129.52;1500;10518525880;S
20240529;100046;129.51;140;10518525881;S
20240529;100046;129.53;2500;10518525924;B
20240529;100046;129.53;500;10518525945;B
20240529;100046;129.52;10;10518525970;S
20240529;100046;129.52;290;10518525984;S
20240529;100046;129.51;410;10518525985;S
20240529;100047;129.53;10;10518526213;B
20240529;100047;129.53;100;10518526214;B
20240529;100047;129.52;30;10518526242;S
20240529;100048;129.53;10;10518526263;B
20240529;100048;129.53;10;10518526384;B
20240529;100048;129.52;270;10518526478;S
20240529;100048;129.51;40;10518526479;S
20240529;100048;129.53;340;10518526538;B
20240529;100048;129.51;100;10518526543;S
20240529;100049;129.51;300;10518526645;S
20240529;100049;129.5;200;10518526646;S
20240529;100049;129.5;10;10518526745;S
20240529;100049;129.53;10;10518526826;B
20240529;100049;129.5;50;10518526832;S
20240529;100049;129.53;520;10518526846;B
20240529;100049;129.53;400;10518526847;B
20240529;100049;129.54;80;10518526848;B
20240529;100049;129.5;40;10518526878;S
20240529;100049;129.5;720;10518526879;S
20240529;100049;129.5;100;10518526886;S
20240529;100050;129.5;300;10518526955;S
20240529;100050;129.5;400;10518526994;S
20240529;100050;129.49;4600;10518526995;S
20240529;100051;129.53;70;10518527150;B
20240529;100051;129.49;10;10518527189;S
20240529;100051;129.49;300;10518527194;S
20240529;100051;129.49;400;10518527385;S
20240529;100051;129.49;40;10518527411;S
20240529;100051;129.49;10;10518527412;S
20240529;100052;129.52;200;10518527495;B
20240529;100052;129.49;1000;10518527579;S
20240529;100052;129.52;200;10518527595;B
20240529;100052;129.52;80;10518527596;B
20240529;100052;129.52;480;10518527597;B
20240529;100052;129.53;20;10518527635;B
20240529;100052;129.5;30;10518527669;S
20240529;100053;129.5;10;10518527710;S
20240529;100053;129.5;100;10518527715;S
20240529;100053;129.5;300;10518527818;S
20240529;100053;129.5;100;10518527857;S
20240529;100053;129.51;10;10518527884;B
20240529;100053;129.52;20;10518527885;B
20240529;100053;129.52;20;10518527886;B
20240529;100054;129.52;10;10518528232;B
20240529;100054;129.52;10;10518528233;B
20240529;100054;129.52;50;10518528246;B
20240529;100055;129.52;10;10518528344;B
20240529;100055;129.51;10;10518528354;S
20240529;100055;129.51;20;10518528372;S
20240529;100055;129.5;30;10518528373;S
20240529;100055;129.5;10;10518528374;S
20240529;100055;129.5;10;10518528375;S
20240529;100055;129.5;430;10518528480;B
20240529;100055;129.52;730;10518528481;B
20240529;100055;129.54;170;10518528482;B
20240529;100055;129.54;1950;10518528483;B
20240529;100055;129.54;400;10518528484;B
20240529;100055;129.55;1320;10518528485;B
20240529;100056;129.51;40;10518528677;B
20240529;100056;129.51;10;10518528752;B
20240529;100056;129.53;10;10518528753;B
20240529;100057;129.5;300;10518528823;S
20240529;100057;129.5;100;10518528826;S
20240529;100057;129.5;10;10518528827;S
20240529;100057;129.49;140;10518528828;S
20240529;100057;129.51;10;10518528843;B
20240529;100057;129.53;90;10518528844;B
20240529;100057;129.53;10;10518528935;B
20240529;100057;129.53;890;10518528945;B
20240529;100057;129.53;200;10518528946;B
20240529;100057;129.53;400;10518528947;B
20240529;100057;129.54;1950;10518528948;B
20240529;100057;129.54;10;10518528949;B
20240529;100057;129.54;400;10518528950;B
20240529;100057;129.55;3320;10518528951;B
20240529;100058;129.52;10;10518528976;S
20240529;100058;129.5;250;10518528986;S
20240529;100058;129.5;60;10518528998;S
20240529;100058;129.51;400;10518529098;S
20240529;100058;129.5;1100;10518529099;S
20240529;100058;129.52;10;10518529101;B
20240529;100058;129.52;10;10518529112;B
20240529;100059;129.5;250;10518529148;S
20240529;100059;129.5;1780;10518529156;S
20240529;100059;129.5;400;10518529157;S
20240529;100059;129.49;820;10518529158;S
20240529;100059;129.53;10;10518529163;B
20240529;100059;129.53;400;10518529164;B
20240529;100059;129.54;100;10518529165;B
20240529;100059;129.54;400;10518529166;B
20240529;100059;129.54;90;10518529167;B
20240529;100059;129.49;780;10518529249;S
20240529;100059;129.49;10;10518529400;S
20240529;100059;129.49;10;10518529403;S
20240529;100100;129.52;20;10518529430;B
20240529;100100;129.53;180;10518529431;B
20240529;100100;129.53;100;10518529432;B
20240529;100100;129.53;120;10518529433;B
20240529;100100;129.54;500;10518529434;B
20240529;100100;129.54;30;10518529435;B
20240529;100100;129.54;270;10518529436;B
20240529;100100;129.54;130;10518529437;B
20240529;100100;129.54;40;10518529446;S
20240529;100100;129.55;20;10518529449;B
20240529;100100;129.54;10;10518529451;S
20240529;100100;129.54;20;10518529455;S
20240529;100100;129.54;30;10518529456;S
20240529;100100;129.54;20;10518529489;S
20240529;100100;129.54;10;10518529492;S
20240529;100100;129.54;50;10518529504;S
20240529;100100;129.54;60;10518529640;S
20240529;100100;129.54;10;10518529679;S
20240529;100101;129.54;300;10518529691;B
20240529;100101;129.54;20;10518529692;B
20240529;100101;129.55;1340;10518529734;B
20240529;100101;129.55;130;10518529735;B
20240529;100101;129.56;180;10518529736;B
20240529;100101;129.57;20420;10518529737;B
20240529;100101;129.57;5000;10518529738;B
20240529;100101;129.57;200;10518529739;B
20240529;100101;129.57;500;10518529740;B
20240529;100101;129.58;10;10518529741;B
20240529;100101;129.58;10;10518529742;B
20240529;100101;129.58;5000;10518529743;B
20240529;100101;129.59;10;10518529744;B
20240529;100101;129.59;5000;10518529745;B
20240529;100101;129.59;100;10518529746;B
20240529;100101;129.59;960;10518529747;B
20240529;100101;129.6;100;10518529748;B
20240529;100101;129.6;500;10518529749;B
20240529;100101;129.6;50;10518529750;B
20240529;100101;129.6;10;10518529751;B
20240529;100101;129.6;10;10518529752;B
20240529;100101;129.6;15000;10518529753;B
20240529;100101;129.61;500;10518529754;B
20240529;100101;129.61;8000;10518529755;B
20240529;100101;129.62;10;10518529756;B
20240529;100101;129.62;10;10518529757;B
20240529;100101;129.62;1000;10518529758;B
20240529;100101;129.62;360;10518529759;B
20240529;100101;129.63;1000;10518529760;B
20240529;100101;129.63;360;10518529761;B
20240529;100101;129.64;1000;10518529762;B
20240529;100101;129.64;360;10518529763;B
20240529;100101;129.64;500;10518529764;B
20240529;100101;129.65;100;10518529765;B
20240529;100101;129.65;360;10518529766;B
20240529;100101;129.65;1000;10518529767;B
20240529;100101;129.65;100;10518529768;B
20240529;100101;129.65;1600;10518529769;B
20240529;100101;129.66;20;10518529770;B
20240529;100101;129.66;100;10518529771;B
20240529;100101;129.66;360;10518529772;B
20240529;100101;129.66;10;10518529773;B
20240529;100101;129.66;1000;10518529774;B
20240529;100101;129.66;1350;10518529775;B
20240529;100101;129.67;100;10518529776;B
20240529;100101;129.67;20;10518529777;B
20240529;100101;129.67;1000;10518529778;B
20240529;100101;129.67;360;10518529779;B
20240529;100101;129.67;500;10518529780;B
20240529;100101;129.68;1000;10518529781;B
20240529;100101;129.68;360;10518529782;B
20240529;100101;129.69;1000;10518529783;B
20240529;100101;129.69;10;10518529784;B
20240529;100101;129.69;10;10518529785;B
20240529;100101;129.69;500;10518529786;B
20240529;100101;129.69;1000;10518529787;B
20240529;100101;129.69;360;10518529788;B
20240529;100101;129.7;220;10518529789;B
20240529;100101;129.7;20;10518529790;B
20240529;100101;129.7;10;10518529791;B
20240529;100101;129.7;20;10518529792;B
20240529;100101;129.7;1000;10518529793;B
20240529;100101;129.7;360;10518529794;B
20240529;100101;129.71;500;10518529795;B
20240529;100101;129.71;1000;10518529796;B
20240529;100101;129.71;360;10518529797;B
20240529;100101;129.72;1000;10518529798;B
20240529;100101;129.73;3000;10518529799;B
20240529;100101;129.73;10;10518529800;B
20240529;100101;129.73;1000;10518529801;B
20240529;100101;129.74;50;10518529802;B
20240529;100101;129.74;500;10518529803;B
20240529;100101;129.74;310;10518529804;B
20240529;100101;129.75;200;10518529805;B
20240529;100101;129.75;50;10518529806;B
20240529;100101;129.75;10;10518529807;B
20240529;100101;129.75;10;10518529808;B
20240529;100101;129.75;10;10518529809;B
20240529;100101;129.75;2000;10518529810;B
20240529;100101;129.75;10;10518529811;B
20240529;100101;129.75;500;10518529812;B
20240529;100101;129.75;1000;10518529813;B
20240529;100101;129.75;10;10518529814;B
20240529;100101;129.77;500;10518529815;B
20240529;100101;129.77;10;10518529816;B
20240529;100101;129.78;10;10518529817;B
20240529;100101;129.78;20;10518529818;B
20240529;100101;129.78;10;10518529819;B
20240529;100101;129.79;30;10518529820;B
20240529;100101;129.79;10;10518529821;B
20240529;100101;129.79;10;10518529822;B
20240529;100101;129.79;1000;10518529823;B
20240529;100101;129.79;500;10518529824;B
20240529;100101;129.79;20;10518529825;B
20240529;100101;129.8;200;10518529826;B
20240529;100101;129.8;10;10518529827;B
20240529;100101;129.8;10;10518529828;B
20240529;100101;129.81;10;10518529829;B
20240529;100101;129.81;4640;10518529830;B
20240529;100101;129.76;260;10518529833;B
20240529;100101;129.78;10;10518529834;B
20240529;100101;129.79;1000;10518529856;S
20240529;100101;129.79;1000;10518529857;S
20240529;100101;129.78;410;10518529858;S
20240529;100101;129.77;40;10518529890;S
20240529;100101;129.72;60;10518529891;S
20240529;100101;129.72;340;10518529892;S
20240529;100101;129.72;960;10518529893;S
20240529;100101;129.71;400;10518529894;S
20240529;100101;129.71;30;10518529895;S
20240529;100101;129.7;400;10518529896;S
20240529;100101;129.66;10;10518529898;S
20240529;100101;129.69;400;10518529904;B
20240529;100101;129.7;1200;10518529905;B
20240529;100101;129.61;90;10518529929;S
20240529;100101;129.63;10;10518529964;S
20240529;100101;129.63;20;10518530006;S
20240529;100101;129.65;20;10518530010;S
20240529;100101;129.65;380;10518530061;S
20240529;100101;129.65;300;10518530062;S
20240529;100101;129.64;20;10518530063;S
20240529;100101;129.64;50;10518530064;S
20240529;100101;129.65;80;10518530085;S
20240529;100102;129.66;500;10518530100;B
20240529;100102;129.66;70;10518530101;B
20240529;100102;129.67;40;10518530102;S
20240529;100102;129.67;360;10518530115;S
20240529;100102;129.66;130;10518530116;S
20240529;100102;129.66;380;10518530117;S
20240529;100102;129.66;400;10518530118;S
20240529;100102;129.65;320;10518530119;S
20240529;100102;129.65;80;10518530120;S
20240529;100102;129.64;1000;10518530121;S
20240529;100102;129.63;1000;10518530122;S
20240529;100102;129.63;360;10518530123;S
20240529;100102;129.63;5970;10518530124;S
20240529;100102;129.63;30;10518530125;S
20240529;100102;129.63;470;10518530126;S
20240529;100102;129.64;10;10518530154;S
20240529;100102;129.64;50;10518530167;S
20240529;100102;129.65;50;10518530189;S
20240529;100102;129.65;10;10518530200;S
20240529;100102;129.65;50;10518530211;S
20240529;100102;129.65;250;10518530226;S
20240529;100102;129.66;60;10518530232;B
20240529;100102;129.67;10;10518530233;B
20240529;100102;129.69;200;10518530234;B
20240529;100102;129.7;1670;10518530235;B
20240529;100102;129.7;10;10518530236;B
20240529;100102;129.71;340;10518530237;B
20240529;100102;129.74;90;10518530238;S
20240529;100102;129.74;10;10518530274;S
20240529;100102;129.74;50;10518530285;S
20240529;100102;129.75;10;10518530287;B
20240529;100102;129.75;20;10518530288;B
20240529;100102;129.75;400;10518530289;B
20240529;100102;129.76;70;10518530290;B
20240529;100102;129.74;10;10518530296;S
20240529;100103;129.74;10;10518530325;S
20240529;100103;129.74;40;10518530334;S
20240529;100103;129.74;10;10518530370;S
20240529;100103;129.75;20;10518530401;B
20240529;100103;129.74;10;10518530402;S
20240529;100104;129.74;10;10518530552;S
20240529;100104;129.74;530;10518530586;S
20240529;100104;129.74;470;10518530587;S
20240529;100104;129.74;1000;10518530589;S
20240529;100104;129.75;10;10518530669;B
20240529;100104;129.75;10;10518530677;B
20240529;100104;129.74;30;10518530682;S
20240529;100104;129.74;70;10518530683;S
20240529;100105;129.75;10;10518530700;B
20240529;100105;129.75;400;10518530701;B
20240529;100105;129.75;380;10518530702;B
20240529;100105;129.75;50;10518530703;B
20240529;100105;129.76;400;10518530704;B
20240529;100105;129.77;400;10518530705;B
20240529;100105;129.79;10;10518530706;B
20240529;100105;129.79;20;10518530707;B
20240529;100105;129.8;360;10518530708;B
20240529;100105;129.8;1000;10518530709;B
20240529;100105;129.8;10;10518530710;B
20240529;100105;129.8;50;10518530711;B
20240529;100105;129.81;1000;10518530712;B
20240529;100105;129.81;360;10518530713;B
20240529;100105;129.81;340;10518530714;B
20240529;100105;129.82;210;10518530715;B
20240529;100105;129.74;10;10518530716;S
20240529;100105;129.81;50;10518530743;B
20240529;100105;129.74;190;10518530784;S
20240529;100105;129.79;80;10518530804;B
20240529;100106;129.74;30;10518530946;S
20240529;100106;129.74;300;10518530947;S
20240529;100106;129.74;130;10518530948;S
20240529;100106;129.74;10;10518530997;S
20240529;100106;129.74;880;10518531037;S
20240529;100106;129.73;120;10518531038;S
20240529;100106;129.7;10;10518531040;S
20240529;100106;129.69;10;10518531041;S
20240529;100107;129.74;30;10518531271;B
20240529;100107;129.74;400;10518531272;B
20240529;100107;129.74;380;10518531273;B
20240529;100107;129.74;50;10518531274;B
20240529;100107;129.75;400;10518531275;B
20240529;100107;129.76;350;10518531276;B
20240529;100107;129.71;400;10518531277;S
20240529;100107;129.7;70;10518531278;S
20240529;100108;129.77;8000;10518531385;B
20240529;100108;129.78;380;10518531386;B
20240529;100108;129.81;360;10518531387;B
20240529;100108;129.81;50;10518531388;B
20240529;100108;129.81;20;10518531389;B
20240529;100108;129.82;530;10518531390;B
20240529;100108;129.82;10;10518531391;B
20240529;100108;129.82;1000;10518531392;B
20240529;100108;129.82;10;10518531393;B
20240529;100108;129.75;400;10518531394;S
20240529;100108;129.74;960;10518531395;S
20240529;100108;129.74;400;10518531396;S
20240529;100108;129.73;400;10518531397;S
20240529;100108;129.73;380;10518531398;S
20240529;100108;129.72;1000;10518531399;S
20240529;100108;129.71;1000;10518531400;S
20240529;100108;129.7;1000;10518531401;S
20240529;100108;129.7;360;10518531402;S
20240529;100108;129.7;2450;10518531403;B
20240529;100108;129.7;300;10518531548;B
20240529;100108;129.7;700;10518531549;B
20240529;100109;129.69;20;10518531607;S
20240529;100109;129.69;50;10518531629;S
20240529;100109;129.69;330;10518531677;S
20240529;100109;129.69;1000;10518531678;S
20240529;100109;129.69;360;10518531679;S
20240529;100109;129.69;2500;10518531680;S
20240529;100109;129.69;810;10518531681;S
20240529;100109;129.7;200;10518531687;B
20240529;100109;129.7;10;10518531694;B
20240529;100109;129.69;60;10518531722;S
20240529;100110;129.7;50;10518531824;B
20240529;100110;129.69;1000;10518531834;S
20240529;100110;129.69;20;10518531889;S
20240529;100110;129.69;50;10518531919;S
20240529;100110;129.69;370;10518531941;S
20240529;100110;129.69;400;10518531942;S
20240529;100110;129.69;230;10518531943;S
20240529;100111;129.69;500;10518532043;S
20240529;100112;129.69;10;10518532252;S
20240529;100112;129.69;30;10518532329;S
20240529;100113;129.7;30;10518532394;B
20240529;100113;129.7;360;10518532418;B
20240529;100113;129.7;50;10518532419;B
20240529;100113;129.7;370;10518532420;B
20240529;100113;129.69;10;10518532446;S
20240529;100113;129.69;50;10518532449;S
20240529;100113;129.69;50;10518532450;S
20240529;100113;129.7;60;10518532467;B
20240529;100113;129.69;1260;10518532492;S
20240529;100113;129.69;5000;10518532493;S
20240529;100113;129.67;360;10518532494;S
20240529;100113;129.67;30;10518532495;S
20240529;100113;129.66;1000;10518532496;S
20240529;100113;129.66;360;10518532497;S
20240529;100113;129.65;1000;10518532498;S
20240529;100113;129.65;360;10518532499;S
20240529;100113;129.64;940;10518532500;S
20240529;100113;129.64;360;10518532501;S
20240529;100113;129.63;1000;10518532502;S
20240529;100113;129.63;360;10518532503;S
20240529;100113;129.62;1000;10518532504;S
20240529;100113;129.62;360;10518532505;S
20240529;100113;129.62;8000;10518532506;S
20240529;100113;129.62;2000;10518532507;S
20240529;100113;129.61;910;10518532508;S
20240529;100113;129.61;1340;10518532509;S
20240529;100113;129.61;360;10518532510;S
20240529;100113;129.61;960;10518532511;S
20240529;100113;129.6;1000;10518532512;S
20240529;100113;129.6;360;10518532513;S
20240529;100113;129.6;400;10518532514;S
20240529;100113;129.59;1000;10518532515;S
20240529;100113;129.59;20;10518532516;S
20240529;100113;129.59;360;10518532517;S
20240529;100113;129.59;400;10518532518;S
20240529;100113;129.58;1000;10518532519;S
20240529;100113;129.58;360;10518532520;S
20240529;100113;129.58;400;10518532521;S
20240529;100113;129.58;400;10518532522;S
20240529;100113;129.58;1600;10518532523;S
20240529;100113;129.57;1000;10518532524;S
20240529;100113;129.56;1000;10518532525;S
20240529;100113;129.56;500;10518532526;S
20240529;100113;129.55;1360;10518532527;S
20240529;100113;129.55;1000;10518532528;S
20240529;100113;129.54;100;10518532529;S
20240529;100113;129.53;20;10518532530;S
20240529;100113;129.52;400;10518532531;S
20240529;100113;129.52;1960;10518532532;S
20240529;100113;129.51;16000;10518532533;S
20240529;100113;129.51;40;10518532534;S
20240529;100113;129.5;38500;10518532535;S
20240529;100113;129.5;25000;10518532536;S
20240529;100113;129.5;50;10518532537;S
20240529;100113;129.5;80;10518532538;S
20240529;100113;129.5;5000;10518532539;S
20240529;100113;129.49;2630;10518532540;S
20240529;100113;129.49;10;10518532541;S
20240529;100113;129.49;600;10518532542;S
20240529;100113;129.48;50;10518532543;S
20240529;100113;129.47;500;10518532544;S
20240529;100113;129.46;100;10518532545;S
20240529;100113;129.45;10;10518532546;S
20240529;100113;129.45;50;10518532547;S
20240529;100113;129.4;20;10518532548;S
20240529;100113;129.38;13860;10518532549;S
20240529;100113;129.38;10;10518532550;S
20240529;100113;129.34;100;10518532551;S
20240529;100113;129.33;10;10518532552;S
20240529;100113;129.29;7730;10518532553;S
20240529;100113;129.28;10;10518532554;S
20240529;100113;129.23;500;10518532555;S
20240529;100113;129.22;7730;10518532556;S
20240529;100113;129.22;7730;10518532557;S
20240529;100113;129.2;200;10518532558;S
20240529;100113;129.16;10;10518532559;S
20240529;100113;129.16;2050;10518532560;S
20240529;100113;129.11;500;10518532561;S
20240529;100113;129.09;500;10518532562;S
20240529;100113;129.07;10;10518532563;S
20240529;100113;129.06;1950;10518532564;S
20240529;100113;129.05;50;10518532565;S
20240529;100113;129.04;10;10518532566;S
20240529;100113;129.02;1410;10518532567;S
20240529;100113;129.01;70;10518532568;S
20240529;100113;129.01;20;10518532569;S
20240529;100113;129;10;10518532570;S
20240529;100113;129;10;10518532571;S
20240529;100113;129;10;10518532572;S
20240529;100113;129;250;10518532573;S
20240529;100113;129;10;10518532574;S
20240529;100113;128.97;10;10518532575;S
20240529;100113;128.95;40;10518532576;S
20240529;100113;128.95;400;10518532577;S
20240529;100113;128.95;20;10518532578;S
20240529;100113;128.95;40;10518532579;S
20240529;100113;128.92;550;10518532580;S
20240529;100113;128.9;40;10518532581;S
20240529;100113;128.9;40;10518532582;S
20240529;100113;128.9;20;10518532583;S
20240529;100113;128.85;40;10518532584;S
20240529;100113;128.83;100;10518532585;S
20240529;100113;128.8;40;10518532586;S
20240529;100113;128.78;10;10518532587;S
20240529;100113;128.77;10;10518532588;S
20240529;100113;128.77;1200;10518532589;S
20240529;100113;128.75;40;10518532590;S
20240529;100113;128.74;150;10518532591;S
20240529;100113;128.73;2500;10518532592;S
20240529;100113;128.72;250;10518532593;S
20240529;100113;128.72;10000;10518532594;S
20240529;100113;128.72;10000;10518532595;S
20240529;100113;128.7;40;10518532596;S
20240529;100113;128.67;100;10518532597;S
20240529;100113;128.66;700;10518532598;S
20240529;100113;128.65;40;10518532599;S
20240529;100113;128.64;16000;10518532600;S
20240529;100113;128.62;770;10518532601;S
20240529;100113;128.6;60;10518532602;S
20240529;100113;128.6;100;10518532603;S
20240529;100113;128.6;40;10518532604;S
20240529;100113;128.6;250;10518532605;S
20240529;100113;128.6;1000;10518532606;S
20240529;100113;128.59;10;10518532607;S
20240529;100113;128.57;4500;10518532608;S
20240529;100113;128.57;10;10518532609;S
20240529;100113;128.56;8000;10518532610;S
20240529;100113;128.55;5700;10518532611;S
20240529;100113;129.52;3000;10518532612;S
20240529;100113;129.18;400;10518532613;B
20240529;100113;129.18;100;10518532615;S
20240529;100113;129.18;100;10518532616;S
20240529;100113;129.18;200;10518532619;S
20240529;100113;129.19;500;10518532620;S
20240529;100113;129.19;300;10518532621;S
20240529;100113;129.19;300;10518532622;S
20240529;100113;129.19;200;10518532623;S
20240529;100113;129.19;40;10518532624;S
20240529;100113;129.19;110;10518532625;S
20240529;100113;129.22;20;10518532627;B
20240529;100113;129.19;250;10518532628;S
20240529;100113;129.19;750;10518532629;S
20240529;100113;129.2;800;10518532630;S
20240529;100113;129.2;200;10518532631;S
20240529;100113;129.2;200;10518532634;S
20240529;100113;129.2;140;10518532635;S
20240529;100113;129.2;360;10518532636;S
20240529;100113;129.19;360;10518532637;S
20240529;100113;129.19;400;10518532638;S
20240529;100113;129.19;1040;10518532639;B
20240529;100113;129.2;700;10518532640;S
20240529;100113;129.2;360;10518532642;S
20240529;100113;129.2;1640;10518532643;S
20240529;100113;129.2;100;10518532644;S
20240529;100113;129.21;360;10518532645;S
20240529;100113;129.21;40;10518532646;S
20240529;100113;129.21;500;10518532647;S
20240529;100113;129.21;400;10518532648;S
20240529;100113;129.21;400;10518532649;S
20240529;100113;129.23;1000;10518532650;S
20240529;100113;129.24;360;10518532654;S
20240529;100113;129.23;360;10518532655;S
20240529;100113;129.22;280;10518532656;S
20240529;100113;129.25;400;10518532657;S
20240529;100113;129.22;80;10518532658;S
20240529;100113;129.21;360;10518532659;S
20240529;100113;129.21;160;10518532660;S
20240529;100113;129.26;400;10518532661;B
20240529;100113;129.26;600;10518532662;S
20240529;100113;129.23;400;10518532663;S
20240529;100113;129.24;360;10518532664;S
20240529;100113;129.23;360;10518532665;S
20240529;100113;129.22;280;10518532666;S
20240529;100113;129.21;1000;10518532667;S
20240529;100113;129.23;1000;10518532668;S
20240529;100113;129.23;360;10518532669;S
20240529;100113;129.22;360;10518532670;S
20240529;100113;129.21;180;10518532671;S
20240529;100113;129.21;100;10518532672;S
20240529;100113;129.23;1000;10518532673;S
20240529;100113;129.23;1000;10518532674;S
20240529;100113;129.23;160;10518532677;B
20240529;100113;129.23;300;10518532678;B
20240529;100113;129.18;10;10518532700;S
20240529;100114;129.18;10;10518532710;S
20240529;100114;129.17;2500;10518532784;S
20240529;100114;129.17;360;10518532785;S
20240529;100114;129.17;140;10518532786;S
20240529;100114;129.16;360;10518532793;S
20240529;100114;129.16;1640;10518532794;S
20240529;100114;129.13;360;10518532898;S
20240529;100114;129.13;1140;10518532899;S
20240529;100114;129.13;10;10518532905;S
20240529;100116;129.12;360;10518533114;S
20240529;100116;129.12;100;10518533115;S
20240529;100116;129.12;2500;10518533116;S
20240529;100116;129.12;1350;10518533117;S
20240529;100116;129.11;400;10518533118;S
20240529;100116;129.11;120;10518533142;B
20240529;100116;129.1;360;10518533143;S
20240529;100116;129.1;1350;10518533144;S
20240529;100116;129.1;2500;10518533145;S
20240529;100116;129.09;360;10518533146;S
20240529;100116;129.09;2000;10518533147;S
20240529;100116;129.08;360;10518533148;S
20240529;100116;129.07;360;10518533149;S
20240529;100116;129.06;360;10518533150;S
20240529;100116;129.05;1000;10518533151;S
20240529;100116;129.05;1000;10518533152;S
20240529;100116;129.05;350;10518533153;S
20240529;100116;129.07;10;10518533171;S
20240529;100116;129.09;80;10518533188;B
20240529;100116;129.08;100;10518533256;B
20240529;100117;129.08;50;10518533376;B
20240529;100117;129.08;100;10518533453;B
20240529;100117;129.06;360;10518533480;S
20240529;100117;129.06;1350;10518533481;S
20240529;100117;129.06;2500;10518533482;S
20240529;100117;129.06;400;10518533483;B
20240529;100117;129.06;100;10518533488;B
20240529;100117;129.06;40;10518533505;B
20240529;100117;129.06;100;10518533518;B
20240529;100117;129.05;10;10518533544;S
20240529;100118;129.06;100;10518533563;B
20240529;100118;129.06;1540;10518533581;B
20240529;100118;129.06;100;10518533597;B
20240529;100118;129.06;10;10518533616;B
20240529;100118;129.06;270;10518533637;S
20240529;100118;129.07;4840;10518533649;B
20240529;100118;129.08;20;10518533650;B
20240529;100118;129.08;1200;10518533651;B
20240529;100118;129.11;400;10518533652;B
20240529;100118;129.12;400;10518533653;B
20240529;100118;129.13;400;10518533654;B
20240529;100118;129.14;960;10518533655;B
20240529;100118;129.14;2500;10518533656;B
20240529;100118;129.14;8000;10518533657;B
20240529;100118;129.17;1000;10518533658;B
20240529;100118;129.18;280;10518533659;B
20240529;100118;129.19;10;10518533680;B
20240529;100118;129.11;400;10518533913;S
20240529;100118;129.11;360;10518533914;S
20240529;100118;129.11;240;10518533915;S
20240529;100119;129.17;20;10518534014;S
20240529;100119;129.23;20;10518534034;B
20240529;100119;129.27;410;10518534035;B
20240529;100120;129.21;300;10518534236;S
20240529;100120;129.21;100;10518534237;S
20240529;100120;129.21;100;10518534258;B
20240529;100120;129.2;10;10518534300;S
20240529;100121;129.2;100;10518534321;S
20240529;100121;129.2;300;10518534322;S
20240529;100121;129.2;500;10518534323;S
20240529;100121;129.25;160;10518534400;B
20240529;100122;129.25;50;10518534641;B
20240529;100122;129.2;350;10518534655;S
20240529;100122;129.16;360;10518534656;S
20240529;100122;129.15;290;10518534657;S
20240529;100123;129.25;190;10518534722;B
20240529;100123;129.25;50;10518534723;B
20240529;100123;129.25;20;10518534724;B
20240529;100123;129.26;400;10518534725;B
20240529;100123;129.26;870;10518534726;B
20240529;100124;129.24;320;10518534892;S
20240529;100124;129.27;90;10518534975;B
20240529;100124;129.29;10;10518534976;B
20240529;100124;129.29;10;10518535013;B
20240529;100125;129.27;20;10518535099;B
20240529;100126;129.29;10;10518535328;B
20240529;100127;129.29;10;10518535517;B
20240529;100127;129.29;460;10518535518;B
20240529;100127;129.31;540;10518535519;B
20240529;100127;129.35;300;10518535521;S
20240529;100128;129.35;60;10518535673;B
20240529;100129;129.28;10;10518535837;B
20240529;100129;129.28;10;10518535869;B
20240529;100130;129.28;50;10518535982;B
20240529;100130;129.28;10;10518536006;B
20240529;100130;129.27;30;10518536012;S
20240529;100131;129.28;80;10518536125;B
20240529;100131;129.28;1500;10518536139;B
20240529;100131;129.27;70;10518536173;S
20240529;100132;129.28;50;10518536236;B
20240529;100132;129.28;290;10518536265;B
20240529;100132;129.3;190;10518536311;S
20240529;100132;129.3;210;10518536344;S
20240529;100132;129.3;790;10518536345;S
20240529;100134;129.36;30;10518536590;B
20240529;100134;129.35;400;10518536616;S
20240529;100134;129.34;390;10518536617;S
20240529;100134;129.34;400;10518536618;S
20240529;100134;129.33;400;10518536619;S
20240529;100134;129.32;410;10518536620;S
20240529;100135;129.36;1320;10518536754;B
20240529;100135;129.37;10;10518536755;B
20240529;100135;129.37;10;10518536756;B
20240529;100135;129.4;400;10518536757;B
20240529;100135;129.41;260;10518536758;B
20240529;100135;129.37;100;10518536785;S
20240529;100135;129.34;400;10518536798;S
20240529;100135;129.33;100;10518536799;S
20240529;100135;129.33;400;10518536800;S
20240529;100135;129.32;100;10518536801;S
20240529;100136;129.4;10;10518536989;B
20240529;100136;129.41;10;10518536990;B
20240529;100138;129.41;10;10518537302;B
20240529;100138;129.44;90;10518537303;B
20240529;100139;129.4;400;10518537420;S
20240529;100139;129.39;100;10518537421;S
20240529;100139;129.38;400;10518537455;S
20240529;100139;129.37;2500;10518537456;S
20240529;100139;129.37;400;10518537457;S
20240529;100139;129.36;8000;10518537458;S
20240529;100139;129.36;400;10518537459;S
20240529;100139;129.35;2000;10518537460;S
20240529;100139;129.35;1000;10518537461;S
20240529;100139;129.35;10;10518537462;S
20240529;100139;129.34;1000;10518537463;S
20240529;100139;129.33;1000;10518537464;S
20240529;100139;129.32;900;10518537465;S
20240529;100139;129.32;360;10518537466;S
20240529;100139;129.31;1000;10518537467;S
20240529;100139;129.31;360;10518537468;S
20240529;100139;129.3;670;10518537469;S
20240529;100139;129.31;100;10518537534;S
20240529;100141;129.31;50;10518537844;S
20240529;100141;129.39;400;10518537847;B
20240529;100141;129.4;1080;10518537848;B
20240529;100141;129.4;520;10518537849;B
20240529;100141;129.32;790;10518537926;S
20240529;100141;129.32;400;10518537927;S
20240529;100141;129.31;250;10518537928;S
20240529;100141;129.3;2330;10518537929;S
20240529;100141;129.3;40;10518537930;S
20240529;100141;129.3;360;10518537931;S
20240529;100141;129.3;1000;10518537932;S
20240529;100141;129.3;8000;10518537933;S
20240529;100141;129.3;400;10518537934;S
20240529;100141;129.29;210;10518537935;S
20240529;100141;129.29;360;10518537936;S
20240529;100141;129.29;1160;10518537937;S
20240529;100141;129.29;1000;10518537938;S
20240529;100141;129.29;20;10518537939;S
20240529;100141;129.28;1000;10518537940;S
20240529;100141;129.28;360;10518537941;S
20240529;100141;129.28;2000;10518537942;S
20240529;100141;129.28;900;10518537943;S
20240529;100141;129.28;80;10518537944;S
20240529;100141;129.28;10;10518537945;S
20240529;100141;129.27;1000;10518537946;S
20240529;100141;129.27;360;10518537947;S
20240529;100141;129.27;200;10518537948;S
20240529;100141;129.27;2000;10518537949;S
20240529;100141;129.26;150;10518537950;S
20240529;100141;129.26;1000;10518537951;S
20240529;100141;129.26;360;10518537952;S
20240529;100141;129.26;10;10518537953;S
20240529;100141;129.26;960;10518537954;S
20240529;100141;129.25;2000;10518537955;S
20240529;100141;129.25;1000;10518537956;S
20240529;100141;129.25;360;10518537957;S
20240529;100141;129.25;10;10518537958;S
20240529;100141;129.24;400;10518537964;S
20240529;100141;129.24;30;10518537965;S
20240529;100142;129.25;1670;10518538036;B
20240529;100142;129.25;100;10518538037;B
20240529;100142;129.25;10;10518538091;B
20240529;100142;129.25;10;10518538164;B
20240529;100142;129.24;100;10518538195;B
20240529;100143;129.21;20;10518538290;S
20240529;100143;129.24;300;10518538452;B
20240529;100143;129.23;400;10518538490;B
20240529;100143;129.24;200;10518538491;B
20240529;100143;129.24;400;10518538492;B
20240529;100143;129.25;7000;10518538493;B
20240529;100146;129.23;100;10518538983;S
20240529;100146;129.21;30;10518538984;S
20240529;100146;129.2;3870;10518538985;S
20240529;100146;129.2;110;10518539017;S
20240529;100146;129.2;140;10518539030;S
20240529;100146;129.2;3820;10518539161;S
20240529;100147;129.23;10;10518539195;B
20240529;100147;129.2;550;10518539231;S
20240529;100147;129.23;20;10518539360;B
20240529;100149;129.2;1510;10518540125;S
20240529;100149;129.2;3000;10518540126;S
20240529;100149;129.2;5000;10518540127;S
20240529;100149;129.2;60;10518540128;S
20240529;100149;129.2;430;10518540129;S
20240529;100149;129.2;70;10518540175;S
20240529;100149;129.2;500;10518540606;S
20240529;100149;129.18;200;10518540619;B
20240529;100150;129.15;10;10518540679;S
20240529;100150;129.18;50;10518540709;B
20240529;100150;129.15;30;10518540879;S
20240529;100150;129.15;30;10518540896;S
20240529;100150;129.15;10;10518540934;S
20240529;100150;129.14;10;10518540935;S
20240529;100150;129.13;20;10518540936;S
20240529;100150;129.12;360;10518540937;S
20240529;100150;129.11;360;10518540938;S
20240529;100150;129.11;1050;10518540939;S
20240529;100150;129.11;300;10518540996;S
20240529;100150;129.11;360;10518540997;S
20240529;100150;129.1;340;10518540998;S
20240529;100151;129.13;10;10518541078;B
20240529;100151;129.13;30;10518541084;B
20240529;100151;129.11;500;10518541116;S
20240529;100151;129.11;20;10518541124;S
20240529;100151;129.11;20;10518541126;S
20240529;100151;129.11;500;10518541144;S
20240529;100151;129.13;10;10518541176;B
20240529;100152;129.11;80;10518541177;S
20240529;100152;129.11;10;10518541187;S
20240529;100152;129.11;100;10518541216;S
20240529;100152;129.12;10;10518541289;S
20240529;100152;129.13;10;10518541315;B
20240529;100153;129.13;240;10518541386;B
20240529;100153;129.13;200;10518541387;B
20240529;100153;129.13;200;10518541396;S
20240529;100153;129.1;110;10518541397;S
20240529;100153;129.14;10;10518541402;B
20240529;100153;129.16;90;10518541403;B
20240529;100153;129.17;120;10518541411;B
20240529;100153;129.14;30;10518541566;S
20240529;100154;129.14;10;10518541709;S
20240529;100156;129.16;130;10518541952;S
20240529;100156;129.13;120;10518541953;S
20240529;100156;129.13;10;10518541954;S
20240529;100156;129.11;380;10518541955;S
20240529;100156;129.1;460;10518541956;S
20240529;100156;129.14;50;10518541965;S
20240529;100156;129.18;400;10518542021;B
20240529;100156;129.19;250;10518542022;B
20240529;100157;129.14;410;10518542049;S
20240529;100157;129.13;690;10518542050;S
20240529;100157;129.18;400;10518542201;B
20240529;100157;129.19;100;10518542202;B
20240529;100157;129.19;400;10518542203;B
20240529;100157;129.19;100;10518542204;B
20240529;100157;129.2;2830;10518542205;B
20240529;100157;129.2;170;10518542206;B
20240529;100158;129.17;10;10518542415;B
20240529;100159;129.15;20;10518542468;S
20240529;100159;129.14;400;10518542560;S
20240529;100159;129.14;2500;10518542561;S
20240529;100159;129.13;120;10518542562;S
20240529;100159;129.13;400;10518542563;S
20240529;100159;129.12;1000;10518542564;S
20240529;100159;129.12;400;10518542565;S
20240529;100159;129.11;390;10518542566;S
20240529;100200;129.17;10;10518542660;B
20240529;100200;129.17;90;10518542661;B
20240529;100200;129.18;10;10518542734;B
20240529;100200;129.18;90;10518542735;B
20240529;100201;129.15;400;10518542905;S
20240529;100201;129.15;900;10518542906;S
20240529;100201;129.14;400;10518542907;S
20240529;100201;129.13;400;10518542908;S
20240529;100201;129.11;400;10518542909;S
20240529;100201;129.17;30;10518542947;B
20240529;100202;129.17;10;10518543061;B
20240529;100202;129.17;30;10518543290;B
20240529;100202;129.11;100;10518543336;S
20240529;100203;129.13;100;10518543524;S
20240529;100203;129.12;10;10518543525;S
20240529;100203;129.11;380;10518543526;S
20240529;100203;129.1;5090;10518543527;S
20240529;100203;129.1;10;10518543528;S
20240529;100203;129.1;360;10518543529;S
20240529;100203;129.09;1000;10518543530;S
20240529;100203;129.09;360;10518543531;S
20240529;100203;129.08;1000;10518543532;S
20240529;100203;129.08;360;10518543533;S
20240529;100203;129.08;10;10518543534;S
20240529;100203;129.09;2500;10518543537;S
20240529;100204;129.08;300;10518543647;B
20240529;100204;129.08;20;10518543751;B
20240529;100204;129.07;10;10518543827;S
20240529;100204;129.07;10;10518543828;S
20240529;100205;129.07;160;10518543853;S
20240529;100205;129.06;10;10518543854;S
20240529;100205;129.06;830;10518543855;S
20240529;100205;129.08;20;10518543875;B
20240529;100205;129.08;10;10518543898;B
20240529;100205;129.04;2000;10518543908;S
20240529;100205;129.04;2500;10518543909;S
20240529;100205;129.03;300;10518543910;S
20240529;100205;129.03;200;10518543911;S
20240529;100205;129.06;300;10518543916;B
20240529;100205;129.06;100;10518543917;B
20240529;100205;129.06;100;10518543918;B
20240529;100205;129.08;20;10518543967;B
20240529;100206;129.03;1350;10518544222;S
20240529;100206;129.03;770;10518544223;S
20240529;100206;129.03;220;10518544224;S
20240529;100206;129.03;780;10518544250;S
20240529;100206;129.03;2220;10518544251;S
20240529;100206;129.06;330;10518544287;B
20240529;100207;129.05;10;10518544579;B
20240529;100208;129.04;10;10518544753;S
20240529;100208;129.04;10;10518544795;S
20240529;100208;129.05;10;10518544801;B
20240529;100208;129.04;50;10518544809;S
20240529;100208;129.05;20;10518544823;B
20240529;100208;129.05;100;10518544833;B
20240529;100208;129.05;10;10518544867;B
20240529;100209;129.04;10;10518544970;S
20240529;100209;129.05;150;10518544985;B
20240529;100209;129.05;100;10518544986;B
20240529;100212;129.05;60;10518545567;B
20240529;100213;129.05;10;10518545723;B
20240529;100213;129.05;10;10518545726;B
20240529;100213;129.07;10;10518545733;B
20240529;100213;129.06;10;10518545789;S
20240529;100213;129.06;160;10518545790;S
20240529;100213;129.06;100;10518545843;S
20240529;100213;129.06;140;10518546007;S
20240529;100213;129.06;680;10518546008;S
20240529;100213;129.07;230;10518546028;B
20240529;100214;129.07;60;10518546059;B
20240529;100214;129.08;250;10518546060;B
20240529;100214;129.1;80;10518546091;B
20240529;100214;129.1;70;10518546145;B
20240529;100214;129.1;250;10518546173;B
20240529;100214;129.1;220;10518546174;B
20240529;100214;129.09;10;10518546477;S
20240529;100215;129.09;10;10518546543;S
20240529;100215;129.07;10;10518546544;S
20240529;100215;129.06;620;10518546545;S
20240529;100215;129.04;800;10518546546;S
20240529;100215;129.04;210;10518546547;S
20240529;100215;129.04;400;10518546548;S
20240529;100215;129.03;950;10518546549;S
20240529;100216;129.05;30;10518546676;S
20240529;100216;129.05;540;10518546677;S
20240529;100216;129.04;400;10518546678;S
20240529;100216;129.04;10;10518546679;S
20240529;100216;129.09;120;10518546718;B
20240529;100216;129.09;120;10518546764;B
20240529;100216;129.08;200;10518546860;S
20240529;100216;129.06;60;10518546861;S
20240529;100216;129.06;240;10518546862;S
20240529;100217;129.05;70;10518546879;S
20240529;100217;129.09;320;10518547040;B
20240529;100217;129.1;960;10518547041;B
20240529;100217;129.11;690;10518547053;B
20240529;100217;129.11;10;10518547054;B
20240529;100217;129.11;400;10518547055;B
20240529;100217;129.12;400;10518547056;B
20240529;100217;129.12;300;10518547057;B
20240529;100217;129.14;70;10518547106;B
20240529;100217;129.14;500;10518547107;B
20240529;100217;129.14;500;10518547108;B
20240529;100217;129.14;90;10518547109;B
20240529;100217;129.1;10;10518547137;S
20240529;100218;129.15;100;10518547200;B
20240529;100218;129.15;50;10518547201;B
20240529;100218;129.15;160;10518547202;B
20240529;100218;129.15;320;10518547233;B
20240529;100218;129.15;530;10518547234;B
20240529;100218;129.11;400;10518547350;S
20240529;100218;129.1;10;10518547352;S
20240529;100218;129.1;400;10518547353;S
20240529;100218;129.09;400;10518547354;S
20240529;100218;129.09;4190;10518547355;S
20240529;100218;129.14;960;10518547364;B
20240529;100218;129.14;400;10518547365;B
20240529;100218;129.15;400;10518547366;B
20240529;100218;129.15;320;10518547367;B
20240529;100218;129.16;400;10518547368;B
20240529;100218;129.17;150;10518547402;B
20240529;100219;129.17;210;10518547586;B
20240529;100219;129.17;50;10518547587;B
20240529;100219;129.17;1090;10518547588;B
20240529;100220;129.16;220;10518547869;S
20240529;100220;129.16;1020;10518547870;S
20240529;100220;129.15;320;10518547871;S
20240529;100220;129.12;440;10518547872;S
20240529;100220;129.17;260;10518547891;B
20240529;100220;129.17;400;10518547892;B
20240529;100220;129.17;340;10518547893;B
20240529;100221;129.17;50;10518547988;B
20240529;100221;129.17;1350;10518548040;B
20240529;100221;129.17;180;10518548041;B
20240529;100222;129.16;750;10518548141;S
20240529;100222;129.16;250;10518548142;S
20240529;100222;129.18;10;10518548232;B
20240529;100224;129.19;400;10518548414;B
20240529;100224;129.19;960;10518548415;B
20240529;100224;129.19;360;10518548416;B
20240529;100224;129.2;100;10518548417;B
20240529;100224;129.2;100;10518548418;B
20240529;100224;129.2;1000;10518548419;B
20240529;100224;129.2;360;10518548420;B
20240529;100224;129.2;18000;10518548421;B
20240529;100224;129.2;400;10518548422;B
20240529;100224;129.2;310;10518548423;B
20240529;100224;129.21;50;10518548424;B
20240529;100224;129.21;1000;10518548425;B
20240529;100224;129.21;360;10518548426;B
20240529;100224;129.21;400;10518548427;B
20240529;100224;129.22;1000;10518548428;B
20240529;100224;129.22;360;10518548429;B
20240529;100224;129.22;400;10518548430;B
20240529;100224;129.23;10;10518548431;B
20240529;100224;129.23;1000;10518548432;B
20240529;100224;129.23;360;10518548433;B
20240529;100224;129.24;360;10518548434;B
20240529;100224;129.24;100;10518548435;B
20240529;100224;129.24;10;10518548436;B
20240529;100224;129.24;1000;10518548437;B
20240529;100224;129.24;1350;10518548438;B
20240529;100224;129.24;50;10518548470;S
20240529;100224;129.25;10;10518548471;B
20240529;100224;129.25;10;10518548472;B
20240529;100224;129.27;360;10518548473;B
20240529;100224;129.27;20;10518548474;B
20240529;100224;129.28;300;10518548511;S
20240529;100224;129.28;400;10518548512;S
20240529;100224;129.28;1000;10518548513;S
20240529;100224;129.27;1070;10518548514;S
20240529;100224;129.27;400;10518548515;S
20240529;100224;129.27;330;10518548516;S
20240529;100224;129.26;400;10518548517;S
20240529;100224;129.24;6100;10518548518;S
20240529;100224;129.28;960;10518548588;B
20240529;100224;129.28;200;10518548589;B
20240529;100224;129.29;360;10518548608;B
20240529;100224;129.29;800;10518548609;B
20240529;100225;129.29;360;10518548752;B
20240529;100225;129.3;2870;10518548783;B
20240529;100225;129.3;5000;10518548784;B
20240529;100225;129.3;20;10518548785;B
20240529;100225;129.31;110;10518548786;B
20240529;100225;129.31;140;10518548831;B
20240529;100225;129.31;10;10518548851;B
20240529;100226;129.31;1160;10518548944;B
20240529;100226;129.31;1160;10518548964;B
20240529;100226;129.31;90;10518549060;B
20240529;100226;129.31;610;10518549142;B
20240529;100226;129.31;100;10518549156;B
20240529;100227;129.31;480;10518549196;B
20240529;100227;129.31;1140;10518549223;B
20240529;100227;129.33;360;10518549224;B
20240529;100227;129.34;2000;10518549225;B
20240529;100227;129.34;360;10518549226;B
20240529;100227;129.35;360;10518549227;B
20240529;100227;129.35;1000;10518549228;B
20240529;100227;129.35;1350;10518549229;B
20240529;100227;129.36;1000;10518549230;B
20240529;100227;129.36;360;10518549231;B
20240529;100227;129.37;2070;10518549232;B
20240529;100227;129.32;100;10518549315;S
20240529;100228;129.36;190;10518549435;B
20240529;100229;129.34;20;10518549609;S
20240529;100230;129.36;90;10518549918;B
20240529;100231;129.35;50;10518549932;S
20240529;100231;129.35;150;10518549933;S
20240529;100231;129.34;380;10518550010;S
20240529;100231;129.33;300;10518550011;S
20240529;100231;129.33;400;10518550012;S
20240529;100231;129.32;400;10518550013;S
20240529;100231;129.31;100;10518550014;S
20240529;100231;129.3;420;10518550015;S
20240529;100232;129.36;20;10518550151;B
20240529;100232;129.36;30;10518550152;B
20240529;100232;129.35;500;10518550215;S
20240529;100233;129.36;1000;10518550240;B
20240529;100233;129.36;10;10518550395;B
20240529;100233;129.36;100;10518550410;B
20240529;100234;129.35;10;10518550533;S
20240529;100234;129.35;500;10518550576;S
20240529;100234;129.35;90;10518550579;S
20240529;100235;129.36;50;10518550699;B
20240529;100235;129.35;20;10518550738;S
20240529;100236;129.36;10;10518550852;B
20240529;100236;129.36;190;10518550887;B
20240529;100236;129.36;10;10518550888;B
20240529;100236;129.36;960;10518550889;B
20240529;100236;129.36;1000;10518550890;B
20240529;100236;129.37;1930;10518550891;B
20240529;100236;129.37;360;10518550892;B
20240529;100236;129.37;1000;10518550893;B
20240529;100236;129.38;5000;10518550894;B
20240529;100236;129.38;360;10518550895;B
20240529;100236;129.38;1000;10518550896;B
20240529;100236;129.38;400;10518550897;B
20240529;100236;129.39;90;10518550898;B
20240529;100236;129.39;1000;10518550899;B
20240529;100236;129.39;360;10518550900;B
20240529;100236;129.39;50;10518550901;B
20240529;100238;129.38;10;10518551143;B
20240529;100238;129.37;50;10518551243;S
20240529;100238;129.38;350;10518551248;B
20240529;100238;129.39;260;10518551249;B
20240529;100238;129.37;300;10518551259;S
20240529;100239;129.37;3210;10518551377;S
20240529;100239;129.37;10;10518551378;S
20240529;100239;129.36;400;10518551379;S
20240529;100239;129.35;4000;10518551380;S
20240529;100239;129.35;30;10518551381;S
20240529;100239;129.35;400;10518551382;S
20240529;100239;129.34;400;10518551383;S
20240529;100239;129.34;1550;10518551384;S
20240529;100240;129.34;8450;10518551409;S
20240529;100240;129.33;400;10518551410;S
20240529;100240;129.32;400;10518551411;S
20240529;100240;129.31;800;10518551412;S
20240529;100240;129.31;10;10518551413;S
20240529;100240;129.31;400;10518551414;S
20240529;100240;129.3;30;10518551415;S
20240529;100240;129.3;200;10518551507;B
20240529;100240;129.3;300;10518551508;B
20240529;100241;129.3;70;10518551556;B
20240529;100241;129.3;3000;10518551578;B
20240529;100241;129.3;3650;10518551585;B
20240529;100241;129.3;590;10518551600;B
20240529;100241;129.3;290;10518551626;B
20240529;100241;129.29;10;10518551652;S
20240529;100241;129.28;70;10518551653;S
20240529;100242;129.29;400;10518551718;B
20240529;100242;129.29;1000;10518551719;B
20240529;100242;129.29;360;10518551720;B
20240529;100242;129.29;20;10518551721;B
20240529;100242;129.3;720;10518551722;B
20240529;100242;129.29;400;10518551754;B
20240529;100242;129.29;100;10518551755;B
20240529;100242;129.29;20;10518551781;B
20240529;100243;129.29;40;10518551835;B
20240529;100243;129.29;230;10518551946;B
20240529;100244;129.28;10;10518551975;S
20240529;100244;129.28;290;10518552008;S
20240529;100244;129.24;710;10518552009;S
20240529;100244;129.24;3000;10518552020;S
20240529;100244;129.24;2800;10518552117;S
20240529;100245;129.24;1000;10518552170;S
20240529;100245;129.25;10;10518552178;B
20240529;100245;129.24;2050;10518552260;S
20240529;100245;129.24;20;10518552261;S
20240529;100245;129.25;50;10518552267;B
20240529;100246;129.25;10;10518552280;B
20240529;100246;129.24;3280;10518552340;S
20240529;100246;129.25;10;10518552353;B
20240529;100246;129.24;10;10518552362;S
20240529;100247;129.25;10;10518552481;B
20240529;100247;129.24;10;10518552482;S
20240529;100247;129.25;10;10518552498;B
20240529;100248;129.25;10;10518552609;B
20240529;100248;129.25;150;10518552635;B
20240529;100248;129.25;10;10518552697;B
20240529;100248;129.24;1220;10518552700;S
20240529;100248;129.2;8000;10518552701;S
20240529;100249;129.17;10;10518552830;S
20240529;100249;129.17;40;10518552831;S
20240529;100250;129.18;300;10518552918;B
20240529;100250;129.18;60;10518552933;B
20240529;100251;129.18;360;10518553097;B
20240529;100251;129.18;10;10518553102;B
20240529;100253;129.18;10;10518553323;B
20240529;100253;129.18;40;10518553331;B
20240529;100254;129.18;100;10518553406;B
20240529;100254;129.18;10;10518553411;B
20240529;100254;129.17;10;10518553413;S
20240529;100255;129.17;2490;10518553454;S
20240529;100255;129.17;10;10518553578;B
20240529;100256;129.18;10;10518553636;B
20240529;100256;129.18;50;10518553637;B
20240529;100256;129.17;10;10518553686;S
20240529;100256;129.17;10;10518553724;S
20240529;100256;129.16;10;10518553725;S
20240529;100256;129.15;40;10518553726;S
20240529;100257;129.17;50;10518553817;B
20240529;100259;129.16;20;10518554077;B
20240529;100259;129.16;10;10518554149;B
20240529;100300;129.16;270;10518554158;B
20240529;100300;129.17;30;10518554159;B
20240529;100300;129.17;10;10518554163;B
20240529;100300;129.17;20;10518554198;B
20240529;100300;129.17;10;10518554244;B
20240529;100301;129.17;380;10518554381;B
20240529;100302;129.16;20;10518554439;S
20240529;100302;129.17;10;10518554521;B
20240529;100303;129.17;60;10518554640;B
20240529;100303;129.17;10;10518554656;B
20240529;100303;129.17;10;10518554659;B
20240529;100303;129.16;10;10518554719;S
20240529;100304;129.17;10;10518554740;B
20240529;100304;129.16;270;10518554765;S
20240529;100304;129.16;2500;10518554766;S
20240529;100304;129.16;200;10518554767;S
20240529;100304;129.16;400;10518554768;S
20240529;100304;129.16;1000;10518554769;S
20240529;100304;129.15;1130;10518554770;S
20240529;100304;129.16;400;10518554772;S
20240529;100304;129.16;400;10518554774;S
20240529;100304;129.16;400;10518554775;S
20240529;100304;129.16;400;10518554776;S
20240529;100304;129.16;400;10518554857;B
20240529;100304;129.17;410;10518554858;B
20240529;100304;129.17;500;10518554859;B
20240529;100304;129.17;130;10518554860;B
20240529;100304;129.17;400;10518554861;B
20240529;100304;129.17;460;10518554862;B
20240529;100304;129.18;200;10518554863;B
20240529;100304;129.19;100;10518554866;B
20240529;100304;129.19;960;10518554879;B
20240529;100304;129.2;780;10518554880;B
20240529;100304;129.2;600;10518554881;B
20240529;100304;129.2;160;10518554882;B
20240529;100305;129.19;30;10518554948;B
20240529;100305;129.19;370;10518554981;B
20240529;100305;129.19;360;10518554982;B
20240529;100305;129.2;200;10518554983;B
20240529;100305;129.2;30;10518554984;B
20240529;100305;129.2;40;10518554985;B
20240529;100306;129.19;20;10518555167;B
20240529;100306;129.19;10;10518555179;B
20240529;100306;129.18;160;10518555181;S
20240529;100306;129.19;10;10518555196;B
