<DATE>;<TIME>;<LAST>;<VOL>;<ID>;<OPER>
20241021;095932;135.68;10;11318101518;S
20241021;095932;135.68;10;11318101519;S
20241021;095932;135.68;10;11318101520;B
20241021;095932;135.68;10;11318101521;B
20241021;095932;135.68;10;11318101522;B
20241021;095932;135.68;200;11318101523;B
20241021;095932;135.68;10;11318101524;B
20241021;095932;135.68;10;11318101525;B
20241021;095932;135.68;10;11318101526;B
20241021;095932;135.68;120;11318101527;B
20241021;095932;135.68;10;11318101528;B
20241021;095932;135.68;10;11318101529;B
20241021;095932;135.68;10;11318101530;B
20241021;095932;135.68;10;11318101531;B
20241021;095932;135.68;10;11318101532;B
20241021;095932;135.68;10;11318101533;B
20241021;095932;135.68;100;11318101534;B
20241021;095932;135.68;10;11318101535;B
20241021;095932;135.68;150;11318101536;B
20241021;095932;135.68;30;11318101537;B
20241021;095932;135.68;10;11318101538;B
20241021;095932;135.68;70;11318101539;B
20241021;095932;135.68;30;11318101540;B
20241021;095932;135.68;10;11318101541;B
20241021;095932;135.68;10;11318101542;B
20241021;095932;135.68;40;11318101543;B
20241021;095932;135.68;50;11318101544;B
20241021;095932;135.68;10;11318101545;B
20241021;095932;135.68;10;11318101546;B
20241021;095932;135.68;70;11318101547;B
20241021;095932;135.68;40;11318101548;B
20241021;095932;135.68;10;11318101549;B
20241021;095932;135.68;10;11318101550;B
20241021;095932;135.68;10;11318101551;B
20241021;095932;135.68;500;11318101552;B
20241021;095932;135.68;10;11318101553;B
20241021;095932;135.68;260;11318101554;B
20241021;095932;135.68;540;11318101555;B
20241021;095932;135.68;400;11318101556;B
20241021;095932;135.68;100;11318101557;B
20241021;095932;135.68;20;11318101558;S
20241021;095932;135.68;430;11318101559;S
20241021;095932;135.68;110;11318101560;S
20241021;095932;135.68;20;11318101561;B
20241021;095932;135.68;30;11318101562;S
20241021;095932;135.68;1900;11318101563;B
20241021;095932;135.68;730;11318101564;S
20241021;095932;135.68;300;11318101565;B
20241021;095932;135.68;100;11318101566;B
20241021;095932;135.68;30;11318101567;S
20241021;095932;135.68;50;11318101568;S
20241021;095932;135.68;30;11318101569;B
20241021;095932;135.68;50;11318101570;S
20241021;095932;135.68;500;11318101571;S
20241021;095932;135.68;10;11318101572;B
20241021;095932;135.68;60;11318101573;B
20241021;095932;135.68;1690;11318101574;S
20241021;095932;135.68;40;11318101575;S
20241021;095932;135.68;40;11318101576;S
20241021;095932;135.68;230;11318101577;S
20241021;095932;135.68;10;11318101578;B
20241021;095932;135.68;200;11318101579;B
20241021;095932;135.68;10;11318101580;B
20241021;095932;135.68;10;11318101581;B
20241021;095932;135.68;10;11318101582;B
20241021;095932;135.68;10;11318101583;B
20241021;095932;135.68;10;11318101584;B
20241021;095932;135.68;10;11318101585;B
20241021;095932;135.68;20;11318101586;B
20241021;095932;135.68;10;11318101587;B
20241021;095932;135.68;10;11318101588;B
20241021;095932;135.68;10;11318101589;B
20241021;095932;135.68;10;11318101590;B
20241021;095932;135.68;10;11318101591;B
20241021;095932;135.68;10;11318101592;B
20241021;095932;135.68;10;11318101593;B
20241021;095932;135.68;10;11318101594;B
20241021;095932;135.68;10;11318101595;B
20241021;095932;135.68;10;11318101596;B
20241021;095932;135.68;10;11318101597;B
20241021;095932;135.68;10;11318101598;B
20241021;095932;135.68;20;11318101599;B
20241021;095932;135.68;10;11318101600;B
20241021;095932;135.68;10;11318101601;B
20241021;095932;135.68;10;11318101602;B
20241021;095932;135.68;10;11318101603;B
20241021;095932;135.68;10;11318101604;B
20241021;095932;135.68;40;11318101605;B
20241021;095932;135.68;10;11318101606;B
20241021;095932;135.68;10;11318101607;B
20241021;095932;135.68;10;11318101608;B
20241021;095932;135.68;20;11318101609;B
20241021;095932;135.68;10;11318101610;B
20241021;095932;135.68;10;11318101611;B
20241021;095932;135.68;10;11318101612;B
20241021;095932;135.68;10;11318101613;B
20241021;095932;135.68;10;11318101614;B
20241021;095932;135.68;10;11318101615;B
20241021;095932;135.68;10;11318101616;B
20241021;095932;135.68;10;11318101617;B
20241021;095932;135.68;10;11318101618;B
20241021;095932;135.68;20;11318101619;B
20241021;095932;135.68;10;11318101620;B
20241021;095932;135.68;10;11318101621;B
20241021;095932;135.68;20;11318101622;B
20241021;095932;135.68;10;11318101623;B
20241021;095932;135.68;20;11318101624;B
20241021;095932;135.68;10;11318101625;B
20241021;095932;135.68;10;11318101626;B
20241021;095932;135.68;10;11318101627;B
20241021;095932;135.68;10;11318101628;B
20241021;095932;135.68;10;11318101629;B
20241021;095932;135.68;10;11318101630;B
20241021;095932;135.68;10;11318101631;B
20241021;095932;135.68;20;11318101632;B
20241021;095932;135.68;40;11318101633;B
20241021;095932;135.68;10;11318101634;B
20241021;095932;135.68;300;11318101635;B
20241021;095932;135.68;10;11318101636;B
20241021;095932;135.68;20;11318101637;B
20241021;095932;135.68;10;11318101638;B
20241021;095932;135.68;10;11318101639;B
20241021;095932;135.68;10;11318101640;B
20241021;095932;135.68;10;11318101641;B
20241021;095932;135.68;150;11318101642;B
20241021;095932;135.68;10;11318101643;B
20241021;095932;135.68;10;11318101644;B
20241021;095932;135.68;10;11318101645;B
20241021;095932;135.68;10;11318101646;B
20241021;095932;135.68;10;11318101647;B
20241021;095932;135.68;10;11318101648;B
20241021;095932;135.68;20;11318101649;B
20241021;095932;135.68;10;11318101650;B
20241021;095932;135.68;10;11318101651;B
20241021;095932;135.68;10;11318101652;B
20241021;095932;135.68;10;11318101653;B
20241021;095932;135.68;10;11318101654;B
20241021;095932;135.68;10;11318101655;B
20241021;095932;135.68;10;11318101656;B
20241021;095932;135.68;10;11318101657;B
20241021;095932;135.68;10;11318101658;B
20241021;095932;135.68;10;11318101659;B
20241021;095932;135.68;10;11318101660;B
20241021;095932;135.68;10;11318101661;B
20241021;095932;135.68;10;11318101662;B
20241021;095932;135.68;10;11318101663;B
20241021;095932;135.68;10;11318101664;B
20241021;095932;135.68;400;11318101665;B
20241021;095932;135.68;10;11318101666;B
20241021;095932;135.68;10;11318101667;B
20241021;095932;135.68;200;11318101668;B
20241021;095932;135.68;30;11318101669;B
20241021;095932;135.68;10;11318101670;B
20241021;095932;135.68;10;11318101671;B
20241021;095932;135.68;10;11318101672;B
20241021;095932;135.68;10;11318101673;B
20241021;095932;135.68;20;11318101674;B
20241021;095932;135.68;50;11318101675;B
20241021;095932;135.68;10;11318101676;B
20241021;095932;135.68;70;11318101677;B
20241021;095932;135.68;10;11318101678;B
20241021;095932;135.68;10;11318101679;B
20241021;095932;135.68;10;11318101680;B
20241021;095932;135.68;20;11318101681;B
20241021;095932;135.68;10;11318101682;B
20241021;095932;135.68;10;11318101683;B
20241021;095932;135.68;50;11318101684;B
20241021;095932;135.68;90;11318101685;B
20241021;095932;135.68;70;11318101686;B
20241021;095932;135.68;20;11318101687;B
20241021;095932;135.68;10;11318101688;S
20241021;095932;135.68;20;11318101689;S
20241021;095932;135.68;10;11318101690;S
20241021;095932;135.68;10;11318101691;S
20241021;095932;135.68;110;11318101692;S
20241021;095932;135.68;10;11318101693;S
20241021;095932;135.68;100;11318101694;S
20241021;095932;135.68;40;11318101695;S
20241021;095932;135.68;10;11318101696;S
20241021;095932;135.68;40;11318101697;S
20241021;095932;135.68;10;11318101698;S
20241021;095932;135.68;20;11318101699;S
20241021;100003;135.69;60;11318113810;S
20241021;100003;135.7;10;11318114118;B
20241021;100003;135.7;120;11318114119;B
20241021;100003;135.7;40;11318114122;B
20241021;100003;135.7;140;11318114123;B
20241021;100004;135.69;70;11318114314;S
20241021;100004;135.69;10;11318114619;S
20241021;100004;135.69;100;11318114679;S
20241021;100004;135.69;100;11318114682;S
20241021;100004;135.69;10;11318114890;B
20241021;100004;135.68;10;11318114895;S
20241021;100004;135.69;10;11318114909;B
20241021;100004;135.69;10;11318114916;B
20241021;100004;135.69;10;11318114921;B
20241021;100004;135.69;10;11318114949;B
20241021;100004;135.68;10;11318114958;S
20241021;100004;135.69;10;11318114962;B
20241021;100004;135.69;10;11318114967;B
20241021;100004;135.69;10;11318114972;B
20241021;100004;135.69;10;11318114978;B
20241021;100004;135.69;10;11318114986;B
20241021;100004;135.68;10;11318114990;S
20241021;100004;135.7;10;11318115003;B
20241021;100004;135.68;10;11318115005;S
20241021;100004;135.68;10;11318115008;S
20241021;100004;135.68;10;11318115013;S
20241021;100004;135.68;10;11318115020;S
20241021;100004;135.7;10;11318115030;B
20241021;100004;135.7;10;11318115032;B
20241021;100004;135.68;10;11318115043;S
20241021;100004;135.68;10;11318115047;S
20241021;100004;135.68;10;11318115049;S
20241021;100004;135.68;10;11318115054;S
20241021;100004;135.7;10;11318115058;B
20241021;100004;135.7;10;11318115059;B
20241021;100004;135.68;10;11318115061;S
20241021;100004;135.7;10;11318115072;B
20241021;100004;135.7;10;11318115076;B
20241021;100004;135.7;10;11318115079;B
20241021;100004;135.7;10;11318115087;B
20241021;100004;135.68;10;11318115094;S
20241021;100004;135.68;150;11318115100;S
20241021;100004;135.7;10;11318115103;B
20241021;100004;135.7;10;11318115208;B
20241021;100004;135.68;10;11318115211;S
20241021;100004;135.7;10;11318115216;B
20241021;100004;135.7;10;11318115219;B
20241021;100004;135.7;10;11318115223;B
20241021;100004;135.7;10;11318115231;B
20241021;100004;135.68;10;11318115237;S
20241021;100004;135.7;10;11318115239;B
20241021;100004;135.7;10;11318115251;B
20241021;100004;135.68;20;11318115270;S
20241021;100004;135.68;10;11318115277;S
20241021;100004;135.68;30;11318115281;S
20241021;100004;135.7;10;11318115288;B
20241021;100004;135.7;10;11318115295;B
20241021;100004;135.68;10;11318115300;S
20241021;100004;135.68;10;11318115304;S
20241021;100004;135.68;10;11318115305;S
20241021;100004;135.7;10;11318115307;B
20241021;100004;135.7;10;11318115309;B
20241021;100004;135.68;10;11318115315;S
20241021;100004;135.68;10;11318115321;S
20241021;100004;135.7;10;11318115326;B
20241021;100004;135.7;10;11318115356;B
20241021;100004;135.68;10;11318115362;S
20241021;100004;135.68;60;11318115374;S
20241021;100004;135.7;80;11318115385;B
20241021;100004;135.7;10;11318115394;B
20241021;100004;135.68;10;11318115399;S
20241021;100004;135.7;10;11318115902;B
20241021;100004;135.7;10;11318115908;B
20241021;100004;135.7;10;11318115929;B
20241021;100004;135.68;10;11318115936;S
20241021;100004;135.68;10;11318115946;S
20241021;100005;135.69;10;11318116512;B
20241021;100005;135.67;10;11318116609;S
20241021;100005;135.67;10;11318116616;S
20241021;100005;135.67;10;11318116689;S
20241021;100005;135.67;20;11318116716;S
20241021;100005;135.67;10;11318116724;S
20241021;100005;135.67;10;11318116725;S
20241021;100005;135.67;10;11318116748;S
20241021;100005;135.67;10;11318116749;S
20241021;100005;135.67;10;11318116756;S
20241021;100005;135.67;10;11318116766;S
20241021;100005;135.67;10;11318116768;S
20241021;100005;135.69;10;11318116783;B
20241021;100005;135.69;10;11318116808;B
20241021;100005;135.69;10;11318116857;B
20241021;100005;135.67;10;11318116866;S
20241021;100005;135.69;10;11318116880;B
20241021;100005;135.69;10;11318116890;B
20241021;100005;135.69;10;11318116897;B
20241021;100005;135.67;10;11318116908;S
20241021;100005;135.69;10;11318116937;B
20241021;100005;135.69;1830;11318116948;B
20241021;100005;135.68;10;11318118692;S
20241021;100005;135.68;10;11318118702;S
20241021;100005;135.69;10;11318118722;B
20241021;100005;135.69;10;11318118759;B
20241021;100005;135.69;10;11318118775;B
20241021;100005;135.69;10;11318118805;B
20241021;100005;135.69;10;11318118821;B
20241021;100005;135.68;20;11318118830;S
20241021;100005;135.69;10;11318118844;B
20241021;100005;135.69;10;11318118858;B
20241021;100005;135.68;10;11318118871;S
20241021;100005;135.68;50;11318118887;S
20241021;100005;135.69;10;11318118903;B
20241021;100005;135.68;10;11318118907;S
20241021;100005;135.68;10;11318118918;S
20241021;100005;135.68;10;11318118923;S
20241021;100005;135.68;40;11318118934;S
20241021;100005;135.69;10;11318118935;B
20241021;100005;135.68;10;11318118960;S
20241021;100005;135.69;10;11318118988;B
20241021;100005;135.69;10;11318118994;B
20241021;100005;135.69;10;11318118998;B
20241021;100005;135.69;10;11318119005;B
20241021;100005;135.68;10;11318119022;S
20241021;100005;135.69;10;11318119032;B
20241021;100005;135.68;10;11318119074;S
20241021;100005;135.68;10;11318119099;S
20241021;100005;135.69;80;11318119112;B
20241021;100005;135.68;10;11318119129;S
20241021;100005;135.69;10;11318119132;B
20241021;100005;135.68;10;11318119162;S
20241021;100005;135.69;10;11318119169;B
20241021;100005;135.68;20;11318119191;S
20241021;100005;135.68;10;11318119196;S
20241021;100005;135.69;20;11318119213;B
20241021;100005;135.69;10;11318119215;B
20241021;100005;135.68;10;11318119225;S
20241021;100005;135.68;50;11318119261;S
20241021;100005;135.69;10;11318119278;B
20241021;100005;135.68;10;11318119295;S
20241021;100005;135.69;10;11318119297;B
20241021;100005;135.69;10;11318119306;B
20241021;100005;135.68;10;11318119316;S
20241021;100005;135.69;10;11318119321;B
20241021;100005;135.68;10;11318119325;S
20241021;100005;135.69;10;11318119345;B
20241021;100005;135.68;10;11318119347;S
20241021;100005;135.68;10;11318119361;S
20241021;100005;135.68;10;11318119370;S
20241021;100005;135.68;10;11318119377;S
20241021;100005;135.69;10;11318119387;B
20241021;100005;135.68;10;11318119393;S
20241021;100005;135.68;20;11318119402;S
20241021;100005;135.68;30;11318119413;S
20241021;100005;135.69;10;11318119450;B
20241021;100005;135.68;10;11318119460;S
20241021;100005;135.68;10;11318119484;S
20241021;100005;135.69;10;11318119498;B
20241021;100005;135.69;10;11318119512;B
20241021;100006;135.68;10;11318119527;S
20241021;100006;135.69;10;11318119543;B
20241021;100006;135.68;40;11318119552;S
20241021;100006;135.68;10;11318119567;S
20241021;100006;135.7;10;11318119580;B
20241021;100006;135.7;10;11318119581;B
20241021;100006;135.68;10;11318119594;S
20241021;100006;135.7;10;11318119612;B
20241021;100006;135.68;50;11318119621;S
20241021;100006;135.7;10;11318119649;B
20241021;100006;135.7;10;11318119663;B
20241021;100006;135.68;10;11318119671;S
20241021;100006;135.7;10;11318119688;B
20241021;100006;135.68;10;11318119699;S
20241021;100006;135.68;10;11318119710;S
20241021;100006;135.68;10;11318119730;S
20241021;100006;135.68;10;11318119749;S
20241021;100006;135.69;30;11318120449;S
20241021;100006;135.7;10;11318120459;B
20241021;100006;135.69;10;11318120463;S
20241021;100006;135.7;10;11318120510;B
20241021;100006;135.7;500;11318120516;B
20241021;100006;135.69;10;11318120520;S
20241021;100006;135.69;10;11318120523;S
20241021;100006;135.69;10;11318120533;S
20241021;100006;135.69;10;11318120544;S
20241021;100006;135.69;10;11318120546;S
20241021;100006;135.69;10;11318120555;S
20241021;100006;135.7;10;11318120556;B
20241021;100006;135.7;10;11318120557;B
20241021;100006;135.69;20;11318120564;S
20241021;100006;135.7;10;11318120577;B
20241021;100006;135.7;10;11318120580;B
20241021;100006;135.7;10;11318120582;B
20241021;100006;135.69;10;11318120594;S
20241021;100006;135.7;10;11318120600;B
20241021;100006;135.7;10;11318120609;B
20241021;100006;135.7;10;11318120617;B
20241021;100006;135.7;10;11318120634;B
20241021;100006;135.7;10;11318120642;B
20241021;100006;135.7;80;11318120647;B
20241021;100006;135.69;10;11318120657;S
20241021;100006;135.7;10;11318120659;B
20241021;100006;135.7;10;11318120668;B
20241021;100006;135.7;10;11318120670;B
20241021;100006;135.7;10;11318120672;B
20241021;100006;135.69;10;11318120680;S
20241021;100006;135.7;10;11318120684;B
20241021;100006;135.7;10;11318120693;B
20241021;100006;135.7;10;11318120695;B
20241021;100006;135.7;10;11318120698;B
20241021;100006;135.69;10;11318120706;S
20241021;100006;135.69;10;11318120707;S
20241021;100006;135.7;10;11318120710;B
20241021;100006;135.69;90;11318120714;S
20241021;100006;135.7;10;11318120722;B
20241021;100006;135.7;10;11318120724;B
20241021;100006;135.69;20;11318120727;S
20241021;100006;135.69;10;11318120734;S
20241021;100006;135.7;10;11318120737;B
20241021;100006;135.7;260;11318120741;B
20241021;100006;135.7;10;11318120749;B
20241021;100006;135.7;10;11318120750;B
20241021;100006;135.68;10;11318120752;S
20241021;100006;135.68;10;11318121318;S
20241021;100006;135.7;10;11318121330;B
20241021;100007;135.68;10;11318123103;S
20241021;100007;135.7;10;11318123111;B
20241021;100007;135.7;60;11318123115;B
20241021;100007;135.68;10;11318123119;S
20241021;100007;135.68;10;11318123125;S
20241021;100007;135.7;10;11318123131;B
20241021;100007;135.7;10;11318123137;B
20241021;100007;135.7;10;11318123143;B
20241021;100007;135.68;10;11318123150;S
20241021;100007;135.7;10;11318123153;B
20241021;100007;135.7;10;11318123161;B
20241021;100007;135.7;10;11318123164;B
20241021;100007;135.7;10;11318123167;B
20241021;100007;135.68;10;11318123173;S
20241021;100007;135.7;10;11318123177;B
20241021;100007;135.68;10;11318123200;S
20241021;100007;135.7;10;11318123204;B
20241021;100007;135.68;10;11318123211;S
20241021;100007;135.68;10;11318123217;S
20241021;100007;135.7;10;11318123226;B
20241021;100007;135.7;10;11318123233;B
20241021;100007;135.68;10;11318123239;S
20241021;100007;135.7;10;11318123253;B
20241021;100007;135.7;10;11318123257;B
20241021;100007;135.69;10;11318123264;S
20241021;100007;135.7;10;11318123269;B
20241021;100007;135.7;10;11318123271;B
20241021;100007;135.69;20;11318123277;S
20241021;100007;135.7;10;11318123290;B
20241021;100007;135.69;10;11318123294;S
20241021;100007;135.7;10;11318123301;B
20241021;100007;135.69;10;11318123308;S
20241021;100007;135.7;10;11318123312;B
20241021;100007;135.7;10;11318123321;B
20241021;100007;135.69;430;11318123761;S
20241021;100007;135.69;400;11318123762;S
20241021;100007;135.68;50;11318123763;S
20241021;100007;135.68;10;11318123764;S
20241021;100007;135.68;20;11318123765;S
20241021;100007;135.68;480;11318123766;S
20241021;100007;135.68;1610;11318123767;S
20241021;100007;135.69;30;11318123972;S
20241021;100007;135.7;10;11318123983;B
20241021;100007;135.69;10;11318123999;S
20241021;100007;135.7;10;11318124015;B
20241021;100007;135.69;10;11318124026;S
20241021;100007;135.69;10;11318124038;S
20241021;100007;135.7;10;11318124049;B
20241021;100007;135.7;10;11318124061;B
20241021;100007;135.69;10;11318124069;S
20241021;100007;135.7;10;11318124089;B
20241021;100007;135.69;10;11318124107;S
20241021;100007;135.69;10;11318124122;S
20241021;100007;135.69;10;11318124136;S
20241021;100007;135.7;20;11318124148;B
20241021;100007;135.69;10;11318124157;S
20241021;100007;135.69;70;11318124180;S
20241021;100007;135.69;10;11318124196;S
20241021;100007;135.7;10;11318124209;B
20241021;100007;135.69;10;11318124223;S
20241021;100007;135.7;10;11318124233;B
20241021;100007;135.7;10;11318124250;B
20241021;100007;135.7;10;11318124267;B
20241021;100007;135.7;10;11318124277;B
20241021;100007;135.7;20;11318124295;B
20241021;100007;135.7;10;11318124311;B
20241021;100007;135.7;10;11318124325;B
20241021;100007;135.7;10;11318124342;B
20241021;100007;135.69;10;11318124355;S
20241021;100007;135.7;10;11318124366;B
20241021;100007;135.7;10;11318124378;B
20241021;100007;135.7;30;11318124386;B
20241021;100007;135.69;10;11318124415;S
20241021;100007;135.69;10;11318124426;S
20241021;100007;135.69;10;11318124434;S
20241021;100007;135.69;10;11318124440;S
20241021;100007;135.69;10;11318124446;S
20241021;100007;135.69;10;11318124456;S
20241021;100007;135.69;10;11318124461;S
20241021;100007;135.7;10;11318124470;B
20241021;100007;135.7;10;11318124477;B
20241021;100007;135.7;100;11318124484;B
20241021;100007;135.69;10;11318124496;S
20241021;100007;135.69;10;11318124503;S
20241021;100007;135.7;80;11318124520;B
20241021;100007;135.7;10;11318124522;B
20241021;100007;135.69;10;11318124536;S
20241021;100007;135.69;10;11318124540;S
20241021;100007;135.69;10;11318124561;S
20241021;100007;135.69;10;11318124577;S
20241021;100007;135.7;10;11318124589;B
20241021;100007;135.69;10;11318124600;S
20241021;100007;135.69;10;11318124608;S
20241021;100007;135.69;10;11318124618;S
20241021;100007;135.69;10;11318124622;S
20241021;100007;135.69;20;11318124635;S
20241021;100007;135.69;30;11318124636;S
20241021;100007;135.7;10;11318124666;B
20241021;100007;135.7;10;11318124680;B
20241021;100007;135.69;10;11318124701;S
20241021;100007;135.7;10;11318125155;B
20241021;100007;135.69;10;11318125178;S
20241021;100007;135.7;10;11318125325;B
20241021;100007;135.69;10;11318125343;S
20241021;100007;135.69;10;11318125362;S
20241021;100007;135.69;10;11318125449;S
20241021;100007;135.69;70;11318125463;S
20241021;100007;135.69;10;11318125477;S
20241021;100007;135.69;10;11318125497;S
20241021;100007;135.7;10;11318125520;B
20241021;100007;135.7;10;11318125537;B
20241021;100007;135.7;10;11318125936;B
20241021;100007;135.7;10;11318125953;B
20241021;100007;135.7;10;11318125975;B
20241021;100007;135.69;10;11318125996;S
20241021;100007;135.7;10;11318126011;B
20241021;100007;135.7;10;11318126023;B
20241021;100007;135.69;10;11318126026;S
20241021;100007;135.69;10;11318126047;S
20241021;100007;135.69;10;11318126060;S
20241021;100007;135.7;10;11318126074;B
20241021;100007;135.69;10;11318126090;S
20241021;100007;135.7;10;11318126107;B
20241021;100007;135.7;10;11318126122;B
20241021;100007;135.69;10;11318126150;S
20241021;100007;135.7;30;11318126206;B
20241021;100007;135.7;10;11318126224;B
20241021;100007;135.69;10;11318126227;S
20241021;100007;135.69;20;11318126235;S
20241021;100007;135.69;20;11318126245;S
20241021;100007;135.69;10;11318126250;S
20241021;100007;135.7;10;11318126259;B
20241021;100007;135.7;10;11318126262;B
20241021;100007;135.69;10;11318126269;S
20241021;100007;135.7;10;11318126270;B
20241021;100007;135.69;10;11318126273;S
20241021;100007;135.7;10;11318126285;B
20241021;100007;135.69;10;11318126316;S
20241021;100007;135.69;10;11318126317;S
20241021;100007;135.7;10;11318126326;B
20241021;100007;135.69;50;11318126339;S
20241021;100007;135.69;10;11318126344;S
20241021;100007;135.69;10;11318126351;S
20241021;100007;135.7;10;11318126365;B
20241021;100007;135.69;10;11318126370;S
20241021;100007;135.69;10;11318126377;S
20241021;100007;135.69;10;11318126382;S
20241021;100007;135.69;40;11318126383;S
20241021;100007;135.69;10;11318126394;S
20241021;100007;135.69;20;11318126395;S
20241021;100007;135.7;10;11318126398;B
20241021;100007;135.7;10;11318126402;B
20241021;100007;135.69;10;11318126403;S
20241021;100007;135.7;10;11318126405;B
20241021;100007;135.69;10;11318126413;S
20241021;100007;135.69;10;11318126415;S
20241021;100007;135.7;10;11318126416;B
20241021;100007;135.7;10;11318126422;B
20241021;100007;135.7;10;11318126425;B
20241021;100007;135.7;10;11318126433;B
20241021;100007;135.7;10;11318126436;B
20241021;100007;135.7;10;11318126446;B
20241021;100007;135.69;10;11318126452;S
20241021;100007;135.69;10;11318126453;S
20241021;100007;135.69;10;11318126465;S
20241021;100007;135.7;30;11318126471;B
20241021;100007;135.69;10;11318126476;S
20241021;100007;135.69;20;11318126477;S
20241021;100007;135.7;10;11318126481;B
20241021;100007;135.7;10;11318126483;B
20241021;100007;135.7;10;11318126490;B
20241021;100007;135.7;10;11318126495;B
20241021;100007;135.69;10;11318126496;S
20241021;100007;135.69;10;11318126506;S
20241021;100007;135.7;10;11318126507;B
20241021;100007;135.7;10;11318126509;B
20241021;100007;135.69;10;11318126512;S
20241021;100007;135.69;10;11318126517;S
20241021;100007;135.69;10;11318126518;S
20241021;100007;135.7;10;11318126520;B
20241021;100007;135.69;10;11318126524;S
20241021;100007;135.69;10;11318126528;S
20241021;100007;135.7;10;11318126535;B
20241021;100007;135.69;10;11318126536;S
20241021;100007;135.7;10;11318126541;B
20241021;100007;135.7;10;11318126542;B
20241021;100007;135.7;10;11318126547;B
20241021;100007;135.7;10;11318126552;B
20241021;100007;135.7;10;11318126558;B
20241021;100007;135.69;10;11318126559;S
20241021;100007;135.69;10;11318126564;S
20241021;100007;135.7;80;11318126570;B
20241021;100007;135.71;120;11318126571;B
20241021;100007;135.69;10;11318126576;S
20241021;100007;135.73;20;11318126582;B
20241021;100007;135.73;10;11318126591;B
20241021;100007;135.73;10;11318126592;B
20241021;100007;135.73;10;11318126599;B
20241021;100007;135.73;10;11318126605;B
20241021;100007;135.73;10;11318126607;B
20241021;100007;135.73;10;11318126608;B
20241021;100007;135.69;10;11318126609;S
20241021;100007;135.73;10;11318126616;B
20241021;100007;135.69;10;11318126619;S
20241021;100007;135.69;10;11318126622;S
20241021;100007;135.69;10;11318126624;S
20241021;100007;135.69;10;11318126626;S
20241021;100007;135.73;10;11318126627;B
20241021;100007;135.69;10;11318126638;S
20241021;100007;135.69;10;11318126639;S
20241021;100007;135.73;10;11318126642;B
20241021;100007;135.73;10;11318126643;B
20241021;100007;135.73;10;11318126644;B
20241021;100007;135.73;20;11318126649;B
20241021;100007;135.73;10;11318126651;B
20241021;100007;135.69;10;11318126653;S
20241021;100007;135.69;10;11318126658;S
20241021;100007;135.73;10;11318126662;B
20241021;100007;135.69;10;11318126663;S
20241021;100007;135.69;10;11318126664;S
20241021;100007;135.69;10;11318126667;S
20241021;100007;135.73;10;11318126668;B
20241021;100007;135.73;10;11318126673;B
20241021;100007;135.73;10;11318126676;B
20241021;100007;135.73;20;11318126683;B
20241021;100007;135.73;10;11318126684;B
20241021;100007;135.69;10;11318126686;S
20241021;100007;135.69;10;11318126694;S
20241021;100007;135.73;10;11318126696;B
20241021;100007;135.73;10;11318126697;B
20241021;100007;135.73;10;11318126699;B
20241021;100007;135.69;10;11318126701;S
20241021;100007;135.69;30;11318126706;S
20241021;100007;135.73;10;11318126709;B
20241021;100007;135.73;10;11318126710;B
20241021;100007;135.69;10;11318126711;S
20241021;100007;135.73;10;11318126715;B
20241021;100007;135.73;10;11318126719;B
20241021;100007;135.73;10;11318126721;B
20241021;100007;135.69;10;11318126722;S
20241021;100007;135.73;10;11318126727;B
20241021;100007;135.73;10;11318126729;B
20241021;100007;135.69;10;11318126730;S
20241021;100007;135.69;10;11318126734;S
20241021;100007;135.69;10;11318126735;S
20241021;100007;135.73;70;11318126739;B
20241021;100007;135.69;10;11318126740;S
20241021;100007;135.7;10;11318126742;S
20241021;100007;135.73;10;11318126743;B
20241021;100007;135.73;10;11318126745;B
20241021;100007;135.71;10;11318126746;S
20241021;100007;135.71;10;11318126752;S
20241021;100007;135.73;30;11318126755;B
20241021;100007;135.71;10;11318126758;S
20241021;100007;135.73;10;11318126760;B
20241021;100007;135.71;90;11318126761;S
20241021;100007;135.71;10;11318126766;S
20241021;100007;135.73;10;11318126774;B
20241021;100007;135.73;10;11318126776;B
20241021;100007;135.73;10;11318126777;B
20241021;100007;135.73;10;11318126780;B
20241021;100007;135.71;10;11318126783;S
20241021;100007;135.75;10;11318126789;B
20241021;100007;135.71;10;11318126791;S
20241021;100007;135.75;10;11318126799;B
20241021;100007;135.75;20;11318126804;B
20241021;100007;135.74;20;11318126806;B
20241021;100007;135.71;10;11318126809;S
20241021;100007;135.75;10;11318126817;B
20241021;100007;135.71;20;11318126820;S
20241021;100007;135.71;10;11318126829;S
20241021;100007;135.75;10;11318126832;B
20241021;100007;135.71;40;11318126833;S
20241021;100007;135.75;10;11318126844;B
20241021;100007;135.75;10;11318126848;B
20241021;100007;135.75;10;11318126855;B
20241021;100007;135.75;10;11318126863;B
20241021;100007;135.71;10;11318126874;S
20241021;100007;135.75;10;11318126878;B
20241021;100007;135.71;10;11318126887;S
20241021;100007;135.75;10;11318126893;B
20241021;100007;135.75;10;11318126905;B
20241021;100007;135.75;10;11318126922;B
20241021;100007;135.75;10;11318126939;B
20241021;100007;135.75;10;11318126942;B
20241021;100007;135.75;10;11318126953;B
20241021;100007;135.75;10;11318126955;B
20241021;100007;135.75;10;11318126960;B
20241021;100007;135.75;10;11318126966;B
20241021;100007;135.71;40;11318126972;S
20241021;100007;135.75;10;11318126983;B
20241021;100007;135.75;10;11318126994;B
20241021;100007;135.71;10;11318126998;S
20241021;100007;135.75;10;11318127005;B
20241021;100007;135.75;10;11318127011;B
20241021;100007;135.71;10;11318127033;S
20241021;100007;135.75;10;11318127037;B
20241021;100007;135.71;20;11318127042;S
20241021;100008;135.71;10;11318127047;S
20241021;100008;135.75;10;11318127052;B
20241021;100008;135.71;10;11318127057;S
20241021;100008;135.71;20;11318127062;S
20241021;100008;135.75;10;11318127067;B
20241021;100008;135.71;20;11318127071;S
20241021;100008;135.71;20;11318127076;S
20241021;100008;135.75;10;11318127081;B
20241021;100008;135.75;10;11318127087;B
20241021;100008;135.71;20;11318127094;S
20241021;100008;135.71;10;11318127101;S
20241021;100008;135.75;10;11318127283;B
20241021;100008;135.75;10;11318127284;B
20241021;100008;135.71;10;11318127303;S
20241021;100008;135.75;10;11318127353;B
20241021;100008;135.71;10;11318127418;S
20241021;100008;135.75;70;11318127424;B
20241021;100008;135.75;100;11318127438;B
20241021;100008;135.71;10;11318127443;S
20241021;100008;135.75;10;11318127456;B
20241021;100008;135.75;10;11318127465;B
20241021;100008;135.71;10;11318127482;S
20241021;100008;135.75;10;11318127492;B
20241021;100008;135.75;10;11318127500;B
20241021;100008;135.75;10;11318127512;B
20241021;100008;135.75;10;11318127521;B
20241021;100008;135.75;10;11318127525;B
20241021;100008;135.75;10;11318127531;B
20241021;100008;135.75;10;11318127539;B
20241021;100008;135.75;10;11318127541;B
20241021;100008;135.71;10;11318127548;S
20241021;100008;135.71;10;11318127554;S
20241021;100008;135.75;10;11318127563;B
20241021;100008;135.75;10;11318127573;B
20241021;100008;135.75;10;11318127578;B
20241021;100008;135.75;10;11318127588;B
20241021;100008;135.75;10;11318127597;B
20241021;100008;135.75;10;11318127601;B
20241021;100008;135.75;10;11318127608;B
20241021;100008;135.75;10;11318127617;B
20241021;100008;135.75;10;11318127622;B
20241021;100008;135.71;20;11318127629;S
20241021;100008;135.75;10;11318127637;B
20241021;100008;135.75;10;11318127649;B
20241021;100008;135.75;10;11318127654;B
20241021;100008;135.75;10;11318127661;B
20241021;100008;135.75;10;11318127666;B
20241021;100008;135.71;20;11318127672;S
20241021;100008;135.75;10;11318127679;B
20241021;100008;135.75;10;11318127690;B
20241021;100008;135.75;10;11318127702;B
20241021;100008;135.71;10;11318127712;S
20241021;100008;135.75;10;11318127723;B
20241021;100008;135.75;10;11318127734;B
20241021;100008;135.71;10;11318127742;S
20241021;100008;135.75;10;11318127754;B
20241021;100008;135.75;10;11318127762;B
20241021;100008;135.75;10;11318127778;B
20241021;100008;135.75;10;11318127792;B
20241021;100008;135.71;10;11318127800;S
20241021;100008;135.71;10;11318127813;S
20241021;100008;135.75;10;11318127824;B
20241021;100008;135.71;50;11318127828;S
20241021;100008;135.71;10;11318127843;S
20241021;100008;135.75;10;11318127853;B
20241021;100008;135.75;20;11318127874;B
20241021;100008;135.71;10;11318127888;S
20241021;100008;135.71;10;11318127925;S
20241021;100008;135.75;10;11318127939;B
20241021;100008;135.71;20;11318127950;S
20241021;100008;135.71;10;11318127963;S
20241021;100008;135.75;10;11318127977;B
20241021;100008;135.75;10;11318127986;B
20241021;100008;135.71;10;11318128509;S
20241021;100008;135.75;10;11318128525;B
20241021;100008;135.72;10;11318128550;S
20241021;100008;135.72;390;11318128554;S
20241021;100008;135.72;20;11318128563;B
20241021;100008;135.72;20;11318128592;B
20241021;100008;135.72;20;11318128596;B
20241021;100008;135.72;10;11318128617;B
20241021;100008;135.72;10;11318128638;B
20241021;100008;135.72;10;11318128673;B
20241021;100008;135.72;10;11318128696;B
20241021;100008;135.72;10;11318128726;B
20241021;100008;135.71;10;11318128764;S
20241021;100008;135.71;10;11318128771;S
20241021;100008;135.72;10;11318128790;B
20241021;100008;135.71;70;11318128803;S
20241021;100008;135.71;30;11318128804;S
20241021;100008;135.7;10;11318128811;S
20241021;100008;135.7;10;11318128813;S
20241021;100008;135.72;10;11318128824;B
20241021;100008;135.7;20;11318128831;S
20241021;100008;135.7;20;11318128845;S
20241021;100008;135.72;10;11318128865;B
20241021;100008;135.7;30;11318128870;S
20241021;100008;135.72;470;11318128881;B
20241021;100008;135.75;260;11318128882;B
20241021;100008;135.7;10;11318128900;S
20241021;100008;135.75;10;11318128905;B
20241021;100008;135.75;10;11318128915;B
20241021;100008;135.7;10;11318128919;S
20241021;100008;135.7;10;11318128935;S
20241021;100008;135.75;10;11318128940;B
20241021;100008;135.75;10;11318128949;B
20241021;100008;135.7;10;11318128960;S
20241021;100008;135.75;10;11318129004;B
20241021;100008;135.75;10;11318129020;B
20241021;100008;135.75;10;11318129023;B
20241021;100008;135.7;10;11318129024;S
20241021;100008;135.75;10;11318129035;B
20241021;100008;135.7;10;11318129044;S
20241021;100008;135.7;10;11318129048;S
20241021;100008;135.7;10;11318129052;S
20241021;100008;135.7;10;11318129061;S
20241021;100008;135.75;10;11318129063;B
20241021;100008;135.75;10;11318129078;B
20241021;100008;135.75;10;11318129080;B
20241021;100008;135.75;10;11318129083;B
20241021;100008;135.7;10;11318129091;S
20241021;100008;135.7;10;11318129103;S
20241021;100008;135.7;10;11318129106;S
20241021;100008;135.7;10;11318129118;S
20241021;100008;135.75;10;11318129119;B
20241021;100008;135.7;10;11318129128;S
20241021;100008;135.7;10;11318129135;S
20241021;100008;135.75;10;11318129145;B
20241021;100008;135.75;10;11318129146;B
20241021;100008;135.7;10;11318129154;S
20241021;100008;135.7;10;11318129155;S
20241021;100008;135.75;10;11318129160;B
20241021;100008;135.75;30;11318129172;B
20241021;100008;135.75;10;11318129174;B
20241021;100008;135.75;10;11318129180;B
20241021;100008;135.75;10;11318129182;B
20241021;100008;135.7;30;11318129188;S
20241021;100008;135.75;10;11318129195;B
20241021;100008;135.7;10;11318129201;S
20241021;100008;135.7;10;11318129203;S
20241021;100008;135.75;10;11318129209;B
20241021;100008;135.75;10;11318129214;B
20241021;100008;135.7;10;11318129215;S
20241021;100008;135.7;10;11318129223;S
20241021;100008;135.7;10;11318129231;S
20241021;100008;135.75;10;11318129233;B
20241021;100008;135.7;20;11318129238;S
20241021;100008;135.7;20;11318129258;S
20241021;100008;135.75;30;11318129260;B
20241021;100008;135.75;10;11318129267;B
20241021;100008;135.7;10;11318129284;S
20241021;100008;135.75;10;11318129288;B
20241021;100008;135.7;10;11318129296;S
20241021;100008;135.7;10;11318129298;S
20241021;100008;135.75;10;11318129308;B
20241021;100008;135.7;10;11318129312;S
20241021;100008;135.75;10;11318129317;B
20241021;100008;135.75;10;11318129329;B
20241021;100008;135.7;10;11318129332;S
20241021;100008;135.7;10;11318129341;S
20241021;100008;135.7;10;11318129342;S
20241021;100008;135.7;10;11318129343;S
20241021;100008;135.75;10;11318129350;B
20241021;100008;135.7;20;11318129351;S
20241021;100008;135.7;10;11318129365;S
20241021;100008;135.7;10;11318129374;S
20241021;100008;135.7;10;11318129375;S
20241021;100008;135.75;10;11318129379;B
20241021;100008;135.7;370;11318129387;S
20241021;100008;135.7;330;11318129388;S
20241021;100008;135.75;10;11318129397;B
20241021;100008;135.75;10;11318129398;B
20241021;100008;135.75;10;11318129399;B
20241021;100008;135.71;10;11318129417;S
20241021;100008;135.75;10;11318129431;B
20241021;100008;135.71;10;11318129433;S
20241021;100008;135.75;30;11318129441;B
20241021;100008;135.75;10;11318129443;B
20241021;100008;135.75;10;11318129459;B
20241021;100008;135.75;10;11318129460;B
20241021;100008;135.75;10;11318129463;B
20241021;100008;135.75;10;11318129474;B
20241021;100008;135.71;10;11318129479;S
20241021;100008;135.71;20;11318129483;S
20241021;100008;135.75;10;11318129490;B
20241021;100008;135.75;10;11318129493;B
20241021;100008;135.71;10;11318129505;S
20241021;100008;135.71;10;11318129513;S
20241021;100008;135.75;10;11318129515;B
20241021;100008;135.75;10;11318129528;B
20241021;100008;135.71;10;11318129531;S
20241021;100008;135.75;13320;11318129532;B
20241021;100008;135.75;100;11318129536;S
20241021;100008;135.75;8700;11318129537;S
20241021;100008;135.79;10;11318129542;B
20241021;100008;135.79;10;11318129550;B
20241021;100008;135.75;230;11318129551;S
20241021;100008;135.75;10;11318129559;S
20241021;100008;135.75;10;11318129569;S
20241021;100008;135.79;20;11318129570;B
20241021;100008;135.79;10;11318129587;B
20241021;100008;135.75;10;11318129588;S
20241021;100008;135.79;10;11318129592;B
20241021;100008;135.75;10;11318129604;S
20241021;100008;135.79;10;11318129610;B
20241021;100008;135.79;10;11318129612;B
20241021;100008;135.79;10;11318129629;B
20241021;100008;135.75;10;11318129641;S
20241021;100008;135.79;10;11318129642;B
20241021;100008;135.79;10;11318129650;B
20241021;100008;135.79;10;11318129653;B
20241021;100008;135.79;10;11318129662;B
20241021;100008;135.75;10;11318129675;S
20241021;100008;135.75;10;11318129676;S
20241021;100008;135.79;10;11318129677;B
20241021;100008;135.79;10;11318129691;B
20241021;100008;135.75;10;11318129692;S
20241021;100008;135.79;10;11318129698;B
20241021;100008;135.79;10;11318129710;B
20241021;100008;135.79;10;11318129713;B
20241021;100008;135.79;10;11318129723;B
20241021;100008;135.75;20;11318129724;S
20241021;100008;135.79;10;11318129739;B
20241021;100008;135.75;10;11318129754;S
20241021;100008;135.75;300;11318129755;S
20241021;100008;135.75;20;11318129775;S
20241021;100008;135.75;20;11318129778;S
20241021;100008;135.79;10;11318129785;B
20241021;100008;135.79;10;11318129792;B
20241021;100008;135.75;10;11318129797;S
20241021;100008;135.75;10;11318129814;S
20241021;100008;135.79;10;11318129816;B
20241021;100008;135.79;10;11318129831;B
20241021;100008;135.79;10;11318129835;B
20241021;100008;135.79;10;11318129857;B
20241021;100008;135.75;30;11318129872;S
20241021;100008;135.79;10;11318129875;B
20241021;100008;135.75;10;11318129889;S
20241021;100008;135.79;10;11318129908;B
20241021;100008;135.79;10;11318129929;B
20241021;100008;135.79;10;11318129938;B
20241021;100008;135.79;10;11318129940;B
20241021;100008;135.79;10;11318129954;B
20241021;100008;135.79;10;11318129963;B
20241021;100008;135.75;10;11318129964;S
20241021;100008;135.79;10;11318129977;B
20241021;100008;135.79;20;11318129983;B
20241021;100008;135.79;10;11318129990;B
20241021;100008;135.75;20;11318129997;S
20241021;100008;135.79;10;11318130001;B
20241021;100008;135.75;10;11318130016;S
20241021;100008;135.75;10;11318130018;S
20241021;100008;135.79;10;11318130019;B
20241021;100008;135.79;10;11318130033;B
20241021;100008;135.75;10;11318130034;S
20241021;100008;135.79;10;11318130047;B
20241021;100008;135.75;10;11318130073;S
20241021;100008;135.79;30;11318130084;B
20241021;100008;135.79;10;11318130101;B
20241021;100008;135.75;20;11318130113;S
20241021;100008;135.79;10;11318130123;B
20241021;100008;135.79;10;11318130136;B
20241021;100008;135.75;10;11318130157;S
20241021;100008;135.79;30;11318130169;B
20241021;100008;135.79;10;11318130179;B
20241021;100008;135.75;10;11318130195;S
20241021;100008;135.75;10;11318130207;S
20241021;100008;135.75;10;11318130219;S
20241021;100008;135.79;10;11318130239;B
20241021;100008;135.75;10;11318130244;S
20241021;100008;135.75;40;11318130252;S
20241021;100008;135.75;10;11318130260;S
20241021;100008;135.75;10;11318130264;S
20241021;100008;135.75;10;11318130279;S
20241021;100008;135.79;10;11318130285;B
20241021;100008;135.75;20;11318130293;S
20241021;100008;135.75;10;11318130301;S
20241021;100008;135.75;10;11318130317;S
20241021;100008;135.75;10;11318130325;S
20241021;100008;135.75;10;11318130331;S
20241021;100008;135.79;10;11318130340;B
20241021;100008;135.79;10;11318130343;B
20241021;100008;135.75;40;11318130348;S
20241021;100008;135.75;10;11318130356;S
20241021;100008;135.75;10;11318130367;S
20241021;100008;135.75;10;11318130371;S
20241021;100008;135.75;10;11318130377;S
20241021;100009;135.79;10;11318130385;B
20241021;100009;135.75;10;11318130396;S
20241021;100009;135.75;10;11318130402;S
20241021;100009;135.79;10;11318130409;B
20241021;100009;135.75;10;11318130417;S
20241021;100009;135.75;10;11318130425;S
20241021;100009;135.75;10;11318130432;S
20241021;100009;135.79;10;11318130445;B
20241021;100009;135.79;10;11318130820;B
20241021;100009;135.79;10;11318130821;B
20241021;100009;135.79;10;11318130822;B
20241021;100009;135.75;10;11318130823;S
20241021;100009;135.79;10;11318130824;B
20241021;100009;135.75;10;11318130825;S
20241021;100009;135.75;10;11318130826;S
20241021;100009;135.75;10;11318130827;S
20241021;100009;135.75;10;11318130828;S
20241021;100009;135.75;10;11318130829;S
20241021;100009;135.79;10;11318130830;B
20241021;100009;135.75;10;11318130831;S
20241021;100009;135.79;10;11318130832;B
20241021;100009;135.75;10;11318130833;S
20241021;100009;135.75;10;11318130834;S
20241021;100009;135.79;10;11318130835;B
20241021;100009;135.79;10;11318130836;B
20241021;100009;135.79;10;11318130837;B
20241021;100009;135.79;10;11318130838;B
20241021;100009;135.79;10;11318130839;B
20241021;100009;135.79;10;11318130840;B
20241021;100009;135.75;10;11318130841;S
20241021;100009;135.79;10;11318130842;B
20241021;100009;135.79;10;11318130843;B
20241021;100009;135.75;10;11318130844;S
20241021;100009;135.79;10;11318130845;B
20241021;100009;135.75;30;11318130846;S
20241021;100009;135.79;10;11318130847;B
20241021;100009;135.79;10;11318130848;B
20241021;100009;135.75;40;11318130849;S
20241021;100009;135.75;10;11318130850;S
20241021;100009;135.75;10;11318130851;S
20241021;100009;135.79;10;11318130852;B
20241021;100009;135.79;10;11318130853;B
20241021;100009;135.75;10;11318130854;S
20241021;100009;135.79;10;11318130855;B
20241021;100009;135.76;210;11318131708;S
20241021;100009;135.79;760;11318131959;B
20241021;100009;135.76;60;11318132196;S
20241021;100009;135.79;10;11318132558;B
20241021;100009;135.76;10;11318132560;S
20241021;100009;135.79;30;11318132566;B
20241021;100009;135.76;10;11318132574;S
20241021;100009;135.79;10;11318132583;B
20241021;100009;135.79;10;11318132584;B
20241021;100009;135.79;10;11318132590;B
20241021;100009;135.76;10;11318132595;S
20241021;100009;135.79;10;11318132600;B
20241021;100009;135.79;30;11318132604;B
20241021;100009;135.79;20;11318132608;B
20241021;100009;135.79;10;11318132620;B
20241021;100010;135.76;30;11318133461;S
20241021;100010;135.76;450;11318133643;S
20241021;100010;135.75;30;11318133644;S
20241021;100010;135.79;190;11318134087;B
20241021;100010;135.75;70;11318134088;S
20241021;100010;135.75;30;11318134112;S
20241021;100010;135.79;10;11318134313;B
20241021;100010;135.75;10;11318134314;S
20241021;100010;135.79;10;11318134315;B
20241021;100010;135.75;10;11318134316;S
20241021;100010;135.75;10;11318134317;S
20241021;100010;135.79;10;11318134318;B
20241021;100010;135.75;10;11318134319;S
20241021;100010;135.75;10;11318134320;S
20241021;100010;135.79;10;11318134322;B
20241021;100010;135.75;10;11318134323;S
20241021;100010;135.75;10;11318134324;S
20241021;100010;135.79;10;11318134326;B
20241021;100010;135.75;10;11318134328;S
20241021;100010;135.75;10;11318134329;S
20241021;100010;135.75;10;11318134330;S
20241021;100010;135.75;10;11318134335;S
20241021;100010;135.79;10;11318134336;B
20241021;100010;135.79;10;11318134337;B
20241021;100010;135.75;10;11318134339;S
20241021;100010;135.79;10;11318134340;B
20241021;100010;135.79;10;11318134341;B
20241021;100010;135.75;10;11318134342;S
20241021;100010;135.75;10;11318134344;S
20241021;100010;135.75;10;11318134345;S
20241021;100010;135.79;10;11318134346;B
20241021;100010;135.79;10;11318134347;B
20241021;100010;135.75;10;11318134350;S
20241021;100010;135.79;10;11318134351;B
20241021;100010;135.79;10;11318134353;B
20241021;100010;135.79;320;11318134354;B
20241021;100010;135.79;320;11318134355;B
20241021;100010;135.8;10;11318134356;B
20241021;100010;135.8;10;11318134357;B
20241021;100010;135.8;10;11318134358;B
20241021;100010;135.8;10;11318134359;B
20241021;100010;135.8;10;11318134360;B
20241021;100010;135.8;10;11318134361;B
20241021;100010;135.8;10;11318134362;B
20241021;100010;135.8;10;11318134363;B
20241021;100010;135.8;10;11318134364;B
20241021;100010;135.8;10;11318134365;B
20241021;100010;135.8;10;11318134366;B
20241021;100010;135.8;50;11318134367;B
20241021;100010;135.81;200;11318134368;B
20241021;100010;135.75;10;11318134369;S
20241021;100010;135.75;10;11318134371;S
20241021;100010;135.84;10;11318134372;B
20241021;100010;135.84;10;11318134374;B
20241021;100010;135.75;10;11318134376;S
20241021;100010;135.76;10;11318134379;S
20241021;100010;135.84;10;11318134380;B
20241021;100010;135.84;480;11318134940;B
20241021;100010;135.84;1520;11318134941;B
20241021;100010;135.85;110;11318134984;B
20241021;100011;135.85;400;11318134985;S
20241021;100011;135.85;690;11318135124;S
20241021;100011;135.79;50;11318135125;S
20241021;100011;135.86;400;11318135127;B
20241021;100011;135.87;600;11318135128;B
20241021;100011;135.87;10;11318135504;B
20241021;100011;135.87;10;11318135505;B
20241021;100012;135.83;10;11318135603;S
20241021;100012;135.87;40;11318135620;B
20241021;100012;135.82;10;11318135671;S
20241021;100014;135.87;340;11318136337;B
20241021;100014;135.88;250;11318136338;B
20241021;100014;135.89;100;11318136339;B
20241021;100014;135.9;10;11318136340;B
20241021;100014;135.92;10;11318136341;B
20241021;100014;135.92;500;11318136342;B
20241021;100014;135.92;1900;11318136343;B
20241021;100015;135.92;300;11318136502;B
20241021;100015;135.92;10;11318136623;B
20241021;100015;135.9;150;11318136625;S
20241021;100015;135.92;100;11318136727;B
20241021;100016;135.9;20;11318136772;S
20241021;100016;135.91;10;11318136835;S
20241021;100016;135.9;1820;11318136836;S
20241021;100016;135.85;10;11318136837;S
20241021;100016;135.85;1330;11318136838;S
20241021;100016;135.84;1110;11318136839;S
20241021;100016;135.83;480;11318136840;S
20241021;100016;135.82;10;11318136841;S
20241021;100016;135.82;230;11318136842;S
20241021;100016;135.92;200;11318136903;B
20241021;100017;135.92;10;11318137211;B
20241021;100017;135.9;10;11318137235;S
20241021;100017;135.85;490;11318137236;S
20241021;100018;135.92;100;11318137259;B
20241021;100019;135.92;30;11318137553;B
20241021;100019;135.92;10;11318137597;B
20241021;100019;135.92;290;11318137607;B
20241021;100020;135.88;30;11318138412;S
20241021;100021;135.9;100;11318138435;B
20241021;100021;135.86;400;11318138513;S
20241021;100021;135.85;100;11318138514;S
20241021;100021;135.85;400;11318138515;S
20241021;100021;135.84;400;11318138516;S
20241021;100021;135.84;1850;11318138517;S
20241021;100021;135.83;180;11318138518;S
20241021;100021;135.83;1670;11318138519;S
20241021;100023;135.89;10;11318139075;B
20241021;100023;135.9;900;11318139076;B
20241021;100023;135.92;590;11318139077;B
20241021;100023;135.89;10;11318139364;B
20241021;100023;135.9;190;11318139365;B
20241021;100025;135.9;1000;11318139927;B
20241021;100025;135.9;1000;11318140045;B
20241021;100025;135.9;1000;11318140046;B
20241021;100025;135.9;1000;11318140047;B
20241021;100025;135.9;810;11318140048;B
20241021;100025;135.93;10;11318140051;B
20241021;100025;135.93;10;11318140052;B
20241021;100025;135.94;10;11318140053;B
20241021;100025;135.94;50;11318140054;B
20241021;100025;135.95;200;11318140055;B
20241021;100025;135.95;800;11318140056;B
20241021;100025;135.95;1000;11318140057;B
20241021;100025;135.95;120;11318140058;B
20241021;100026;135.96;1000;11318140414;B
20241021;100026;135.95;10;11318140518;S
20241021;100027;135.95;10;11318140544;S
20241021;100027;135.96;280;11318140632;B
20241021;100027;135.96;40;11318140633;B
20241021;100027;135.96;150;11318140635;B
20241021;100027;135.95;980;11318140840;S
20241021;100027;135.95;20;11318140841;S
20241021;100028;135.95;40;11318141007;S
20241021;100029;135.95;940;11318141078;S
20241021;100029;135.94;300;11318141079;S
20241021;100029;135.94;1000;11318141080;S
20241021;100029;135.94;90;11318141081;S
20241021;100029;135.96;60;11318141312;B
20241021;100030;135.94;90;11318141490;B
20241021;100031;135.95;90;11318141643;S
20241021;100031;135.95;10;11318141662;S
20241021;100032;135.96;60;11318141987;B
20241021;100033;135.96;100;11318142225;B
20241021;100033;135.95;20;11318142277;S
20241021;100033;135.95;40;11318142342;S
20241021;100033;135.96;310;11318142626;B
20241021;100035;135.95;100;11318143166;S
20241021;100036;135.96;10;11318143327;B
20241021;100036;135.96;10;11318143352;B
20241021;100037;135.95;60;11318143631;S
20241021;100038;135.95;40;11318143734;S
20241021;100038;135.96;500;11318143761;B
20241021;100038;135.96;500;11318143871;B
20241021;100038;135.95;220;11318143936;S
20241021;100038;135.95;400;11318143937;S
20241021;100038;135.95;1000;11318143938;S
20241021;100038;135.94;480;11318143939;S
20241021;100038;135.94;1000;11318143940;S
20241021;100038;135.93;480;11318143941;S
20241021;100038;135.93;1000;11318143942;S
20241021;100038;135.92;480;11318143943;S
20241021;100038;135.92;100;11318143944;S
20241021;100038;135.92;1000;11318143945;S
20241021;100038;135.91;1000;11318143946;S
20241021;100038;135.91;340;11318143947;S
20241021;100039;135.93;50;11318144045;S
20241021;100040;135.96;760;11318144326;B
20241021;100040;135.96;400;11318144327;B
20241021;100040;135.96;10;11318144328;B
20241021;100040;135.96;90;11318144329;B
20241021;100040;135.96;240;11318144330;B
20241021;100040;135.96;10;11318144495;B
20241021;100041;135.93;950;11318144623;S
20241021;100041;135.93;480;11318144624;S
20241021;100041;135.93;500;11318144625;S
20241021;100041;135.92;1850;11318144626;S
20241021;100041;135.92;1000;11318144627;S
20241021;100041;135.92;480;11318144628;S
20241021;100041;135.91;140;11318144629;S
20241021;100041;135.91;1000;11318144630;S
20241021;100041;135.9;1000;11318144631;S
20241021;100041;135.9;480;11318144632;S
20241021;100041;135.9;2120;11318144633;S
20241021;100041;135.91;130;11318144634;S
20241021;100042;135.96;2000;11318144961;B
20241021;100043;135.95;10;11318145143;B
20241021;100043;135.95;10;11318145144;B
20241021;100043;135.96;50;11318145145;B
20241021;100044;135.95;50;11318145548;B
20241021;100044;135.95;340;11318145549;B
20241021;100044;135.96;260;11318145550;B
20241021;100044;135.96;850;11318145551;B
20241021;100045;135.94;30;11318145803;S
20241021;100045;135.95;20;11318145950;B
20241021;100045;135.95;80;11318145951;B
20241021;100048;135.95;480;11318146686;S
20241021;100048;135.95;1000;11318146687;S
20241021;100048;135.94;450;11318146688;S
20241021;100048;135.94;300;11318146689;S
20241021;100048;135.93;480;11318146690;S
20241021;100048;135.92;1000;11318146691;S
20241021;100048;135.92;480;11318146692;S
20241021;100048;135.91;870;11318146693;S
20241021;100048;135.91;480;11318146694;S
20241021;100048;135.91;1850;11318146695;S
20241021;100048;135.9;2610;11318146696;S
20241021;100048;135.94;50;11318146798;S
20241021;100048;135.94;600;11318146866;S
20241021;100049;135.95;460;11318146976;B
20241021;100049;135.95;10;11318147032;B
20241021;100049;135.95;10;11318147035;B
20241021;100049;135.95;20;11318147143;B
20241021;100049;135.94;100;11318147171;S
20241021;100050;135.95;500;11318147520;B
20241021;100051;135.95;100;11318147907;B
20241021;100051;135.95;650;11318147908;B
20241021;100051;135.96;150;11318147909;B
20241021;100051;135.96;100;11318147910;B
20241021;100051;135.96;1500;11318147911;B
20241021;100051;135.95;90;11318147938;S
20241021;100053;135.96;400;11318148710;B
20241021;100053;135.96;200;11318148711;B
20241021;100053;135.96;410;11318148712;B
20241021;100054;135.96;500;11318148916;B
20241021;100054;135.96;10;11318148964;B
20241021;100054;135.95;10;11318148995;S
20241021;100054;135.96;80;11318149065;B
20241021;100054;135.96;220;11318149066;B
20241021;100056;135.96;700;11318149451;B
20241021;100056;135.96;1080;11318149480;B
20241021;100056;135.96;420;11318149481;B
20241021;100056;135.96;300;11318149642;B
20241021;100056;135.96;200;11318149710;B
20241021;100057;135.95;480;11318149843;S
20241021;100057;135.95;520;11318149844;S
20241021;100057;135.96;200;11318149877;B
20241021;100057;135.96;880;11318149950;B
20241021;100057;135.96;90;11318149951;B
20241021;100057;135.97;730;11318149952;B
20241021;100058;135.96;1500;11318150309;B
20241021;100058;135.96;500;11318150310;B
20241021;100058;135.97;1000;11318150311;B
20241021;100058;135.97;1500;11318150314;B
20241021;100058;135.97;1500;11318150316;B
20241021;100058;135.97;200;11318150404;B
20241021;100059;135.96;1000;11318150490;S
20241021;100059;135.96;500;11318150491;S
20241021;100100;135.96;40;11318150765;S
20241021;100100;135.96;460;11318150868;S
20241021;100100;135.96;480;11318150869;S
20241021;100100;135.96;1060;11318150870;S
20241021;100100;135.97;70;11318150970;B
20241021;100100;135.97;130;11318150971;B
20241021;100101;135.97;20;11318151109;B
20241021;100101;135.97;10;11318151134;B
20241021;100101;135.96;500;11318151135;S
20241021;100102;135.97;100;11318151649;B
20241021;100103;135.96;220;11318151752;S
20241021;100103;135.97;250;11318151799;B
20241021;100103;135.97;100;11318151960;B
20241021;100104;135.97;10;11318152100;B
20241021;100104;135.96;10;11318152104;S
20241021;100105;135.97;370;11318152401;B
20241021;100106;135.97;10;11318152713;B
20241021;100106;135.97;10;11318152714;B
20241021;100106;135.96;110;11318152833;S
20241021;100106;135.97;10;11318152851;B
20241021;100106;135.97;200;11318152852;B
20241021;100106;135.97;10;11318152853;B
20241021;100106;135.97;1000;11318152854;B
20241021;100106;135.97;10;11318152855;B
20241021;100106;135.97;10;11318152856;B
20241021;100106;135.97;100;11318152857;B
20241021;100106;135.97;400;11318152858;B
20241021;100106;135.97;90;11318152859;B
20241021;100106;135.98;100;11318152860;B
20241021;100106;135.98;100;11318152861;B
20241021;100106;135.98;400;11318152862;B
20241021;100106;135.99;10;11318152863;B
20241021;100106;135.99;10;11318152864;B
20241021;100106;135.99;200;11318152865;B
20241021;100106;135.99;100;11318152866;B
20241021;100106;135.99;110;11318152867;B
20241021;100107;135.98;400;11318152892;B
20241021;100107;135.98;1100;11318153059;S
20241021;100107;135.98;480;11318153060;S
20241021;100107;135.98;1000;11318153061;S
20241021;100107;135.98;400;11318153062;S
20241021;100107;135.98;400;11318153063;S
20241021;100107;135.98;2310;11318153064;S
20241021;100107;135.98;2000;11318153065;S
20241021;100107;135.98;1000;11318153066;S
20241021;100107;135.97;400;11318153067;S
20241021;100107;135.97;480;11318153068;S
20241021;100107;135.97;1000;11318153069;S
20241021;100107;135.97;620;11318153070;S
20241021;100107;135.96;480;11318153071;S
20241021;100107;135.96;1000;11318153072;S
20241021;100107;135.96;400;11318153073;S
20241021;100107;135.96;400;11318153074;S
20241021;100107;135.96;300;11318153075;S
20241021;100107;135.95;200;11318153076;S
20241021;100107;135.95;480;11318153077;S
20241021;100107;135.95;20;11318153078;S
20241021;100107;135.95;10;11318153079;S
20241021;100107;135.95;1000;11318153080;S
20241021;100107;135.95;2200;11318153083;B
20241021;100107;135.95;2000;11318153085;B
20241021;100108;135.94;180;11318153299;S
20241021;100108;135.95;30;11318153357;B
20241021;100108;135.94;90;11318153432;S
20241021;100109;135.95;60;11318153468;B
20241021;100109;135.94;60;11318153640;S
20241021;100110;135.95;60;11318153703;B
20241021;100111;135.95;60;11318153924;B
20241021;100111;135.95;20000;11318154027;B
20241021;100112;135.95;1900;11318154190;B
20241021;100112;135.95;60;11318154201;B
20241021;100113;135.95;60;11318154398;B
20241021;100113;135.94;500;11318154402;S
20241021;100113;135.95;200;11318154453;B
20241021;100113;135.94;180;11318154501;S
20241021;100114;135.95;60;11318154680;B
20241021;100115;135.94;60;11318154777;S
20241021;100116;135.94;1240;11318155104;S
20241021;100117;135.94;200;11318155136;B
20241021;100117;135.94;100;11318155172;B
20241021;100117;135.93;100;11318155365;S
20241021;100118;135.93;100;11318155455;S
20241021;100118;135.94;20;11318155463;B
20241021;100118;135.93;700;11318155484;S
20241021;100118;135.93;2310;11318155485;S
20241021;100118;135.91;1480;11318155486;S
20241021;100118;135.9;510;11318155487;S
20241021;100118;135.92;490;11318155524;B
20241021;100119;135.91;2310;11318155612;S
20241021;100119;135.9;4760;11318155613;S
20241021;100119;135.9;1000;11318155614;S
20241021;100119;135.9;10;11318155615;S
20241021;100119;135.9;1570;11318155616;S
20241021;100120;135.86;20;11318155941;S
20241021;100120;135.87;90;11318156011;B
20241021;100120;135.87;110;11318156012;B
20241021;100121;135.86;100;11318156059;S
20241021;100122;135.86;10;11318156490;S
20241021;100122;135.86;2180;11318156493;S
20241021;100122;135.85;10;11318156494;S
20241021;100122;135.85;1000;11318156495;S
20241021;100122;135.84;4000;11318156496;S
20241021;100122;135.83;1000;11318156497;S
20241021;100122;135.83;480;11318156498;S
20241021;100122;135.83;2660;11318156499;S
20241021;100122;135.83;2670;11318156500;S
20241021;100122;135.82;480;11318156501;S
20241021;100122;135.81;480;11318156502;S
20241021;100122;135.81;1000;11318156503;S
20241021;100122;135.8;480;11318156504;S
20241021;100122;135.8;560;11318156505;S
20241021;100122;135.86;100;11318156506;B
20241021;100123;135.84;400;11318156525;B
20241021;100123;135.84;10;11318156569;S
20241021;100123;135.83;20;11318156792;S
20241021;100124;135.83;20;11318156833;S
20241021;100124;135.83;100;11318156955;S
20241021;100126;135.84;50;11318157204;S
20241021;100127;135.85;40;11318157539;S
20241021;100127;135.85;480;11318157540;S
20241021;100127;135.85;1000;11318157541;S
20241021;100127;135.84;430;11318157542;S
20241021;100127;135.83;1860;11318157543;S
20241021;100127;135.83;290;11318157544;S
20241021;100127;135.85;30;11318157596;S
20241021;100128;135.86;20;11318157626;B
20241021;100128;135.84;480;11318157794;S
20241021;100128;135.83;190;11318157795;S
20241021;100128;135.83;1000;11318157796;S
20241021;100128;135.82;480;11318157797;S
20241021;100128;135.82;5310;11318157798;S
20241021;100129;135.83;10;11318157846;S
20241021;100130;135.84;90;11318158111;B
20241021;100130;135.85;90;11318158112;B
20241021;100130;135.86;400;11318158142;B
20241021;100130;135.87;20;11318158143;B
20241021;100130;135.87;280;11318158144;B
20241021;100130;135.86;400;11318158145;B
20241021;100130;135.87;120;11318158146;B
20241021;100130;135.88;280;11318158147;B
20241021;100130;135.87;400;11318158148;B
20241021;100130;135.87;1100;11318158203;S
20241021;100130;135.87;300;11318158204;S
20241021;100130;135.85;1320;11318158205;S
20241021;100131;135.83;20;11318158254;B
20241021;100131;135.83;10;11318158262;B
20241021;100132;135.8;30;11318158525;B
20241021;100132;135.77;900;11318158530;S
20241021;100133;135.78;10;11318158704;B
20241021;100135;135.77;180;11318159182;S
20241021;100135;135.78;10;11318159186;B
20241021;100135;135.77;2080;11318159213;S
20241021;100135;135.77;870;11318159214;S
20241021;100135;135.76;10;11318159290;S
20241021;100135;135.75;20;11318159291;S
20241021;100135;135.74;170;11318159292;S
20241021;100135;135.73;50;11318159293;S
20241021;100135;135.73;400;11318159294;S
20241021;100135;135.69;60;11318159295;S
20241021;100138;135.73;130;11318159635;B
20241021;100138;135.72;210;11318159730;S
20241021;100138;135.72;690;11318159731;S
20241021;100138;135.71;10;11318159767;S
20241021;100138;135.71;290;11318159768;S
20241021;100139;135.74;10;11318159803;B
20241021;100139;135.75;40;11318159847;B
20241021;100140;135.74;10;11318160050;S
20241021;100140;135.73;30;11318160051;S
20241021;100140;135.75;400;11318160108;B
20241021;100141;135.73;100;11318160189;S
20241021;100141;135.74;10;11318160334;S
20241021;100141;135.73;90;11318160335;S
20241021;100141;135.75;280;11318160376;B
20241021;100142;135.74;400;11318160416;S
20241021;100142;135.73;280;11318160417;S
20241021;100142;135.73;380;11318160418;S
20241021;100142;135.73;1000;11318160419;S
20241021;100142;135.73;2000;11318160420;S
20241021;100142;135.73;400;11318160421;S
20241021;100142;135.72;10;11318160422;S
20241021;100142;135.72;400;11318160423;S
20241021;100142;135.7;1850;11318160424;S
20241021;100142;135.69;1800;11318160425;S
20241021;100142;135.69;8020;11318160426;S
20241021;100142;135.69;480;11318160427;S
20241021;100142;135.69;1200;11318160428;B
20241021;100142;135.68;200;11318160467;S
20241021;100142;135.67;10;11318160468;S
20241021;100142;135.67;10;11318160469;S
20241021;100142;135.67;10;11318160470;S
20241021;100142;135.67;50;11318160471;S
20241021;100142;135.67;10;11318160472;S
20241021;100142;135.67;10;11318160473;S
20241021;100142;135.67;10;11318160474;S
20241021;100142;135.67;20;11318160475;S
20241021;100142;135.67;10;11318160476;S
20241021;100142;135.67;10;11318160477;S
20241021;100142;135.67;10;11318160478;S
20241021;100142;135.67;10;11318160479;S
20241021;100142;135.67;20;11318160480;S
20241021;100142;135.67;10;11318160481;S
20241021;100142;135.67;60;11318160482;S
20241021;100142;135.67;200;11318160483;S
20241021;100142;135.67;10;11318160484;S
20241021;100142;135.67;10;11318160485;S
20241021;100142;135.67;10;11318160486;S
20241021;100142;135.67;50;11318160487;S
20241021;100142;135.67;10;11318160488;S
20241021;100142;135.67;10;11318160489;S
20241021;100142;135.67;10;11318160490;S
20241021;100142;135.67;10;11318160491;S
20241021;100142;135.67;10;11318160492;S
20241021;100142;135.67;10;11318160493;S
20241021;100142;135.67;20;11318160494;S
20241021;100142;135.67;20;11318160495;S
20241021;100142;135.67;10;11318160496;S
20241021;100142;135.67;10;11318160497;S
20241021;100142;135.67;20;11318160498;S
20241021;100142;135.67;100;11318160499;S
20241021;100142;135.67;10;11318160500;S
20241021;100142;135.67;10;11318160501;S
20241021;100142;135.67;140;11318160502;S
20241021;100142;135.67;10;11318160503;S
20241021;100142;135.67;10;11318160504;S
20241021;100142;135.67;10;11318160505;S
20241021;100142;135.67;20;11318160506;S
20241021;100142;135.67;30;11318160507;S
20241021;100142;135.67;10;11318160508;S
20241021;100142;135.67;10;11318160509;S
20241021;100142;135.67;10;11318160510;S
20241021;100142;135.67;10;11318160511;S
20241021;100142;135.67;10;11318160512;S
20241021;100142;135.67;10;11318160513;S
20241021;100142;135.67;10;11318160514;S
20241021;100142;135.67;10;11318160515;S
20241021;100142;135.67;10;11318160516;S
20241021;100142;135.67;10;11318160517;S
20241021;100142;135.67;10;11318160518;S
20241021;100142;135.67;10;11318160519;S
20241021;100142;135.67;30;11318160520;S
20241021;100142;135.67;10;11318160521;S
20241021;100142;135.67;10;11318160522;S
20241021;100142;135.67;10;11318160523;S
20241021;100142;135.67;30;11318160524;S
20241021;100142;135.67;100;11318160525;S
20241021;100142;135.67;10;11318160526;S
20241021;100142;135.67;10;11318160527;S
20241021;100142;135.67;10;11318160528;S
20241021;100142;135.67;150;11318160529;S
20241021;100142;135.67;40;11318160530;S
20241021;100142;135.67;10;11318160531;S
20241021;100142;135.67;20;11318160532;S
20241021;100142;135.67;10;11318160533;S
20241021;100142;135.67;10;11318160534;S
20241021;100142;135.67;10;11318160535;S
20241021;100142;135.67;10;11318160536;S
20241021;100142;135.67;10;11318160537;S
20241021;100142;135.67;170;11318160538;S
20241021;100142;135.68;10;11318160540;B
20241021;100143;135.67;140;11318160674;S
20241021;100143;135.67;30;11318160675;S
20241021;100143;135.67;10;11318160676;S
20241021;100143;135.67;30;11318160677;S
20241021;100143;135.67;10;11318160678;S
20241021;100143;135.67;20;11318160679;S
20241021;100143;135.67;10;11318160680;S
20241021;100143;135.67;10;11318160681;S
20241021;100143;135.67;10;11318160682;S
20241021;100143;135.67;20;11318160683;S
20241021;100143;135.67;250;11318160684;S
20241021;100143;135.67;10;11318160685;S
20241021;100143;135.67;10;11318160686;S
20241021;100143;135.67;10;11318160687;S
20241021;100143;135.67;10;11318160688;S
20241021;100143;135.67;30;11318160689;S
20241021;100143;135.66;30;11318160690;S
20241021;100143;135.66;10;11318160691;S
20241021;100143;135.66;10;11318160692;S
20241021;100143;135.66;10;11318160693;S
20241021;100143;135.66;30;11318160694;S
20241021;100143;135.66;100;11318160882;S
20241021;100143;135.66;10;11318160883;S
20241021;100143;135.66;20;11318160884;S
20241021;100143;135.66;10;11318160885;S
20241021;100143;135.66;40;11318160886;S
20241021;100143;135.66;10;11318160887;S
20241021;100143;135.66;40;11318160888;S
20241021;100143;135.66;10;11318160889;S
20241021;100143;135.66;120;11318160890;S
20241021;100143;135.66;10;11318160904;S
20241021;100143;135.66;310;11318160914;S
20241021;100144;135.66;60;11318160966;S
20241021;100144;135.65;2320;11318160967;S
20241021;100144;135.65;1000;11318160968;S
20241021;100144;135.62;10;11318160969;S
20241021;100144;135.62;930;11318160970;S
20241021;100144;135.61;3480;11318160971;S
20241021;100144;135.63;130;11318160982;S
20241021;100144;135.65;300;11318161017;B
20241021;100144;135.64;500;11318161137;S
20241021;100145;135.65;100;11318161225;B
20241021;100145;135.65;40;11318161226;B
20241021;100145;135.65;60;11318161237;B
20241021;100145;135.66;400;11318161238;B
20241021;100145;135.66;540;11318161239;B
20241021;100146;135.65;50;11318161379;B
20241021;100151;135.65;110;11318162651;B
20241021;100151;135.65;10;11318162727;B
20241021;100152;135.64;80;11318162991;S
20241021;100153;135.64;120;11318163162;S
20241021;100153;135.64;400;11318163163;S
20241021;100153;135.63;500;11318163164;S
20241021;100153;135.63;100;11318163165;S
20241021;100153;135.64;400;11318163237;B
20241021;100154;135.63;2320;11318163311;S
20241021;100154;135.62;90;11318163312;S
20241021;100154;135.62;400;11318163313;S
20241021;100154;135.61;400;11318163314;S
20241021;100154;135.61;460;11318163315;S
20241021;100154;135.6;20;11318163316;S
20241021;100154;135.6;10;11318163317;S
20241021;100154;135.6;400;11318163318;S
20241021;100154;135.6;480;11318163319;S
20241021;100154;135.6;1400;11318163320;S
20241021;100154;135.59;480;11318163321;S
20241021;100154;135.59;4520;11318163322;S
20241021;100154;135.58;200;11318163323;S
20241021;100154;135.58;1000;11318163324;S
20241021;100154;135.58;480;11318163325;S
20241021;100154;135.58;620;11318163326;S
20241021;100154;135.57;6720;11318163327;S
20241021;100154;135.58;480;11318163373;S
20241021;100154;135.58;720;11318163374;S
20241021;100154;135.58;1600;11318163392;S
20241021;100154;135.58;300;11318163393;S
20241021;100154;135.58;790;11318163394;S
20241021;100157;135.64;50;11318164089;B
20241021;100159;135.6;110;11318164518;B
20241021;100200;135.63;40;11318164699;B
20241021;100200;135.63;10;11318164705;B
20241021;100202;135.6;1890;11318165149;S
20241021;100202;135.59;450;11318165150;S
20241021;100202;135.58;2320;11318165151;S
20241021;100202;135.58;450;11318165152;S
20241021;100202;135.57;2310;11318165153;S
20241021;100202;135.57;10;11318165154;S
20241021;100202;135.57;480;11318165155;S
20241021;100202;135.57;230;11318165156;S
20241021;100202;135.56;10000;11318165157;S
20241021;100202;135.56;30;11318165158;S
20241021;100202;135.56;1500;11318165159;S
20241021;100202;135.56;480;11318165160;S
20241021;100202;135.56;400;11318165161;S
20241021;100202;135.55;23130;11318165162;S
20241021;100202;135.59;400;11318165262;B
20241021;100202;135.59;100;11318165263;B
20241021;100202;135.59;500;11318165265;B
20241021;100202;135.58;10;11318165345;B
20241021;100203;135.6;20;11318165551;B
20241021;100205;135.57;30;11318165857;S
20241021;100205;135.6;30;11318165960;B
20241021;100206;135.6;200;11318166159;B
20241021;100207;135.6;10;11318166333;B
20241021;100209;135.6;140;11318166768;B
20241021;100209;135.61;1000;11318166870;B
20241021;100209;135.61;400;11318166871;B
20241021;100209;135.61;550;11318166872;B
20241021;100209;135.62;1000;11318166873;B
20241021;100209;135.62;400;11318166874;B
20241021;100209;135.62;550;11318166875;B
20241021;100209;135.63;400;11318166876;B
20241021;100211;135.6;10;11318167292;S
20241021;100214;135.6;10;11318167991;S
20241021;100217;135.6;10;11318168712;S
20241021;100217;135.6;130;11318168737;S
20241021;100217;135.61;60;11318168752;B
20241021;100217;135.6;10;11318168866;S
20241021;100218;135.61;60;11318168988;B
20241021;100218;135.6;20;11318169050;S
20241021;100219;135.61;60;11318169303;B
20241021;100220;135.61;60;11318169560;B
20241021;100221;135.61;60;11318169862;B
20241021;100223;135.62;60;11318170188;S
20241021;100223;135.6;330;11318170189;S
20241021;100223;135.6;10;11318170243;S
20241021;100223;135.6;50;11318170380;S
20241021;100224;135.62;60;11318170406;B
20241021;100224;135.62;100;11318170504;B
20241021;100225;135.6;50;11318170700;S
20241021;100225;135.62;20;11318170836;B
20241021;100225;135.63;230;11318170837;B
20241021;100225;135.63;420;11318170838;B
20241021;100225;135.64;50;11318170839;B
20241021;100225;135.64;2000;11318170840;B
20241021;100225;135.64;420;11318170841;B
20241021;100225;135.64;1860;11318170842;B
20241021;100226;135.64;250;11318170861;B
20241021;100226;135.64;50;11318170901;S
20241021;100226;135.64;10;11318171062;S
20241021;100226;135.65;6640;11318171158;B
20241021;100226;135.65;6860;11318171159;B
20241021;100227;135.65;4990;11318171256;B
20241021;100227;135.65;160;11318171257;B
20241021;100227;135.65;650;11318171258;B
20241021;100227;135.65;410;11318171259;B
20241021;100227;135.68;10;11318171266;B
20241021;100228;135.68;90;11318171379;B
20241021;100228;135.69;50;11318171380;B
20241021;100228;135.7;470;11318171381;B
20241021;100229;135.68;10;11318171622;S
20241021;100229;135.7;2530;11318171727;B
20241021;100229;135.7;530;11318171728;B
20241021;100229;135.72;10;11318171729;B
20241021;100229;135.72;150;11318171730;B
20241021;100229;135.72;530;11318171731;B
20241021;100229;135.76;1050;11318171732;B
20241021;100229;135.77;1490;11318171733;B
20241021;100229;135.77;1000;11318171734;B
20241021;100229;135.78;1000;11318171735;B
20241021;100229;135.78;480;11318171736;B
20241021;100229;135.79;230;11318171737;B
20241021;100229;135.79;90;11318171738;B
20241021;100236;135.76;20;11318173219;S
20241021;100236;135.77;100;11318173313;B
20241021;100237;135.77;400;11318173381;B
20241021;100237;135.78;100;11318173382;B
20241021;100238;135.76;180;11318173610;S
20241021;100238;135.75;120;11318173611;S
20241021;100238;135.75;280;11318173696;S
20241021;100238;135.74;250;11318173710;S
20241021;100238;135.71;480;11318173772;S
20241021;100238;135.71;170;11318173773;S
20241021;100238;135.71;80;11318173774;S
20241021;100239;135.71;730;11318173822;S
20241021;100239;135.71;110;11318173840;S
20241021;100241;135.73;10;11318174332;B
20241021;100242;135.72;10;11318174396;S
20241021;100242;135.72;90;11318174481;S
20241021;100242;135.7;480;11318174482;S
20241021;100242;135.69;430;11318174483;S
20241021;100243;135.71;100;11318174692;B
20241021;100243;135.72;120;11318174693;B
20241021;100244;135.73;60;11318174818;B
20241021;100245;135.72;280;11318174930;S
20241021;100245;135.72;720;11318174931;S
20241021;100247;135.73;100;11318175454;B
20241021;100247;135.73;100;11318175466;B
20241021;100247;135.74;100;11318175467;B
20241021;100247;135.74;340;11318175468;B
20241021;100247;135.74;130;11318175469;B
20241021;100249;135.74;20;11318175758;S
20241021;100249;135.74;10;11318175801;S
20241021;100250;135.74;800;11318176008;S
20241021;100252;135.74;10;11318176261;B
20241021;100256;135.73;10;11318176809;S
20241021;100256;135.73;250;11318176810;S
20241021;100256;135.73;120;11318176874;B
20241021;100256;135.73;400;11318176875;B
20241021;100256;135.74;390;11318176876;B
20241021;100256;135.74;310;11318176877;B
20241021;100256;135.74;280;11318176878;B
20241021;100258;135.72;20;11318177192;S
20241021;100259;135.72;10;11318177487;S
20241021;100300;135.73;10;11318177583;B
20241021;100300;135.73;10;11318177641;B
20241021;100300;135.73;10;11318177704;B
20241021;100300;135.72;300;11318177729;S
20241021;100300;135.72;300;11318177783;S
20241021;100301;135.73;90;11318177858;B
20241021;100301;135.73;320;11318177859;B
20241021;100301;135.74;400;11318177860;B
20241021;100301;135.75;200;11318177861;B
20241021;100301;135.75;70;11318177862;B
20241021;100301;135.75;110;11318177863;B
20241021;100301;135.76;120;11318177864;B
20241021;100301;135.77;620;11318177865;B
20241021;100301;135.78;160;11318177866;B
20241021;100301;135.78;100;11318177867;B
20241021;100301;135.75;500;11318177869;B
20241021;100301;135.75;670;11318177870;B
20241021;100301;135.76;220;11318177871;B
20241021;100301;135.78;430;11318177872;B
20241021;100301;135.79;200;11318177874;B
20241021;100301;135.79;530;11318177875;B
20241021;100301;135.8;100;11318177876;B
20241021;100301;135.81;100;11318177877;B
20241021;100301;135.83;20;11318177878;B
20241021;100301;135.83;1050;11318177879;B
20241021;100301;135.83;500;11318177880;B
20241021;100301;135.83;70;11318177881;B
20241021;100301;135.83;100;11318177882;B
20241021;100301;135.83;150;11318177883;B
20241021;100301;135.83;500;11318177884;B
20241021;100301;135.83;10;11318177885;B
20241021;100301;135.84;100;11318177886;B
20241021;100301;135.83;290;11318177887;S
20241021;100301;135.83;10;11318177888;S
20241021;100301;135.84;300;11318177889;B
20241021;100301;135.84;170;11318177890;B
20241021;100301;135.84;130;11318177891;B
20241021;100301;135.85;500;11318177892;B
20241021;100301;135.85;1100;11318177893;B
20241021;100301;135.85;2000;11318177894;B
20241021;100301;135.85;2000;11318177895;B
20241021;100301;135.85;2000;11318177897;B
20241021;100301;135.85;1000;11318177898;B
20241021;100301;135.85;20;11318177923;B
20241021;100301;135.84;90;11318177944;S
20241021;100301;135.85;500;11318177964;B
20241021;100301;135.85;200;11318177967;B
20241021;100302;135.85;600;11318177977;B
20241021;100302;135.85;100;11318177978;B
20241021;100302;135.85;200;11318177981;B
20241021;100302;135.85;60;11318177982;B
20241021;100302;135.86;1940;11318177983;B
20241021;100302;135.86;830;11318177984;B
20241021;100302;135.86;730;11318177989;B
20241021;100302;135.87;1000;11318177990;B
20241021;100302;135.87;270;11318177991;B
20241021;100302;135.87;1980;11318177993;B
20241021;100302;135.89;10;11318177994;B
20241021;100302;135.89;10;11318177995;B
20241021;100302;135.89;1100;11318177996;B
20241021;100302;135.89;190;11318177998;B
20241021;100302;135.92;500;11318177999;B
20241021;100302;135.92;300;11318178002;B
20241021;100302;135.91;1000;11318178003;S
20241021;100302;135.91;200;11318178004;B
20241021;100302;135.92;200;11318178005;B
20241021;100302;135.92;1800;11318178006;B
20241021;100302;135.93;200;11318178007;B
20241021;100302;135.93;1800;11318178008;B
20241021;100302;135.93;200;11318178009;B
20241021;100302;135.93;100;11318178010;B
20241021;100302;135.93;100;11318178011;B
20241021;100302;135.94;1600;11318178012;B
20241021;100302;135.93;200;11318178013;B
20241021;100302;135.92;10;11318178060;S
20241021;100303;135.93;10;11318178176;B
20241021;100303;135.93;500;11318178177;B
20241021;100303;135.93;600;11318178178;B
20241021;100303;135.92;300;11318178334;S
20241021;100303;135.91;100;11318178335;S
20241021;100303;135.86;700;11318178336;S
20241021;100303;135.86;400;11318178337;S
20241021;100303;135.86;300;11318178338;S
20241021;100305;135.87;10;11318178822;B
20241021;100306;135.87;10;11318178999;B
20241021;100307;135.86;700;11318179133;S
20241021;100307;135.86;300;11318179134;S
20241021;100307;135.85;80;11318179187;S
20241021;100308;135.85;10;11318179309;S
20241021;100310;135.86;10;11318179807;B
20241021;100310;135.86;2840;11318179992;B
20241021;100310;135.86;400;11318179993;B
20241021;100310;135.86;590;11318179994;B
20241021;100310;135.86;100;11318179995;B
20241021;100310;135.86;1000;11318179996;B
20241021;100310;135.86;3860;11318180030;S
20241021;100310;135.86;2000;11318180031;S
20241021;100310;135.85;1910;11318180032;S
20241021;100310;135.83;580;11318180033;S
20241021;100310;135.82;270;11318180034;S
20241021;100310;135.82;580;11318180035;S
20241021;100311;135.75;480;11318180309;S
20241021;100311;135.75;20;11318180310;S
20241021;100312;135.77;10;11318180527;B
20241021;100313;135.77;70;11318180955;S
20241021;100315;135.78;80;11318181333;B
20241021;100316;135.78;200;11318181792;B
20241021;100318;135.8;10;11318182443;S
20241021;100322;135.81;40;11318183522;S
20241021;100322;135.82;10;11318183526;B
20241021;100323;135.82;10;11318183775;B
20241021;100324;135.81;30;11318184204;S
20241021;100324;135.82;100;11318184207;B
20241021;100325;135.81;90;11318184561;S
20241021;100325;135.81;240;11318184576;S
20241021;100325;135.81;760;11318184577;S
20241021;100326;135.82;30;11318184775;B
20241021;100326;135.82;60;11318184884;B
20241021;100327;135.82;250;11318184995;B
20241021;100327;135.82;60;11318185222;B
20241021;100329;135.82;60;11318185534;B
20241021;100329;135.82;10;11318185540;B
20241021;100332;135.82;100;11318186351;B
20241021;100332;135.81;10;11318186373;S
20241021;100332;135.81;20;11318186438;S
20241021;100333;135.81;70;11318186685;S
20241021;100333;135.81;40;11318186686;S
20241021;100334;135.82;110;11318186999;B
20241021;100334;135.83;220;11318187000;B
20241021;100334;135.84;220;11318187001;B
20241021;100334;135.85;270;11318187002;B
20241021;100334;135.87;80;11318187003;B
20241021;100334;135.86;130;11318187004;B
20241021;100336;135.86;20;11318187505;B
20241021;100336;135.85;20;11318187616;B
20241021;100336;135.85;400;11318187617;B
20241021;100336;135.86;80;11318187618;B
20241021;100337;135.85;10;11318187862;B
20241021;100338;135.84;10;11318187965;S
20241021;100338;135.84;10;11318188050;S
20241021;100340;135.84;140;11318188454;S
20241021;100341;135.85;10;11318188648;B
20241021;100341;135.85;400;11318188649;B
20241021;100341;135.85;20;11318188650;B
20241021;100341;135.85;1000;11318188651;B
20241021;100341;135.85;20;11318188652;B
20241021;100342;135.86;300;11318188884;B
20241021;100343;135.86;400;11318189117;B
20241021;100344;135.87;20;11318189360;B
20241021;100344;135.87;200;11318189361;B
20241021;100344;135.87;400;11318189362;B
20241021;100344;135.87;150;11318189363;B
20241021;100344;135.88;10;11318189377;B
20241021;100344;135.88;140;11318189378;B
20241021;100345;135.88;930;11318189621;B
20241021;100345;135.87;100;11318189713;B
20241021;100346;135.86;100;11318189938;S
20241021;100346;135.86;60;11318189939;S
20241021;100347;135.86;70;11318190349;S
20241021;100348;135.86;10;11318190619;S
20241021;100348;135.87;100;11318190666;B
20241021;100352;135.87;100;11318191876;B
20241021;100352;135.88;150;11318191877;B
20241021;100352;135.88;170;11318191878;B
20241021;100352;135.88;50;11318191903;S
20241021;100353;135.88;20;11318192005;S
20241021;100353;135.88;50;11318192105;S
20241021;100354;135.89;100;11318192526;B
20241021;100354;135.89;50;11318192527;B
20241021;100354;135.89;50;11318192528;B
20241021;100400;135.89;550;11318193963;S
20241021;100400;135.9;10;11318194000;B
20241021;100400;135.89;10;11318194020;S
20241021;100401;135.9;800;11318194171;B
20241021;100401;135.9;190;11318194172;B
20241021;100401;135.9;180;11318194173;B
20241021;100401;135.9;430;11318194413;S
20241021;100401;135.9;70;11318194414;S
20241021;100401;135.91;1000;11318194419;B
20241021;100402;135.91;1100;11318194449;B
20241021;100402;135.91;210;11318194450;B
20241021;100402;135.91;180;11318194451;B
20241021;100402;135.91;410;11318194452;B
20241021;100402;135.91;730;11318194454;B
20241021;100402;135.91;400;11318194455;B
20241021;100402;135.91;200;11318194456;B
20241021;100402;135.91;260;11318194457;B
20241021;100403;135.91;140;11318194718;B
20241021;100405;135.91;50;11318195108;B
20241021;100406;135.9;10;11318195417;S
20241021;100406;135.91;210;11318195450;B
20241021;100406;135.91;290;11318195451;B
20241021;100409;135.91;190;11318196093;B
20241021;100409;135.91;310;11318196094;B
20241021;100410;135.9;10;11318196259;S
20241021;100410;135.91;30;11318196371;B
20241021;100411;135.9;10;11318196421;S
20241021;100411;135.9;40;11318196478;S
20241021;100412;135.9;10;11318196683;S
20241021;100412;135.91;20;11318196709;B
20241021;100412;135.91;40;11318196751;B
20241021;100412;135.91;190;11318196752;B
20241021;100412;135.91;2000;11318196753;B
20241021;100412;135.91;10;11318196754;B
20241021;100412;135.91;100;11318196755;B
20241021;100413;135.92;2000;11318196966;B
20241021;100413;135.92;400;11318196967;B
20241021;100413;135.93;100;11318196968;B
20241021;100413;135.93;100;11318196969;B
20241021;100413;135.93;2000;11318196970;B
20241021;100413;135.93;2000;11318196971;B
20241021;100413;135.93;190;11318196972;B
20241021;100413;135.93;2000;11318196973;B
20241021;100413;135.93;400;11318196974;B
20241021;100413;135.93;2000;11318196975;B
20241021;100413;135.94;4920;11318196976;B
20241021;100413;135.94;100;11318196977;B
20241021;100413;135.94;10;11318196978;B
20241021;100413;135.94;2000;11318196979;B
20241021;100413;135.94;100;11318196980;B
20241021;100413;135.94;100;11318196981;B
20241021;100413;135.94;620;11318196982;B
20241021;100413;135.94;400;11318196983;B
20241021;100413;135.94;210;11318196984;B
20241021;100413;135.95;30350;11318196985;B
20241021;100414;135.94;10;11318197186;S
20241021;100415;135.94;40;11318197375;S
20241021;100415;135.94;150;11318197454;S
20241021;100415;135.95;40;11318197462;B
20241021;100417;135.94;200;11318197863;S
20241021;100417;135.94;2000;11318197864;S
20241021;100417;135.94;1990;11318197865;S
20241021;100417;135.94;320;11318197866;S
20241021;100417;135.93;300;11318197867;S
20241021;100417;135.93;190;11318197868;S
20241021;100417;135.92;10;11318197927;S
20241021;100418;135.91;660;11318198171;S
20241021;100418;135.91;340;11318198172;S
20241021;100418;135.94;20;11318198189;B
20241021;100418;135.95;10;11318198190;B
20241021;100419;135.95;60;11318198270;B
20241021;100420;135.93;10;11318198522;S
20241021;100421;135.94;50;11318198805;B
20241021;100421;135.93;10;11318198889;S
20241021;100421;135.93;10;11318198890;S
20241021;100421;135.93;10;11318198891;S
20241021;100421;135.93;10;11318198892;S
20241021;100422;135.93;1320;11318198975;S
20241021;100422;135.93;2000;11318198976;S
20241021;100422;135.92;2000;11318198977;S
20241021;100422;135.92;480;11318198978;S
20241021;100422;135.92;400;11318198979;S
20241021;100422;135.91;70;11318199004;S
20241021;100423;135.92;200;11318199205;B
20241021;100425;135.92;720;11318199520;B
20241021;100426;135.91;10;11318199704;S
20241021;100426;135.92;10;11318199894;B
20241021;100427;135.92;10;11318199946;B
20241021;100428;135.92;400;11318200211;B
20241021;100429;135.91;140;11318200397;S
20241021;100429;135.92;760;11318200416;B
20241021;100430;135.91;80;11318200608;S
20241021;100430;135.92;2950;11318200674;B
20241021;100431;135.92;20;11318200964;B
20241021;100432;135.92;31730;11318201023;B
20241021;100432;135.92;1000;11318201024;B
20241021;100432;135.92;400;11318201025;B
20241021;100432;135.92;620;11318201026;B
20241021;100432;135.92;10;11318201027;B
20241021;100432;135.93;850;11318201028;B
20241021;100432;135.93;1000;11318201029;B
20241021;100432;135.93;400;11318201030;B
20241021;100432;135.94;1000;11318201031;B
20241021;100432;135.94;850;11318201032;B
20241021;100432;135.94;400;11318201033;B
20241021;100432;135.94;130;11318201034;B
20241021;100432;135.95;2370;11318201035;B
20241021;100432;135.95;10;11318201036;B
20241021;100432;135.95;200;11318201037;B
20241021;100432;135.95;610;11318201038;B
20241021;100432;135.95;1000;11318201039;B
20241021;100432;135.95;40;11318201040;B
20241021;100432;135.95;1000;11318201041;B
20241021;100432;135.95;480;11318201042;B
20241021;100432;135.95;500;11318201043;B
20241021;100432;135.95;500;11318201044;B
20241021;100434;135.96;50;11318201480;B
20241021;100434;135.95;250;11318201507;S
20241021;100434;135.95;1000;11318201533;S
20241021;100434;135.95;590;11318201578;S
20241021;100435;135.95;50;11318201697;S
20241021;100435;135.96;10;11318201728;B
20241021;100435;135.95;370;11318201748;S
20241021;100436;135.96;100;11318202035;B
20241021;100437;135.95;30;11318202205;S
20241021;100437;135.96;10;11318202225;B
20241021;100437;135.95;150;11318202228;S
20241021;100437;135.95;1000;11318202262;S
20241021;100437;135.96;10;11318202292;B
20241021;100438;135.96;1000;11318202528;B
20241021;100441;135.95;500;11318203173;S
20241021;100442;135.95;960;11318203364;S
20241021;100442;135.95;1600;11318203365;S
20241021;100442;135.95;300;11318203366;S
20241021;100442;135.95;2000;11318203367;S
20241021;100442;135.95;500;11318203368;S
20241021;100442;135.95;50;11318203369;S
20241021;100442;135.95;400;11318203370;S
20241021;100442;135.94;980;11318203371;S
20241021;100442;135.94;400;11318203372;S
20241021;100442;135.93;980;11318203373;S
20241021;100442;135.93;50;11318203374;S
20241021;100442;135.93;400;11318203375;S
20241021;100442;135.92;10;11318203376;S
20241021;100442;135.92;200;11318203547;B
20241021;100445;135.91;1360;11318204179;S
20241021;100445;135.91;10;11318204180;S
20241021;100445;135.91;50;11318204181;S
20241021;100445;135.9;3000;11318204182;S
20241021;100445;135.9;1580;11318204183;S
20241021;100445;135.9;140;11318204184;S
20241021;100445;135.89;50;11318204186;S
20241021;100445;135.88;20;11318204188;S
20241021;100445;135.88;100;11318204189;S
20241021;100445;135.87;40;11318204190;S
20241021;100446;135.87;60;11318204296;S
20241021;100446;135.86;10;11318204407;S
20241021;100446;135.85;320;11318204408;S
20241021;100446;135.83;50;11318204409;S
20241021;100446;135.82;450;11318204410;S
20241021;100446;135.81;1000;11318204411;S
20241021;100446;135.81;170;11318204412;S
20241021;100446;135.79;40;11318204413;S
20241021;100447;135.8;90;11318204610;B
20241021;100450;135.8;400;11318205342;S
20241021;100450;135.79;100;11318205343;S
20241021;100450;135.8;400;11318205351;S
20241021;100450;135.79;200;11318205362;S
20241021;100450;135.83;150;11318205364;B
20241021;100450;135.84;1850;11318205365;B
20241021;100450;135.84;400;11318205366;B
20241021;100450;135.84;150;11318205367;B
20241021;100450;135.85;1000;11318205368;B
20241021;100450;135.85;20;11318205369;B
20241021;100450;135.85;400;11318205370;B
20241021;100450;135.86;1000;11318205371;B
20241021;100450;135.86;400;11318205372;B
20241021;100450;135.87;1000;11318205373;B
20241021;100450;135.87;10;11318205374;B
20241021;100450;135.88;310;11318205375;B
20241021;100450;135.88;2920;11318205376;B
20241021;100450;135.88;240;11318205377;B
20241021;100451;135.87;1000;11318205507;B
20241021;100451;135.82;10;11318205566;S
20241021;100452;135.82;30;11318205780;S
20241021;100454;135.89;150;11318206333;B
20241021;100455;135.87;10;11318206540;S
20241021;100455;135.81;180;11318206541;S
20241021;100455;135.81;10;11318206542;S
20241021;100455;135.8;480;11318206543;S
20241021;100455;135.8;180;11318206544;S
20241021;100455;135.8;290;11318206545;S
20241021;100456;135.88;20;11318206708;B
20241021;100457;135.89;100;11318206851;B
20241021;100502;135.86;400;11318208034;S
20241021;100502;135.86;600;11318208035;S
20241021;100502;135.87;10;11318208062;S
20241021;100504;135.89;50;11318208501;B
20241021;100506;135.89;450;11318208986;B
20241021;100506;135.89;10;11318208987;B
20241021;100506;135.9;500;11318208988;B
20241021;100506;135.9;160;11318208989;B
20241021;100506;135.91;20;11318208990;B
20241021;100506;135.91;80;11318208991;B
20241021;100506;135.91;80;11318208992;B
20241021;100507;135.86;400;11318209050;S
20241021;100507;135.86;1200;11318209051;S
20241021;100507;135.91;70;11318209142;B
20241021;100507;135.92;260;11318209143;B
20241021;100512;135.9;10;11318210361;S
20241021;100512;135.9;400;11318210362;S
20241021;100512;135.9;290;11318210363;S
20241021;100512;135.9;50;11318210403;S
20241021;100513;135.91;30;11318210500;B
20241021;100513;135.9;760;11318210517;S
20241021;100515;135.91;100;11318210993;B
20241021;100515;135.91;70;11318210994;B
20241021;100515;135.92;160;11318210995;B
20241021;100517;135.91;70;11318211482;B
20241021;100517;135.92;2930;11318211483;B
20241021;100518;135.89;10;11318211792;S
20241021;100519;135.89;20;11318211988;S
20241021;100519;135.91;60;11318212046;B
20241021;100519;135.92;10;11318212047;B
20241021;100520;135.92;100;11318212265;B
20241021;100520;135.91;20;11318212350;S
20241021;100522;135.91;380;11318212681;S
20241021;100522;135.91;20;11318212682;S
20241021;100523;135.91;200;11318212998;S
20241021;100523;135.91;400;11318213034;S
20241021;100523;135.91;1590;11318213035;S
20241021;100524;135.92;120;11318213267;B
20241021;100524;135.92;10;11318213285;B
20241021;100525;135.92;10;11318213416;B
20241021;100526;135.91;400;11318213532;S
20241021;100526;135.91;600;11318213533;S
20241021;100526;135.92;180;11318213552;B
20241021;100527;135.91;10;11318213652;S
20241021;100528;135.92;20;11318213869;B
20241021;100528;135.91;50;11318213873;S
20241021;100528;135.91;30;11318213890;S
20241021;100528;135.92;100;11318213928;B
20241021;100529;135.92;1400;11318213974;B
20241021;100529;135.92;10;11318213996;B
20241021;100530;135.91;310;11318214255;S
20241021;100530;135.91;20;11318214256;S
20241021;100531;135.92;10;11318214494;B
20241021;100533;135.92;300;11318214786;B
20241021;100534;135.91;1000;11318214813;S
20241021;100535;135.91;180;11318215051;S
20241021;100537;135.92;550;11318215310;B
20241021;100539;135.93;10;11318215548;B
20241021;100539;135.93;10;11318215549;B
20241021;100539;135.94;340;11318215550;B
20241021;100539;135.94;170;11318215579;S
20241021;100539;135.95;30;11318215604;B
20241021;100539;135.95;200;11318215605;B
20241021;100539;135.95;10;11318215606;B
20241021;100539;135.96;150;11318215607;B
20241021;100540;135.96;200;11318215677;B
20241021;100540;135.96;8470;11318215697;B
20241021;100540;135.96;5000;11318215698;B
20241021;100540;135.96;80;11318215699;B
20241021;100540;135.96;40;11318215700;B
20241021;100540;135.97;1000;11318215701;B
20241021;100540;135.97;40;11318215702;B
20241021;100540;135.97;510;11318215703;B
20241021;100540;135.97;400;11318215704;B
20241021;100540;135.98;100;11318215705;B
20241021;100540;135.98;10;11318215706;B
20241021;100540;135.98;200;11318215707;B
20241021;100540;135.98;4150;11318215708;B
20241021;100540;135.97;300;11318215709;S
20241021;100540;135.97;100;11318215710;S
20241021;100540;135.98;50;11318215771;B
20241021;100541;135.96;1000;11318215844;S
20241021;100541;135.98;250;11318215880;B
20241021;100541;135.98;7910;11318215908;B
20241021;100541;135.99;10;11318215909;B
20241021;100541;135.99;2080;11318215910;B
20241021;100543;135.99;100;11318216296;B
20241021;100543;135.99;1110;11318216298;B
20241021;100544;135.99;30;11318216430;B
20241021;100544;135.99;90;11318216550;B
20241021;100545;135.99;100;11318216568;B
20241021;100545;135.98;300;11318216674;S
20241021;100546;135.99;200;11318216710;B
20241021;100546;135.98;700;11318216717;S
20241021;100546;135.98;300;11318216718;S
20241021;100546;135.99;50;11318216745;B
20241021;100546;135.98;150;11318216746;S
20241021;100546;135.98;50;11318216747;S
20241021;100546;135.99;1200;11318216764;B
20241021;100547;135.98;40;11318216869;S
20241021;100547;135.99;210;11318216937;B
20241021;100547;135.99;500;11318216938;B
20241021;100547;135.99;30;11318216939;B
20241021;100548;135.99;110;11318217021;B
20241021;100548;135.99;100;11318217060;B
20241021;100548;135.99;100;11318217085;B
20241021;100548;135.99;110;11318217086;B
20241021;100549;135.99;110;11318217159;B
20241021;100549;135.99;100;11318217161;B
20241021;100549;135.99;100;11318217162;B
20241021;100550;135.99;110;11318217211;B
20241021;100550;135.98;40;11318217228;S
20241021;100550;135.99;30;11318217250;B
20241021;100550;135.98;100;11318217265;S
20241021;100550;135.98;550;11318217266;S
20241021;100550;135.98;100;11318217267;S
20241021;100550;135.98;250;11318217268;S
20241021;100550;135.99;110;11318217296;B
20241021;100550;135.99;100;11318217339;B
20241021;100550;135.99;2190;11318217341;B
20241021;100550;135.99;20;11318217342;B
20241021;100550;136;10;11318217371;B
20241021;100550;136;1000;11318217372;B
20241021;100550;136;10;11318217373;B
20241021;100550;136;10;11318217374;B
20241021;100550;136;300;11318217375;B
20241021;100550;136;10;11318217376;B
20241021;100550;136;10;11318217377;B
20241021;100550;136;140;11318217378;B
20241021;100550;136;200;11318217379;B
20241021;100550;136;310;11318217380;B
20241021;100550;136;190;11318217381;B
20241021;100550;136;180;11318217382;B
20241021;100550;136;90;11318217383;B
20241021;100550;136;10;11318217384;B
20241021;100550;136;530;11318217385;B
20241021;100550;136;500;11318217386;B
20241021;100550;136;1000;11318217387;B
20241021;100550;136;200;11318217388;B
20241021;100550;136;2000;11318217389;B
20241021;100550;136;500;11318217390;B
20241021;100550;136;1500;11318217391;B
20241021;100550;136;500;11318217392;B
20241021;100550;136;500;11318217393;B
20241021;100550;136;500;11318217394;B
20241021;100550;136;30;11318217395;B
20241021;100550;136;30;11318217396;B
20241021;100550;136;2940;11318217397;B
20241021;100550;136;4460;11318217398;B
20241021;100550;136;10;11318217399;B
20241021;100550;136;530;11318217400;B
20241021;100550;136;130;11318217401;B
20241021;100550;136;100;11318217402;B
20241021;100550;136;820;11318217403;B
20241021;100550;136;200;11318217404;B
20241021;100550;136;230;11318217405;B
20241021;100550;136.01;730;11318217407;B
20241021;100550;136.02;10;11318217408;B
20241021;100550;136.02;10;11318217409;B
20241021;100550;136.02;60;11318217410;B
20241021;100550;136.03;10;11318217411;B
20241021;100550;136.03;10;11318217412;B
20241021;100550;136.03;100;11318217413;B
20241021;100550;136.03;10;11318217414;B
20241021;100550;136.04;1240;11318217416;B
20241021;100550;136.04;420;11318217417;B
20241021;100550;136.04;100;11318217418;B
20241021;100550;136.04;1060;11318217419;B
20241021;100550;136.04;20;11318217436;B
20241021;100551;136.04;500;11318217437;B
20241021;100551;136.04;600;11318217438;B
20241021;100551;136.04;60;11318217439;B
20241021;100551;136.05;10;11318217440;B
20241021;100551;136.05;10;11318217441;B
20241021;100551;136.05;10;11318217442;B
20241021;100551;136.05;10;11318217443;B
20241021;100551;136.05;10;11318217444;B
20241021;100551;136.05;20;11318217445;B
20241021;100551;136.05;10;11318217446;B
20241021;100551;136.05;10;11318217447;B
20241021;100551;136.05;10;11318217448;B
20241021;100551;136.05;10;11318217449;B
20241021;100551;136.05;10;11318217450;B
20241021;100551;136.05;10;11318217451;B
20241021;100551;136.05;10;11318217452;B
20241021;100551;136.05;10;11318217453;B
20241021;100551;136.05;10;11318217454;B
20241021;100551;136.05;10;11318217455;B
20241021;100551;136.05;10;11318217456;B
20241021;100551;136.05;10;11318217457;B
20241021;100551;136.05;10;11318217458;B
20241021;100551;136.05;20;11318217459;B
20241021;100551;136.05;20;11318217460;B
20241021;100551;136.05;20;11318217461;B
20241021;100551;136.05;30;11318217462;B
20241021;100551;136.05;10;11318217463;B
20241021;100551;136.05;10;11318217464;B
20241021;100551;136.05;500;11318217465;B
20241021;100551;136.05;500;11318217466;B
20241021;100551;136.05;500;11318217467;B
20241021;100551;136.05;500;11318217468;B
20241021;100551;136.05;300;11318217469;B
20241021;100551;136.04;200;11318217470;S
20241021;100551;136.05;700;11318217471;B
20241021;100551;136.05;10;11318217472;B
20241021;100551;136.05;10;11318217473;B
20241021;100551;136.06;1000;11318217474;S
20241021;100551;136.06;400;11318217475;S
20241021;100551;136.06;620;11318217476;S
20241021;100551;136.06;460;11318217490;B
20241021;100551;136.06;100;11318217495;B
20241021;100551;136.06;500;11318217570;B
20241021;100551;136.06;220;11318217575;B
20241021;100551;136.07;80;11318217576;B
20241021;100551;136.06;400;11318217583;S
20241021;100551;136.06;600;11318217584;S
20241021;100551;136.06;1500;11318217585;S
20241021;100551;136.07;100;11318217587;B
20241021;100551;136.07;440;11318217593;B
20241021;100551;136.07;50;11318217599;B
20241021;100551;136.07;110;11318217606;B
20241021;100551;136.07;100;11318217639;B
20241021;100551;136.07;120;11318217643;B
20241021;100551;136.07;240;11318217644;B
20241021;100551;136.06;100;11318217684;S
20241021;100551;136.07;110;11318217686;B
20241021;100551;136.06;10;11318217699;S
20241021;100551;136.06;100;11318217701;S
20241021;100552;136.07;200;11318217703;B
20241021;100552;136.07;300;11318217704;B
20241021;100552;136.07;250;11318217705;B
20241021;100552;136.07;100;11318217706;B
20241021;100552;136.07;10;11318217711;B
20241021;100552;136.06;10;11318217717;S
20241021;100552;136.06;280;11318217723;S
20241021;100552;136.06;20;11318217724;S
20241021;100552;136.07;100;11318217725;B
20241021;100552;136.07;10;11318217742;B
20241021;100552;136.07;20;11318217796;B
20241021;100552;136.07;20;11318217797;B
20241021;100552;136.08;20;11318217798;B
20241021;100552;136.08;10;11318217799;B
20241021;100552;136.08;40;11318217800;B
20241021;100552;136.09;60;11318217801;B
20241021;100552;136.09;940;11318217802;B
20241021;100552;136.1;10;11318217845;B
20241021;100552;136.1;40;11318217846;B
20241021;100552;136.12;100;11318217847;B
20241021;100553;136.12;60;11318217850;B
20241021;100553;136.13;550;11318217920;B
20241021;100553;136.12;90;11318217921;S
20241021;100553;136.12;10;11318217922;S
20241021;100553;136.12;10;11318217923;S
20241021;100553;136.13;730;11318217970;B
20241021;100554;136.13;500;11318217992;B
20241021;100554;136.13;10;11318217997;B
20241021;100554;136.12;100;11318218021;S
20241021;100554;136.13;990;11318218031;B
20241021;100554;136.13;290;11318218037;B
20241021;100554;136.12;2000;11318218045;S
20241021;100554;136.12;1000;11318218046;S
20241021;100554;136.12;400;11318218047;S
20241021;100554;136.12;1600;11318218048;S
20241021;100554;136.12;400;11318218063;B
20241021;100554;136.12;150;11318218064;B
20241021;100555;136.12;400;11318218160;B
20241021;100555;136.13;590;11318218161;B
20241021;100555;136.13;10;11318218162;B
20241021;100555;136.11;250;11318218188;S
20241021;100555;136.11;50;11318218196;S
20241021;100555;136.11;40;11318218197;S
20241021;100556;136.13;730;11318218252;S
20241021;100556;136.13;20;11318218300;S
20241021;100556;136.13;250;11318218311;S
20241021;100556;136.13;750;11318218312;S
20241021;100556;136.13;430;11318218340;S
20241021;100556;136.13;380;11318218345;S
20241021;100556;136.13;260;11318218346;S
20241021;100556;136.13;210;11318218347;S
20241021;100556;136.14;50;11318218359;B
20241021;100557;136.13;80;11318218454;S
20241021;100557;136.13;10;11318218455;S
20241021;100559;136.14;350;11318218775;B
20241021;100559;136.14;10;11318218776;B
20241021;100559;136.15;10;11318218777;B
20241021;100559;136.15;500;11318218778;B
20241021;100559;136.15;130;11318218779;B
20241021;100559;136.15;110;11318218797;B
20241021;100559;136.14;90;11318218833;S
20241021;100559;136.15;110;11318218885;B
20241021;100600;136.15;110;11318219098;B
20241021;100600;136.14;10;11318219146;S
20241021;100600;136.14;10;11318219148;S
20241021;100601;136.15;110;11318219241;B
20241021;100601;136.14;500;11318219242;S
20241021;100601;136.15;110;11318219329;B
20241021;100601;136.14;90;11318219337;S
20241021;100601;136.14;30;11318219346;S
