<DATE>;<TIME>;<LAST>;<VOL>;<ID>;<OPER>
20240528;095957;149.82;10;10500119076;S
20240528;095957;149.82;10;10500119077;B
20240528;095957;149.82;40;10500119078;B
20240528;095957;149.82;10;10500119079;B
20240528;095957;149.82;30;10500119080;B
20240528;095957;149.82;70;10500119081;B
20240528;095957;149.82;380;10500119082;S
20240528;095957;149.82;10;10500119083;S
20240528;095957;149.82;40;10500119084;S
20240528;095957;149.82;200;10500119085;B
20240528;095957;149.82;30;10500119086;B
20240528;095957;149.82;10;10500119087;B
20240528;095957;149.82;100;10500119088;B
20240528;095957;149.82;10;10500119089;B
20240528;095957;149.82;80;10500119090;B
20240528;095957;149.82;10;10500119091;B
20240528;095957;149.82;120;10500119092;B
20240528;095957;149.82;80;10500119093;B
20240528;095957;149.82;200;10500119094;B
20240528;095957;149.82;10;10500119095;S
20240528;100001;149.88;10;10500120503;B
20240528;100001;150;20;10500120688;B
20240528;100002;150.04;60;10500121569;S
20240528;100002;150.02;20;10500121570;S
20240528;100002;150.02;60;10500121571;S
20240528;100002;150.02;10;10500121572;S
20240528;100002;150;40;10500121573;S
20240528;100002;150.22;80;10500121683;S
20240528;100002;150.24;60;10500121704;B
20240528;100002;150.24;20;10500121705;B
20240528;100002;150.26;600;10500121706;B
20240528;100002;150.26;60;10500121707;B
20240528;100002;150.26;740;10500121724;S
20240528;100002;150.26;60;10500121848;S
20240528;100002;150.24;1570;10500121849;S
20240528;100002;150.24;60;10500121850;S
20240528;100002;150.24;710;10500121876;B
20240528;100002;150.26;760;10500121944;S
20240528;100002;150.24;40;10500121945;S
20240528;100003;150.26;10;10500122358;S
20240528;100003;150.26;60;10500122695;B
20240528;100003;150.3;60;10500122696;B
20240528;100003;150.3;6500;10500122697;B
20240528;100003;150.32;60;10500122698;B
20240528;100003;150.32;60;10500122700;S
20240528;100003;150.32;370;10500122701;S
20240528;100004;150.34;10;10500122960;B
20240528;100005;150.3;60;10500123867;B
20240528;100005;150.32;270;10500123868;B
20240528;100005;150.32;20;10500124265;B
20240528;100005;150.32;10;10500124269;B
20240528;100005;150.3;1400;10500124479;S
20240528;100006;150.32;10;10500125546;B
20240528;100006;150.32;10;10500125688;B
20240528;100006;150.06;60;10500125753;S
20240528;100006;150.06;80;10500125754;S
20240528;100007;150.32;10;10500126704;B
20240528;100007;150.32;10;10500126713;B
20240528;100007;150.32;20;10500126772;B
20240528;100007;150.32;10;10500126773;B
20240528;100007;150.3;50;10500127088;B
20240528;100007;150.08;60;10500127451;S
20240528;100007;150.06;10;10500127452;S
20240528;100007;150.08;60;10500127455;S
20240528;100007;150.06;110;10500127456;S
20240528;100007;150.06;60;10500127457;S
20240528;100007;150.04;60;10500127458;S
20240528;100007;150.02;60;10500127459;S
20240528;100008;150.26;10;10500127934;B
20240528;100008;150;10;10500128376;S
20240528;100009;150.28;10;10500128735;B
20240528;100009;150.28;10;10500128738;B
20240528;100010;150;50;10500129876;S
20240528;100010;150;50;10500129877;S
20240528;100010;150.24;60;10500129898;B
20240528;100010;150.26;10;10500129899;B
20240528;100010;150.26;20;10500129900;B
20240528;100011;150.02;10;10500130298;S
20240528;100025;150.24;60;10500133631;B
20240528;100025;150.24;60;10500133641;B
20240528;100025;150.26;40;10500133642;B
20240528;100025;150.26;60;10500133643;B
20240528;100025;150.26;1340;10500133651;B
20240528;100025;150.26;60;10500133652;B
20240528;100036;150.22;10;10500136416;S
20240528;100037;150.3;10;10500136814;B
20240528;100038;150.3;190;10500136981;B
20240528;100038;150.36;60;10500136989;B
20240528;100038;150.36;120;10500136990;B
20240528;100038;150.38;40;10500136991;B
20240528;100038;150.38;60;10500136992;B
20240528;100038;150.38;20;10500136993;B
20240528;100038;150.36;60;10500136997;B
20240528;100038;150.36;60;10500136998;B
20240528;100038;150.38;310;10500136999;B
20240528;100038;150.36;10;10500137069;B
20240528;100038;150.36;10;10500137073;B
20240528;100038;150.38;60;10500137090;B
20240528;100038;150.4;500;10500137091;B
20240528;100038;150.4;950;10500137092;B
20240528;100039;150.38;10;10500137310;B
20240528;100039;150.32;10;10500137442;S
20240528;100040;150.32;50;10500137595;S
20240528;100040;150.3;50;10500137596;S
20240528;100041;150.28;30;10500137962;S
20240528;100044;150.38;60;10500138482;B
20240528;100044;150.38;50;10500138483;B
20240528;100044;150.38;150;10500138484;B
20240528;100046;150.32;680;10500138928;S
20240528;100046;150.3;10;10500138929;S
20240528;100046;150.3;110;10500138930;S
20240528;100046;150.3;60;10500138931;S
20240528;100046;150.28;40;10500138932;S
20240528;100056;150.36;10;10500141876;B
20240528;100058;150.38;10;10500142417;B
20240528;100103;150.38;10;10500143938;S
20240528;100103;150.38;30;10500143939;S
20240528;100104;150.4;50;10500144220;B
20240528;100104;150.4;20;10500144221;B
20240528;100104;150.4;90;10500144222;B
20240528;100104;150.42;40;10500144223;B
20240528;100104;150.38;830;10500144224;S
20240528;100104;150.36;60;10500144225;S
20240528;100104;150.36;90;10500144226;S
20240528;100104;150.34;60;10500144227;S
20240528;100104;150.32;60;10500144228;S
20240528;100104;150.32;530;10500144229;S
20240528;100104;150.3;60;10500144306;S
20240528;100104;150.3;110;10500144307;S
20240528;100104;150.28;60;10500144308;S
20240528;100104;150.28;90;10500144309;S
20240528;100104;150.28;810;10500144310;S
20240528;100104;150.26;60;10500144311;S
20240528;100104;150.26;610;10500144312;S
20240528;100104;150.24;60;10500144313;S
20240528;100104;150.24;3370;10500144314;S
20240528;100105;150.18;10;10500144461;S
20240528;100105;150.16;60;10500144462;S
20240528;100105;150.14;800;10500144463;S
20240528;100105;150.14;60;10500144464;S
20240528;100105;150.14;120;10500144465;S
20240528;100105;150.12;60;10500144466;S
20240528;100105;150.12;90;10500144467;S
20240528;100105;150.1;60;10500144468;S
20240528;100105;150.1;390;10500144469;S
20240528;100106;150.08;60;10500144852;B
20240528;100106;150.1;120;10500144853;B
20240528;100106;150.1;60;10500144854;B
20240528;100106;150.12;60;10500144855;B
20240528;100106;150.12;90;10500144856;B
20240528;100106;150.14;110;10500144857;B
20240528;100107;150.12;10;10500145134;B
20240528;100109;150.12;110;10500145509;B
20240528;100109;150.14;60;10500145510;B
20240528;100109;150.16;50;10500145511;B
20240528;100112;150.08;90;10500146169;S
20240528;100112;150.08;60;10500146170;S
20240528;100112;150.06;60;10500146171;S
20240528;100112;150.06;220;10500146172;S
20240528;100112;150.04;60;10500146173;S
20240528;100112;150.04;210;10500146174;S
20240528;100113;150.1;20;10500146442;B
20240528;100117;150.1;60;10500147352;B
20240528;100117;150.12;90;10500147353;B
20240528;100118;150.14;10;10500147606;B
20240528;100119;150.14;50;10500147758;B
20240528;100119;150.16;60;10500147759;B
20240528;100119;150.16;390;10500147760;B
20240528;100128;150.18;10;10500149793;B
20240528;100128;150.2;60;10500149805;S
20240528;100131;150.22;50;10500150409;B
20240528;100133;150.22;10;10500150755;B
20240528;100133;150.22;20;10500150756;B
20240528;100135;150.22;20;10500151089;B
20240528;100135;150.18;10;10500151167;S
20240528;100135;150.16;30;10500151168;S
20240528;100135;150.12;50;10500151169;S
20240528;100139;150.14;60;10500151832;B
20240528;100141;150.14;60;10500152416;B
20240528;100141;150.16;60;10500152417;B
20240528;100141;150.16;90;10500152418;B
20240528;100141;150.16;290;10500152419;B
20240528;100141;150.18;60;10500152420;B
20240528;100141;150.18;440;10500152421;B
20240528;100147;150.18;60;10500153501;B
20240528;100147;150.18;230;10500153502;B
20240528;100147;150.18;90;10500153503;B
20240528;100147;150.2;60;10500153504;B
20240528;100147;150.2;610;10500153505;B
20240528;100147;150.22;40;10500153506;B
20240528;100147;150.22;1410;10500153507;B
20240528;100152;150.2;60;10500154332;B
20240528;100152;150.2;140;10500154333;B
20240528;100155;150.18;60;10500155080;B
20240528;100155;150.18;30;10500155081;B
20240528;100155;150.2;60;10500155082;B
20240528;100155;150.2;80;10500155083;B
20240528;100157;150.2;100;10500155347;S
20240528;100158;150.2;100;10500155535;S
20240528;100159;150.24;10;10500155804;B
20240528;100201;150.24;10;10500156091;B
20240528;100201;150.22;10;10500156119;S
20240528;100209;150.24;300;10500157539;S
20240528;100210;150.26;20;10500157713;B
20240528;100214;150.26;70;10500158297;S
20240528;100217;150.26;40;10500158736;S
20240528;100221;150.24;80;10500159327;B
20240528;100221;150.26;400;10500159328;B
20240528;100221;150.28;1530;10500159329;B
20240528;100221;150.3;120;10500159330;B
20240528;100222;150.3;60;10500159544;S
20240528;100223;150.32;10;10500159734;B
20240528;100225;150.32;10;10500159957;B
20240528;100226;150.3;510;10500160042;S
20240528;100229;150.3;90;10500160630;B
20240528;100229;150.3;80;10500160631;B
20240528;100229;150.3;1550;10500160632;B
20240528;100230;150.3;10;10500160820;B
20240528;100230;150.28;70;10500160894;S
20240528;100232;150.28;480;10500161176;S
20240528;100233;150.28;360;10500161287;S
20240528;100233;150.28;80;10500161374;S
20240528;100235;150.28;90;10500161620;B
20240528;100235;150.28;210;10500161621;B
20240528;100237;150.24;100;10500161957;S
20240528;100238;150.24;10;10500162100;S
20240528;100241;150.24;100;10500162601;S
20240528;100241;150.24;1420;10500162602;S
20240528;100241;150.22;10;10500162603;S
20240528;100241;150.22;120;10500162604;S
20240528;100241;150.24;100;10500162605;S
20240528;100241;150.2;100;10500162696;S
20240528;100242;150.2;70;10500162907;S
20240528;100242;150.2;350;10500162908;S
20240528;100242;150.2;160;10500162910;S
20240528;100242;150.18;40;10500162911;S
20240528;100244;150.1;1340;10500163224;B
20240528;100244;150.1;610;10500163225;B
20240528;100244;150.1;100;10500163226;B
20240528;100244;150.12;1420;10500163227;B
20240528;100244;150.12;30;10500163228;B
20240528;100247;150.12;90;10500163786;B
20240528;100254;150.12;40;10500165089;S
20240528;100255;150.14;100;10500165324;B
20240528;100258;150.16;30;10500165942;B
20240528;100304;150.08;120;10500167020;S
20240528;100304;150.08;50;10500167021;S
20240528;100304;150.06;1000;10500167022;S
20240528;100304;150.06;110;10500167023;S
20240528;100304;150.02;140;10500167024;S
20240528;100304;150.02;60;10500167025;S
20240528;100304;150;300;10500167026;S
20240528;100304;150;10;10500167027;S
20240528;100304;150;100;10500167028;S
20240528;100304;150;60;10500167029;S
20240528;100304;150;20;10500167030;B
20240528;100304;150;10;10500167064;B
20240528;100307;150;10;10500167506;B
20240528;100309;150;830;10500167842;B
20240528;100309;150;60;10500167843;B
20240528;100309;150;110;10500167844;B
20240528;100310;150;10;10500168062;B
20240528;100313;150;20;10500168667;B
20240528;100315;150;10;10500169026;B
20240528;100316;150;190;10500169150;B
20240528;100316;150;110;10500169151;B
20240528;100317;149.98;10;10500169363;S
20240528;100317;149.98;10;10500169364;S
20240528;100317;149.92;110;10500169365;S
20240528;100317;149.92;30;10500169366;S
20240528;100317;149.9;120;10500169367;S
20240528;100317;149.9;610;10500169368;S
20240528;100317;149.88;2110;10500169369;S
20240528;100317;149.9;10;10500169437;S
20240528;100317;149.88;170;10500169438;S
20240528;100317;149.88;60;10500169442;S
20240528;100321;149.9;10;10500170226;S
20240528;100321;149.88;40;10500170227;S
20240528;100325;149.92;10;10500171294;S
20240528;100325;149.9;1510;10500171295;S
20240528;100325;149.9;130;10500171296;S
20240528;100325;149.88;620;10500171297;S
20240528;100325;149.86;60;10500171298;S
20240528;100325;149.84;60;10500171299;S
20240528;100325;149.82;10;10500171300;S
20240528;100325;149.82;60;10500171301;S
20240528;100325;149.82;5500;10500171302;S
20240528;100325;149.82;240;10500171303;S
20240528;100327;149.8;130;10500171719;S
20240528;100331;149.82;200;10500172808;B
20240528;100338;149.88;10;10500174677;B
20240528;100339;149.82;60;10500175093;S
20240528;100339;149.8;240;10500175094;S
20240528;100341;149.82;10;10500175393;S
20240528;100343;149.88;110;10500176146;B
20240528;100343;149.88;390;10500176147;B
20240528;100343;149.88;60;10500176148;B
20240528;100343;149.9;60;10500176149;B
20240528;100343;149.9;1050;10500176150;B
20240528;100343;149.9;150;10500176308;B
20240528;100343;149.9;120;10500176309;B
20240528;100343;149.92;60;10500176310;B
20240528;100343;149.92;200;10500176311;B
20240528;100343;149.94;60;10500176312;B
20240528;100343;149.94;1080;10500176313;B
20240528;100343;149.94;1670;10500176468;B
20240528;100346;149.96;1620;10500177146;B
20240528;100346;150;950;10500177237;B
20240528;100346;150;50;10500177238;B
20240528;100347;150;50;10500177377;B
20240528;100347;150;130;10500177467;B
20240528;100349;150;10;10500177771;B
20240528;100353;150;10;10500178937;B
20240528;100354;150;10;10500179018;B
20240528;100356;150;1660;10500179376;B
20240528;100356;150;1590;10500179455;B
20240528;100401;150;10;10500180351;B
20240528;100403;150;30;10500180833;B
20240528;100405;150;30;10500181260;B
20240528;100407;150;10;10500181498;B
20240528;100407;149.98;60;10500181506;S
20240528;100407;149.96;60;10500181507;S
20240528;100407;149.96;190;10500181508;S
20240528;100407;149.96;710;10500181509;S
20240528;100409;149.98;20;10500182008;B
20240528;100413;149.98;60;10500182641;B
20240528;100413;149.98;20;10500182659;B
20240528;100417;149.98;10;10500183376;B
20240528;100420;149.96;400;10500184165;S
20240528;100421;149.96;1100;10500184343;S
20240528;100421;149.98;20;10500184369;B
20240528;100421;149.98;180;10500184370;B
20240528;100423;149.96;10;10500184664;B
20240528;100423;149.96;190;10500184665;B
20240528;100423;149.98;250;10500184666;B
20240528;100423;149.98;10;10500184742;B
20240528;100424;149.94;30;10500184851;S
20240528;100424;149.92;10;10500184852;S
20240528;100424;149.92;1440;10500184853;S
20240528;100429;149.92;180;10500185969;B
20240528;100430;149.92;20;10500186104;B
20240528;100433;149.9;20;10500186931;B
20240528;100439;149.9;10;10500188248;B
20240528;100440;149.9;20;10500188797;B
20240528;100440;149.86;90;10500188887;S
20240528;100440;149.86;10;10500188888;S
20240528;100440;149.84;120;10500188889;S
20240528;100440;149.84;180;10500188890;S
20240528;100440;149.82;60;10500188891;S
20240528;100440;149.82;1580;10500188892;S
20240528;100440;149.88;10;10500188958;B
20240528;100440;149.88;50;10500188985;B
20240528;100440;149.88;120;10500188986;B
20240528;100440;149.88;30;10500188987;B
20240528;100445;149.88;20;10500190262;B
20240528;100447;149.9;150;10500191000;B
20240528;100447;149.9;10;10500191001;B
20240528;100447;149.9;470;10500191002;B
20240528;100447;149.92;320;10500191003;B
20240528;100447;149.92;640;10500191004;B
20240528;100447;149.92;40;10500191005;B
20240528;100455;149.88;20;10500193266;S
20240528;100455;149.88;720;10500193267;S
20240528;100455;149.86;70;10500193268;S
20240528;100455;149.86;1190;10500193269;S
20240528;100455;149.9;10;10500193283;B
20240528;100455;149.84;30;10500193321;S
20240528;100456;149.84;50;10500193540;B
20240528;100456;149.82;120;10500193541;S
20240528;100458;149.84;300;10500193986;B
20240528;100458;149.84;10;10500194039;B
20240528;100458;149.84;10;10500194108;B
20240528;100458;149.84;30;10500194111;B
20240528;100458;149.84;20;10500194139;B
20240528;100459;149.82;170;10500194339;S
20240528;100500;149.84;240;10500194570;B
20240528;100500;149.82;50;10500194611;S
20240528;100502;149.82;80;10500195886;S
20240528;100502;149.82;100;10500195887;S
20240528;100503;149.82;10;10500196154;S
20240528;100506;149.82;1480;10500197230;S
20240528;100506;149.82;280;10500197231;S
20240528;100506;149.8;90;10500197232;S
20240528;100506;149.8;400;10500197233;S
20240528;100506;149.8;30;10500197234;S
20240528;100506;149.8;10;10500197235;S
20240528;100506;149.8;10;10500197236;S
20240528;100506;149.8;10;10500197237;S
20240528;100506;149.8;100;10500197238;S
20240528;100506;149.8;10;10500197239;S
20240528;100506;149.8;50;10500197240;S
20240528;100506;149.8;50;10500197241;S
20240528;100506;149.8;10;10500197242;S
20240528;100506;149.8;5000;10500197243;S
20240528;100506;149.8;10;10500197244;S
20240528;100506;149.8;50;10500197245;S
20240528;100506;149.8;600;10500197246;S
20240528;100506;149.8;10;10500197247;S
20240528;100506;149.8;10;10500197248;S
20240528;100506;149.8;10;10500197249;S
20240528;100506;149.8;100;10500197250;S
20240528;100506;149.8;10;10500197251;S
20240528;100506;149.8;8000;10500197252;S
20240528;100506;149.8;10;10500197253;S
20240528;100506;149.8;140;10500197254;S
20240528;100506;149.8;130;10500197255;S
20240528;100506;149.76;10;10500197318;S
20240528;100506;149.76;120;10500197319;S
20240528;100506;149.76;10;10500197332;S
20240528;100506;149.76;50;10500197333;S
20240528;100506;149.76;50;10500197334;S
20240528;100506;149.76;70;10500197335;S
20240528;100506;149.76;30;10500197336;S
20240528;100507;149.78;180;10500197495;B
20240528;100507;149.78;610;10500197496;B
20240528;100507;149.8;2210;10500197497;B
20240528;100509;149.8;50;10500198280;B
20240528;100511;149.8;1130;10500198662;B
20240528;100511;149.8;180;10500198663;B
20240528;100511;149.8;60;10500198664;B
20240528;100511;149.82;110;10500198665;B
20240528;100511;149.82;610;10500198666;B
20240528;100511;149.82;610;10500198667;B
20240528;100511;149.82;90;10500199020;S
20240528;100513;149.84;10;10500199578;B
20240528;100513;149.82;10;10500199622;S
20240528;100515;149.82;300;10500200132;S
20240528;100518;149.84;10;10500201443;B
20240528;100518;149.82;10;10500201888;S
20240528;100519;149.84;60;10500202154;B
20240528;100519;149.84;60;10500202161;B
20240528;100520;149.82;420;10500203019;S
20240528;100520;149.84;30;10500203179;B
20240528;100520;149.82;10;10500203280;S
20240528;100524;149.82;1400;10500204732;S
20240528;100525;149.84;10;10500204946;B
20240528;100527;149.84;1160;10500205337;B
20240528;100527;149.84;610;10500205338;B
20240528;100527;149.84;180;10500205339;B
20240528;100527;149.86;50;10500205340;B
20240528;100529;149.84;200;10500206092;B
20240528;100530;149.82;570;10500206360;S
20240528;100533;149.74;10;10500208321;S
20240528;100533;149.74;10;10500208322;S
20240528;100533;149.74;10;10500208323;S
20240528;100533;149.72;10;10500208324;S
20240528;100533;149.72;10;10500208325;S
20240528;100533;149.7;10;10500208326;S
20240528;100533;149.7;10;10500208327;S
20240528;100534;149.7;10;10500208392;S
20240528;100534;149.68;10;10500208393;S
20240528;100534;149.68;10;10500208394;S
20240528;100534;149.68;10;10500208395;S
20240528;100534;149.66;560;10500208396;S
20240528;100534;149.64;50;10500208465;B
20240528;100534;149.66;610;10500208912;B
20240528;100535;149.68;50;10500209092;B
20240528;100535;149.68;1290;10500209103;B
20240528;100535;149.68;110;10500209104;B
20240528;100535;149.66;10;10500209540;S
20240528;100540;149.64;100;10500211301;B
20240528;100540;149.64;10;10500211370;B
20240528;100542;149.64;80;10500211964;B
20240528;100545;149.6;50;10500213296;S
20240528;100545;149.6;10;10500213297;S
20240528;100545;149.6;440;10500213298;S
20240528;100547;149.6;800;10500213660;S
20240528;100547;149.6;600;10500213682;S
20240528;100548;149.6;100;10500214279;S
20240528;100553;149.62;80;10500216551;B
20240528;100553;149.62;20;10500216552;B
20240528;100559;149.6;50;10500219381;S
20240528;100559;149.56;120;10500219382;S
20240528;100559;149.56;190;10500219383;S
20240528;100559;149.54;10;10500219384;S
20240528;100559;149.54;220;10500219385;S
20240528;100559;149.54;30;10500219386;S
20240528;100559;149.54;1300;10500219387;S
20240528;100559;149.52;600;10500219388;S
20240528;100559;149.52;10;10500219389;S
20240528;100559;149.5;600;10500219390;S
20240528;100559;149.5;10;10500219391;S
20240528;100559;149.5;300;10500219392;S
20240528;100559;149.5;10;10500219393;S
20240528;100559;149.5;60;10500219394;S
20240528;100559;149.48;10;10500219395;S
20240528;100559;149.48;60;10500219396;S
20240528;100559;149.46;60;10500219397;S
20240528;100559;149.46;610;10500219398;S
20240528;100559;149.46;750;10500219399;S
20240528;100605;149.42;50;10500221993;B
20240528;100608;149.42;10;10500222930;B
20240528;100608;149.4;10;10500223014;S
20240528;100608;149.4;10;10500223015;S
20240528;100609;149.42;10;10500223249;B
20240528;100613;149.4;430;10500224907;S
20240528;100613;149.38;80;10500224908;S
20240528;100613;149.38;60;10500224909;S
20240528;100613;149.38;180;10500224910;S
20240528;100613;149.36;60;10500224911;S
20240528;100613;149.34;120;10500224912;S
20240528;100613;149.34;60;10500224913;S
20240528;100613;149.32;60;10500224914;S
20240528;100613;149.3;70;10500224915;S
20240528;100613;149.3;2380;10500224916;S
20240528;100613;149.3;3500;10500225115;S
20240528;100615;149.38;30;10500226179;B
20240528;100616;149.38;30;10500226379;B
20240528;100616;149.38;120;10500226380;B
20240528;100616;149.4;60;10500226381;B
20240528;100616;149.4;190;10500226382;B
20240528;100616;149.4;100;10500226383;B
20240528;100618;149.34;200;10500226979;S
20240528;100618;149.32;60;10500226980;S
20240528;100618;149.32;120;10500226981;S
20240528;100618;149.32;190;10500226982;S
20240528;100618;149.3;2930;10500226983;S
20240528;100621;149.36;70;10500228120;S
20240528;100621;149.32;190;10500228121;S
20240528;100621;149.3;1190;10500228122;S
20240528;100621;149.28;10;10500228123;S
20240528;100621;149.28;30;10500228124;S
20240528;100621;149.28;110;10500228125;S
20240528;100621;149.26;60;10500228126;S
20240528;100621;149.26;340;10500228127;S
20240528;100621;149.24;10;10500228369;S
20240528;100621;149.22;20;10500228370;S
20240528;100621;149.22;10;10500228371;S
20240528;100621;149.2;10;10500228372;S
20240528;100621;149.2;10;10500228382;S
20240528;100621;149.2;10;10500228383;S
20240528;100621;149.2;50;10500228384;S
20240528;100621;149.2;100;10500228385;S
20240528;100621;149.2;610;10500228386;S
20240528;100621;149.18;60;10500228387;S
20240528;100621;149.18;180;10500228388;S
20240528;100621;149.16;60;10500228389;S
20240528;100621;149.16;120;10500228390;S
20240528;100621;149.14;60;10500228391;S
20240528;100621;149.12;10;10500228392;S
20240528;100621;149.12;60;10500228393;S
20240528;100621;149.1;60;10500228394;S
20240528;100621;149.1;610;10500228395;S
20240528;100621;149.2;10;10500228399;B
20240528;100621;149.1;500;10500228400;S
20240528;100622;149.12;610;10500228401;S
20240528;100622;149.08;60;10500228402;S
20240528;100622;149.06;60;10500228403;S
20240528;100622;149.06;270;10500228404;S
20240528;100622;149.12;50;10500228553;B
20240528;100622;149.06;610;10500228644;S
20240528;100622;149.04;10;10500228645;S
20240528;100622;149.04;40;10500228646;S
20240528;100622;149.1;10;10500228731;B
20240528;100623;149.1;110;10500228856;B
20240528;100623;149.12;50;10500229033;B
20240528;100623;149.1;100;10500229203;S
20240528;100625;149.1;440;10500229769;S
20240528;100625;149.1;610;10500229770;S
20240528;100625;149.04;60;10500229771;S
20240528;100625;149.02;10;10500229772;S
20240528;100625;149.02;100;10500229773;S
20240528;100625;149.02;60;10500229774;S
20240528;100625;149;13720;10500229775;S
20240528;100625;149.02;200;10500229798;S
20240528;100625;149.1;60;10500229899;B
20240528;100625;149.1;20;10500229900;B
20240528;100625;149.1;120;10500229901;B
20240528;100625;149.12;1450;10500229902;B
20240528;100625;149.12;370;10500229903;B
20240528;100626;149.12;10;10500230012;B
20240528;100627;149.12;10;10500230521;B
20240528;100631;149.12;10;10500232489;B
20240528;100632;149.1;180;10500232725;S
20240528;100632;149.1;60;10500232726;S
20240528;100632;149.1;610;10500232727;S
20240528;100632;149.08;250;10500232728;S
20240528;100632;149.08;60;10500232729;S
20240528;100632;149.06;60;10500232730;S
20240528;100632;149.06;10;10500232731;S
20240528;100632;149.04;60;10500232732;S
20240528;100632;149.02;60;10500232733;S
20240528;100632;149.02;1340;10500232734;S
20240528;100632;149;7300;10500232735;S
20240528;100635;149.1;100;10500233450;B
20240528;100638;149.04;250;10500234391;S
20240528;100638;149.02;1340;10500234401;S
20240528;100638;149.02;10;10500234402;S
20240528;100638;149.06;10;10500234504;B
20240528;100638;149.04;60;10500234719;S
20240528;100638;149.02;660;10500234720;S
20240528;100639;149.02;680;10500235012;S
20240528;100639;149.02;60;10500235013;S
20240528;100639;149.02;60;10500235014;S
20240528;100639;149;5200;10500235015;S
20240528;100641;149.04;300;10500235836;B
20240528;100643;149.12;100;10500236949;B
20240528;100643;149.14;120;10500236950;B
20240528;100643;149.14;60;10500236951;B
20240528;100643;149.16;60;10500236952;B
20240528;100643;149.16;190;10500236953;B
20240528;100645;149.26;10;10500237646;B
20240528;100648;149.3;400;10500238622;B
20240528;100648;149.32;60;10500238623;B
20240528;100648;149.34;60;10500238624;B
20240528;100648;149.34;1340;10500238625;B
20240528;100648;149.36;800;10500238644;B
20240528;100648;149.36;400;10500238645;B
20240528;100648;149.38;200;10500238709;B
20240528;100648;149.4;60;10500238710;B
20240528;100648;149.42;60;10500238711;B
20240528;100648;149.44;60;10500238712;B
20240528;100648;149.44;1290;10500238713;B
20240528;100648;149.46;60;10500238845;B
20240528;100648;149.46;1340;10500238846;B
20240528;100648;149.46;270;10500238847;B
20240528;100648;149.46;60;10500239064;B
20240528;100648;149.48;60;10500239065;B
20240528;100648;149.48;610;10500239066;B
20240528;100648;149.5;60;10500239067;B
20240528;100648;149.5;880;10500239068;B
20240528;100649;149.5;610;10500239190;B
20240528;100649;149.52;60;10500239191;B
20240528;100649;149.52;60;10500239283;B
20240528;100649;149.52;1340;10500239284;B
20240528;100649;149.52;270;10500239285;B
20240528;100649;149.44;60;10500239308;S
20240528;100649;149.44;120;10500239309;S
20240528;100649;149.42;60;10500239310;S
20240528;100649;149.42;760;10500239311;S
20240528;100649;149.38;300;10500239331;S
20240528;100649;149.44;120;10500239333;B
20240528;100649;149.44;610;10500239334;B
20240528;100649;149.44;60;10500239335;B
20240528;100649;149.46;60;10500239336;B
20240528;100649;149.48;60;10500239337;B
20240528;100649;149.5;60;10500239338;B
20240528;100649;149.5;1160;10500239339;B
20240528;100650;149.52;60;10500239628;B
20240528;100650;149.52;610;10500239629;B
20240528;100650;149.58;610;10500239760;B
20240528;100650;149.62;1010;10500239761;B
20240528;100650;149.64;470;10500239767;B
20240528;100650;149.64;610;10500239768;B
20240528;100650;149.66;1000;10500239770;B
20240528;100650;149.68;200;10500239772;B
20240528;100650;149.68;60;10500239775;B
20240528;100650;149.68;200;10500239776;B
20240528;100650;149.68;350;10500239777;B
20240528;100650;149.7;50;10500239778;S
20240528;100650;149.7;50;10500239779;S
20240528;100650;149.7;10;10500239781;S
20240528;100650;149.68;1840;10500239782;S
20240528;100650;149.68;2830;10500239783;S
20240528;100651;149.68;50;10500240076;S
20240528;100652;149.72;10;10500240367;B
20240528;100658;149.68;50;10500241887;S
20240528;100659;149.7;20;10500242382;B
20240528;100701;149.7;590;10500242654;B
20240528;100701;149.72;240;10500242655;B
20240528;100701;149.72;180;10500242656;B
20240528;100702;149.72;400;10500243074;S
20240528;100703;149.74;20;10500243822;B
20240528;100703;149.74;20;10500243833;B
20240528;100707;149.72;60;10500245071;S
20240528;100707;149.7;60;10500245072;S
20240528;100707;149.7;180;10500245073;S
20240528;100707;149.68;60;10500245074;S
20240528;100707;149.68;40;10500245075;S
20240528;100708;149.74;40;10500245115;B
20240528;100708;149.74;610;10500245116;B
20240528;100709;149.8;410;10500245480;B
20240528;100709;149.8;20;10500245483;B
20240528;100709;149.8;390;10500245484;B
20240528;100710;149.76;60;10500245708;S
20240528;100714;149.74;120;10500247008;S
20240528;100714;149.7;60;10500247009;S
20240528;100714;149.7;190;10500247010;S
20240528;100714;149.68;30;10500247011;S
20240528;100714;149.66;10;10500247051;S
20240528;100718;149.72;190;10500248099;B
20240528;100718;149.74;120;10500248109;B
20240528;100719;149.78;10;10500248446;B
20240528;100720;149.78;1330;10500248850;B
20240528;100720;149.78;610;10500248851;B
20240528;100720;149.78;190;10500248852;B
20240528;100720;149.8;2870;10500248853;B
20240528;100720;149.8;5000;10500248854;B
20240528;100720;149.8;10;10500248973;B
20240528;100722;149.76;400;10500249457;S
20240528;100722;149.8;30;10500249485;B
20240528;100722;149.76;10;10500249600;S
20240528;100724;149.8;90;10500250197;B
20240528;100724;149.8;210;10500250198;B
20240528;100728;149.78;20;10500251182;B
20240528;100733;149.76;400;10500252723;S
20240528;100733;149.78;10;10500252735;B
20240528;100734;149.76;40;10500252962;S
20240528;100734;149.76;10;10500253169;S
20240528;100736;149.76;10;10500253668;B
20240528;100737;149.78;610;10500253951;B
20240528;100737;149.78;80;10500253952;B
20240528;100737;149.8;720;10500253987;B
20240528;100738;149.76;60;10500254565;S
20240528;100739;149.76;990;10500254977;S
20240528;100739;149.76;60;10500254978;S
20240528;100739;149.74;2050;10500254979;S
20240528;100741;149.74;2390;10500255519;S
20240528;100741;149.74;60;10500255520;S
20240528;100741;149.72;120;10500255521;S
20240528;100741;149.72;60;10500255522;S
20240528;100741;149.72;1390;10500255523;S
20240528;100741;149.72;190;10500255524;S
20240528;100741;149.7;60;10500255525;S
20240528;100741;149.68;60;10500255526;S
20240528;100741;149.66;50;10500255527;S
20240528;100741;149.66;5620;10500255528;S
20240528;100741;149.78;60;10500255559;B
20240528;100741;149.78;90;10500255560;B
20240528;100742;149.78;30;10500255714;B
20240528;100742;149.78;30;10500255715;B
20240528;100742;149.8;210;10500255906;B
20240528;100742;149.8;4440;10500255924;B
20240528;100743;149.8;4440;10500256228;B
20240528;100743;149.8;1850;10500256238;B
20240528;100743;149.78;30;10500256366;S
20240528;100748;149.8;450;10500257706;B
20240528;100748;149.8;190;10500257707;B
20240528;100748;149.8;60;10500257708;B
20240528;100755;149.76;10;10500259581;S
20240528;100756;149.78;20;10500259760;B
20240528;100756;149.76;100;10500259793;S
20240528;100757;149.76;1160;10500260141;S
20240528;100758;149.74;10;10500260196;B
20240528;100759;149.62;60;10500260515;S
20240528;100759;149.6;60;10500260516;S
20240528;100759;149.6;60;10500260517;S
20240528;100759;149.6;120;10500260518;S
20240528;100759;149.58;60;10500260519;S
20240528;100759;149.58;550;10500260520;S
20240528;100803;149.5;60;10500261566;S
20240528;100804;149.52;60;10500261909;B
20240528;100804;149.54;60;10500261910;B
20240528;100804;149.54;180;10500261911;B
20240528;100804;149.56;60;10500261912;B
20240528;100804;149.56;120;10500261913;B
20240528;100804;149.56;320;10500261914;B
20240528;100809;149.58;20;10500263206;B
20240528;100810;149.5;40;10500263493;S
20240528;100810;149.5;60;10500263494;S
20240528;100811;149.5;10;10500263755;B
20240528;100812;149.42;10;10500264562;S
20240528;100812;149.42;180;10500264563;S
20240528;100812;149.4;610;10500264564;S
20240528;100812;149.4;60;10500264565;S
20240528;100812;149.38;60;10500264566;S
20240528;100812;149.38;120;10500264567;S
20240528;100812;149.38;1460;10500264568;S
20240528;100814;149.46;60;10500266046;B
20240528;100814;149.46;120;10500266047;B
20240528;100814;149.48;1340;10500266223;B
20240528;100814;149.5;1890;10500266224;B
20240528;100814;149.5;60;10500266225;B
20240528;100814;149.5;60;10500266226;S
20240528;100814;149.62;70;10500266287;B
20240528;100814;149.64;60;10500266288;B
20240528;100814;149.72;1340;10500266336;B
20240528;100814;149.74;1030;10500266339;B
20240528;100814;149.74;1340;10500266345;B
20240528;100814;149.76;1860;10500266346;B
20240528;100814;149.78;150;10500266347;B
20240528;100814;149.74;1340;10500266478;B
20240528;100814;149.74;330;10500266479;B
20240528;100814;149.76;990;10500266760;B
20240528;100814;149.76;610;10500266761;B
20240528;100814;149.76;60;10500266762;B
20240528;100814;149.78;10;10500266763;B
20240528;100814;149.78;1670;10500266957;B
20240528;100815;149.7;60;10500267066;S
20240528;100815;149.7;120;10500267067;S
20240528;100815;149.68;3820;10500267068;S
20240528;100815;149.76;60;10500267116;B
20240528;100815;149.78;170;10500267117;B
20240528;100815;149.78;60;10500267118;B
20240528;100815;149.78;120;10500267119;B
20240528;100815;149.8;1200;10500267120;B
20240528;100815;149.8;60;10500267121;B
20240528;100815;149.8;1670;10500267340;B
20240528;100815;149.8;1020;10500267507;B
20240528;100815;149.84;650;10500267508;B
20240528;100816;149.86;1670;10500267936;B
20240528;100816;149.86;1550;10500268073;B
20240528;100816;149.84;10;10500268138;S
20240528;100817;149.84;10;10500268612;S
20240528;100820;149.84;50;10500269242;B
20240528;100820;149.86;50;10500269243;B
20240528;100821;149.84;400;10500269847;S
20240528;100824;149.86;1100;10500270450;B
20240528;100824;149.86;1100;10500270490;B
20240528;100824;149.86;1440;10500270522;B
20240528;100824;149.84;10;10500270578;S
20240528;100824;149.84;1920;10500270772;S
20240528;100824;149.84;3700;10500270773;S
20240528;100824;149.84;60;10500270774;S
20240528;100824;149.82;190;10500270775;S
20240528;100824;149.82;60;10500270776;S
20240528;100824;149.8;60;10500270777;S
20240528;100824;149.8;120;10500270778;S
20240528;100824;149.8;1330;10500270779;S
20240528;100824;149.78;60;10500270780;S
20240528;100824;149.78;400;10500270781;S
20240528;100824;149.78;2000;10500270782;S
20240528;100824;149.76;60;10500270783;S
20240528;100824;149.76;10000;10500270784;S
20240528;100824;149.74;60;10500270785;S
20240528;100824;149.72;60;10500270786;S
20240528;100824;149.72;610;10500270787;S
20240528;100824;149.7;60;10500270788;S
20240528;100824;149.68;60;10500270789;S
20240528;100824;149.66;60;10500270790;S
20240528;100824;149.28;1340;10500270791;S
20240528;100824;149.26;930;10500270792;S
20240528;100824;149.22;800;10500270793;S
20240528;100824;149.16;810;10500270794;S
20240528;100824;149.16;2010;10500270795;S
20240528;100824;149.16;1670;10500270796;S
20240528;100824;149.14;10500;10500270797;S
20240528;100824;149.12;6700;10500270798;S
20240528;100824;149.08;10;10500270799;S
20240528;100824;149.04;30;10500270800;S
20240528;100824;149.04;150;10500270801;S
20240528;100824;149.04;600;10500270802;S
20240528;100824;149.04;600;10500270803;S
20240528;100824;149.04;600;10500270804;S
20240528;100824;149.04;6700;10500270805;S
20240528;100824;149.02;100;10500270806;S
20240528;100824;149;5580;10500270807;S
20240528;100824;149.2;1340;10500270813;S
20240528;100824;149.18;610;10500270814;S
20240528;100824;149.14;610;10500270837;S
20240528;100824;149.08;1340;10500270838;S
20240528;100824;149.08;610;10500270839;S
20240528;100824;149.1;10000;10500270842;B
20240528;100825;149.5;60;10500271012;B
20240528;100825;149.5;10;10500271013;B
20240528;100825;149.5;600;10500271014;B
20240528;100825;149.52;60;10500271015;B
20240528;100825;149.52;120;10500271016;B
20240528;100825;149.52;60;10500271017;S
20240528;100825;149.54;70;10500271018;B
20240528;100825;149.54;730;10500271021;B
20240528;100825;149.54;610;10500271022;B
20240528;100825;149.6;610;10500271060;B
20240528;100825;149.62;60;10500271061;B
20240528;100825;149.62;610;10500271062;B
20240528;100825;149.64;60;10500271063;B
20240528;100825;149.66;1340;10500271064;B
20240528;100825;149.66;1670;10500271065;B
20240528;100825;149.66;60;10500271066;B
20240528;100825;149.66;1160;10500271067;S
20240528;100825;149.64;60;10500271072;B
20240528;100825;149.64;610;10500271073;B
20240528;100825;149.66;60;10500271074;B
20240528;100825;149.66;550;10500271075;B
20240528;100825;149.64;60;10500271076;B
20240528;100825;149.64;610;10500271077;B
20240528;100825;149.66;60;10500271078;B
20240528;100825;149.66;60;10500271080;B
20240528;100825;149.66;610;10500271081;B
20240528;100825;149.66;1340;10500271082;B
20240528;100827;149.68;90;10500271726;B
20240528;100827;149.68;90;10500271729;B
20240528;100827;149.68;520;10500271789;B
20240528;100827;149.68;520;10500271799;B
20240528;100827;149.68;580;10500271828;B
20240528;100827;149.68;580;10500271833;B
20240528;100828;149.68;700;10500272190;B
20240528;100828;149.68;700;10500272213;B
20240528;100829;149.66;60;10500272536;S
20240528;100829;149.66;390;10500272537;S
20240528;100830;149.66;500;10500272691;S
20240528;100830;149.66;500;10500272772;S
20240528;100830;149.66;30;10500272807;S
20240528;100830;149.66;210;10500272808;S
20240528;100830;149.66;260;10500272809;S
20240528;100830;149.66;500;10500272827;S
20240528;100830;149.66;500;10500272874;S
20240528;100831;149.66;260;10500272903;S
20240528;100831;149.62;240;10500272904;S
20240528;100833;149.6;120;10500273385;S
20240528;100833;149.58;80;10500273386;S
20240528;100833;149.56;10;10500273387;S
20240528;100833;149.5;610;10500273389;B
20240528;100834;149.56;100;10500273667;B
20240528;100835;149.54;40;10500274086;S
20240528;100836;149.56;10;10500274291;B
20240528;100838;149.54;250;10500274884;S
20240528;100838;149.54;60;10500274885;S
20240528;100838;149.52;60;10500274886;S
20240528;100838;149.52;520;10500274887;S
20240528;100838;149.52;210;10500274888;S
20240528;100838;149.52;10;10500274889;S
20240528;100838;149.5;60;10500274890;S
20240528;100838;149.48;60;10500274891;S
20240528;100838;149.48;120;10500274892;S
20240528;100838;149.48;1340;10500274893;S
20240528;100838;149.46;60;10500274894;S
20240528;100838;149.46;2250;10500274895;S
20240528;100839;149.46;100;10500275047;B
20240528;100843;149.44;10;10500276424;B
20240528;100851;149.46;60;10500278727;B
20240528;100851;149.48;100;10500278728;B
20240528;100853;149.42;50;10500279015;S
20240528;100855;149.38;60;10500279448;S
20240528;100855;149.38;200;10500279449;S
20240528;100856;149.36;10;10500279603;S
20240528;100856;149.42;60;10500279810;B
20240528;100856;149.42;120;10500279811;B
20240528;100856;149.44;490;10500279812;B
20240528;100857;149.48;10;10500279825;B
20240528;100859;149.4;10;10500280261;S
20240528;100859;149.4;60;10500280262;S
20240528;100859;149.38;60;10500280263;S
20240528;100859;149.36;10;10500280264;S
20240528;100859;149.36;60;10500280265;S
20240528;100859;149.36;600;10500280266;S
20240528;100859;149.46;10;10500280319;B
20240528;100910;149.48;100;10500282594;B
20240528;100911;149.5;60;10500282618;B
20240528;100911;149.52;20;10500282619;B
20240528;100911;149.52;610;10500282620;B
20240528;100911;149.52;60;10500282621;B
20240528;100911;149.52;30;10500282622;B
20240528;100911;149.6;60;10500282647;B
20240528;100911;149.6;610;10500282648;B
20240528;100911;149.62;500;10500282649;B
20240528;100911;149.62;60;10500282650;B
20240528;100911;149.64;60;10500282651;B
20240528;100911;149.66;60;10500282652;B
20240528;100911;149.66;1160;10500282653;B
20240528;100911;149.64;60;10500282660;B
20240528;100911;149.64;430;10500282661;B
20240528;100911;149.62;60;10500282683;B
20240528;100911;149.62;60;10500282684;B
20240528;100911;149.62;60;10500282685;B
20240528;100911;149.62;40;10500282686;B
20240528;100912;149.52;60;10500282903;S
20240528;100912;149.5;60;10500282904;S
20240528;100912;149.5;230;10500282905;S
20240528;100913;149.6;30;10500283068;B
20240528;100916;149.52;60;10500283904;S
20240528;100916;149.52;460;10500283905;S
20240528;100916;149.52;190;10500283906;S
20240528;100916;149.5;790;10500283907;S
20240528;100924;149.5;100;10500285919;S
20240528;100924;149.46;190;10500285920;S
20240528;100924;149.44;60;10500285921;S
20240528;100924;149.44;330;10500285922;S
20240528;100925;149.5;10;10500286026;B
20240528;100925;149.48;10;10500286216;S
20240528;100931;149.36;20;10500287207;S
20240528;100933;149.42;60;10500287656;B
20240528;100933;149.44;190;10500287657;B
20240528;100942;149.5;60;10500289442;B
20240528;100942;149.5;60;10500289443;B
20240528;100942;149.52;60;10500289444;B
20240528;100942;149.52;610;10500289445;B
20240528;100942;149.5;60;10500289525;B
20240528;100942;149.52;60;10500289526;B
20240528;100942;149.58;60;10500289567;B
20240528;100942;149.58;140;10500289568;B
20240528;100942;149.56;100;10500289598;S
20240528;100942;149.58;80;10500289610;B
20240528;100942;149.58;280;10500289636;B
20240528;100943;149.56;320;10500289861;S
20240528;100943;149.54;60;10500289862;S
20240528;100943;149.52;60;10500289863;S
20240528;100943;149.5;60;10500289864;S
20240528;100943;149.48;60;10500289865;S
20240528;100943;149.48;120;10500289866;S
20240528;100943;149.46;60;10500289867;S
20240528;100943;149.46;760;10500289868;S
20240528;100946;149.54;610;10500290409;B
20240528;100946;149.56;60;10500290410;B
20240528;100946;149.58;60;10500290411;B
20240528;100946;149.6;60;10500290412;B
20240528;100946;149.6;60;10500290413;B
20240528;100946;149.6;120;10500290414;B
20240528;100946;149.6;2940;10500290415;B
20240528;100949;149.58;100;10500290956;B
20240528;100951;149.5;60;10500291330;S
20240528;100951;149.48;220;10500291331;S
20240528;100951;149.48;60;10500291332;S
20240528;100951;149.48;190;10500291333;S
20240528;100959;149.4;10;10500292716;B
20240528;100959;149.4;50;10500292864;B
20240528;100959;149.42;30;10500292867;B
20240528;100959;149.44;60;10500292868;B
20240528;100959;149.44;190;10500292869;B
20240528;100959;149.46;60;10500292870;B
20240528;100959;149.48;1540;10500292871;B
20240528;101006;149.42;120;10500294247;S
20240528;101006;149.42;1340;10500294248;S
20240528;101006;149.42;110;10500294249;S
20240528;101006;149.4;8430;10500294250;S
20240528;101006;149.4;200;10500294263;S
20240528;101019;149.4;1320;10500297087;S
20240528;101019;149.4;20;10500297088;S
20240528;101023;149.38;10;10500298001;B
20240528;101024;149.38;10;10500298055;B
20240528;101027;149.38;20;10500298907;B
20240528;101030;149.36;100;10500299740;S
20240528;101030;149.34;10;10500299741;S
20240528;101030;149.32;20;10500299742;S
20240528;101034;149.38;10;10500300547;B
20240528;101043;149.3;50;10500302769;S
20240528;101043;149.28;400;10500302782;S
20240528;101044;149.34;20;10500303080;B
20240528;101045;149.34;40;10500303255;B
20240528;101045;149.36;470;10500303256;B
20240528;101046;149.28;100;10500303583;S
20240528;101046;149.28;60;10500303584;S
20240528;101046;149.26;60;10500303585;S
20240528;101046;149.26;190;10500303586;S
20240528;101046;149.24;10;10500303587;S
20240528;101046;149.24;500;10500303588;S
20240528;101046;149.24;80;10500303589;S
20240528;101052;149.26;60;10500304665;S
20240528;101052;149.22;30;10500304666;S
20240528;101052;149.22;10;10500304667;S
20240528;101052;149.2;100;10500304668;S
20240528;101054;149.22;100;10500305097;S
20240528;101055;149.3;10;10500305241;B
20240528;101056;149.24;10;10500305378;S
20240528;101100;149.2;50;10500306134;S
20240528;101101;149.22;10;10500306299;S
20240528;101105;149.2;30;10500307257;S
20240528;101106;149.2;20;10500307375;S
20240528;101106;149.2;130;10500307376;S
20240528;101111;149.2;100;10500308220;B
20240528;101111;149.26;100;10500308221;B
20240528;101111;149.26;60;10500308222;B
20240528;101111;149.26;110;10500308223;B
20240528;101111;149.26;40;10500308224;B
20240528;101111;149.26;180;10500308225;B
20240528;101112;149.3;100;10500308488;S
20240528;101119;149.3;60;10500309767;S
20240528;101119;149.3;20;10500309768;S
20240528;101119;149.3;180;10500309769;S
20240528;101119;149.3;10;10500309770;S
20240528;101119;149.28;60;10500309771;S
20240528;101119;149.28;130;10500309772;S
20240528;101121;149.3;10;10500310068;S
20240528;101122;149.32;10;10500310327;B
20240528;101122;149.38;10;10500310328;B
20240528;101122;149.38;180;10500310329;B
20240528;101122;149.38;10;10500310330;B
20240528;101122;149.4;140;10500310331;B
20240528;101122;149.4;10;10500310332;B
20240528;101122;149.46;60;10500310401;B
20240528;101122;149.48;2940;10500310402;B
20240528;101123;149.38;10;10500310518;S
20240528;101125;149.46;20;10500310906;B
20240528;101125;149.46;10;10500310907;B
20240528;101125;149.38;20;10500310960;S
20240528;101127;149.46;10;10500311254;B
20240528;101127;149.46;10;10500311304;B
20240528;101128;149.48;10;10500311519;B
20240528;101129;149.48;220;10500311858;B
20240528;101129;149.48;880;10500311896;B
20240528;101129;149.48;1490;10500311974;B
20240528;101130;149.48;1100;10500312105;B
20240528;101130;149.48;1100;10500312142;B
20240528;101130;149.48;3700;10500312147;B
20240528;101130;149.48;10;10500312153;B
20240528;101130;149.48;10;10500312159;B
20240528;101130;149.48;10;10500312162;B
20240528;101130;149.48;10;10500312163;B
20240528;101130;149.48;30;10500312845;B
20240528;101131;149.48;10;10500312965;B
20240528;101131;149.48;60;10500312979;B
20240528;101131;149.48;50;10500313001;B
20240528;101132;149.48;70;10500313271;B
20240528;101132;149.46;60;10500313298;S
20240528;101132;149.46;40;10500313299;S
20240528;101132;149.48;20;10500313300;B
20240528;101135;149.48;220;10500314029;B
20240528;101135;149.48;220;10500314054;B
20240528;101135;149.48;10;10500314085;B
20240528;101135;149.48;80;10500314122;B
20240528;101135;149.48;10;10500314127;B
20240528;101135;149.48;80;10500314132;B
20240528;101136;149.48;70;10500314186;B
20240528;101136;149.48;70;10500314194;B
20240528;101136;149.48;1500;10500314208;B
20240528;101136;149.48;50;10500314266;B
20240528;101136;149.48;320;10500314267;B
20240528;101136;149.5;10;10500314268;B
20240528;101139;149.6;10;10500314997;B
20240528;101139;149.64;10;10500315046;B
20240528;101139;149.64;10;10500315171;B
20240528;101139;149.64;10;10500315219;B
20240528;101140;149.64;10;10500315237;B
20240528;101140;149.64;10;10500315296;B
20240528;101140;149.64;10;10500315335;B
20240528;101140;149.64;10;10500315412;B
20240528;101143;149.64;1500;10500315887;B
20240528;101143;149.64;1350;10500316061;B
20240528;101143;149.64;6700;10500316062;B
20240528;101143;149.76;610;10500316070;B
20240528;101143;149.78;2390;10500316071;B
20240528;101144;149.8;10;10500316175;B
20240528;101144;149.8;60;10500316176;B
20240528;101146;149.82;10;10500316588;B
20240528;101146;149.82;40;10500316658;B
20240528;101146;149.84;60;10500316659;B
20240528;101146;149.84;610;10500316660;B
20240528;101146;149.86;2290;10500316661;B
20240528;101146;149.84;60;10500316664;B
20240528;101146;149.86;90;10500316666;B
20240528;101146;149.84;10;10500316725;B
20240528;101146;149.84;220;10500316744;B
20240528;101147;149.86;10;10500316756;B
20240528;101147;149.86;10;10500316779;B
20240528;101147;149.86;10;10500316785;B
20240528;101147;149.86;10;10500316837;B
20240528;101147;149.86;10;10500316880;B
20240528;101147;149.86;10;10500316902;B
20240528;101148;149.86;10;10500316931;B
20240528;101148;149.86;10;10500316963;B
20240528;101148;149.84;20;10500316964;S
20240528;101148;149.86;10;10500316981;B
20240528;101148;149.86;10;10500317038;B
20240528;101148;149.86;560;10500317040;B
20240528;101148;149.88;30;10500317041;B
20240528;101148;149.9;10;10500317042;B
20240528;101148;149.9;1690;10500317043;B
20240528;101148;149.9;10;10500317057;B
20240528;101148;149.9;10;10500317092;B
20240528;101148;149.9;10;10500317093;B
20240528;101149;149.9;10;10500317131;B
20240528;101151;149.9;80;10500317552;B
20240528;101152;149.9;80;10500317652;B
20240528;101154;149.9;10;10500318159;B
20240528;101155;149.9;2400;10500318188;B
20240528;101155;149.9;1500;10500318338;B
20240528;101155;149.9;60;10500318339;B
20240528;101155;149.9;1500;10500318377;B
20240528;101156;149.9;1500;10500318400;B
20240528;101157;149.9;250;10500318704;B
20240528;101157;149.9;250;10500318740;B
20240528;101158;149.9;20;10500318755;B
20240528;101158;149.9;250;10500318861;B
20240528;101158;149.9;10;10500318866;B
20240528;101158;149.9;250;10500318900;B
20240528;101158;149.9;110;10500318915;B
20240528;101158;149.92;140;10500318916;B
20240528;101158;149.92;250;10500318992;B
20240528;101159;149.92;20;10500319098;B
20240528;101159;149.92;250;10500319135;B
20240528;101200;149.92;250;10500319408;B
20240528;101200;149.92;250;10500319459;B
20240528;101201;149.92;250;10500319504;B
20240528;101201;149.9;50;10500319508;S
20240528;101201;149.92;250;10500319611;B
20240528;101203;149.92;50;10500319993;B
20240528;101204;149.92;90;10500320095;B
20240528;101204;149.92;40;10500320140;B
20240528;101205;149.92;160;10500320475;B
20240528;101205;149.92;10;10500320477;B
20240528;101206;149.92;130;10500320583;B
20240528;101206;149.92;50;10500320653;B
20240528;101206;149.92;60;10500320749;B
20240528;101206;149.92;60;10500320750;B
20240528;101206;149.92;20;10500320752;B
20240528;101206;149.92;10;10500320758;B
20240528;101206;149.92;10;10500320768;B
20240528;101206;149.92;30;10500320773;B
20240528;101208;149.92;150;10500321187;B
20240528;101208;149.92;30;10500321485;B
20240528;101208;149.92;70;10500321486;B
20240528;101209;149.92;130;10500321630;B
20240528;101209;149.92;50;10500321673;B
20240528;101210;149.92;80;10500321843;B
20240528;101210;149.92;20;10500321892;B
20240528;101211;149.92;60;10500321988;B
20240528;101211;149.92;10;10500322023;B
20240528;101211;149.92;20;10500322027;B
20240528;101211;149.92;10;10500322038;B
20240528;101212;149.92;80;10500322183;B
20240528;101213;149.92;310;10500322606;B
20240528;101213;149.9;10;10500322665;S
20240528;101213;149.9;690;10500322666;S
20240528;101213;149.92;70;10500322667;B
20240528;101214;149.92;210;10500322891;B
20240528;101214;149.92;130;10500323056;B
20240528;101215;149.92;40;10500323104;B
20240528;101215;149.92;10;10500323119;B
20240528;101215;149.92;30;10500323162;B
20240528;101215;149.92;30;10500323236;B
20240528;101215;149.92;30;10500323260;B
20240528;101215;149.92;10;10500323261;B
20240528;101216;149.92;30;10500323292;B
20240528;101216;149.92;10;10500323293;B
20240528;101216;149.92;30;10500323325;B
20240528;101216;149.92;30;10500323340;B
20240528;101216;149.92;10;10500323341;B
20240528;101216;149.92;30;10500323378;B
20240528;101216;149.92;10;10500323379;B
20240528;101216;149.92;30;10500323390;B
20240528;101216;149.92;40;10500323418;B
20240528;101217;149.9;10;10500323478;S
20240528;101217;149.92;40;10500323479;B
20240528;101217;149.92;60;10500323542;B
20240528;101217;149.92;10;10500323543;B
20240528;101217;149.92;40;10500323616;B
20240528;101219;149.92;440;10500324063;B
20240528;101219;149.92;40;10500324114;B
20240528;101221;149.92;130;10500324456;B
20240528;101221;149.9;200;10500324540;S
20240528;101222;149.92;30;10500324906;B
20240528;101222;149.92;30;10500324907;B
20240528;101222;149.92;30;10500324908;B
20240528;101222;149.92;40;10500324909;B
20240528;101222;149.92;10;10500324910;B
20240528;101223;149.92;30;10500324926;B
20240528;101223;149.92;10;10500324927;B
20240528;101223;149.92;60;10500324982;B
20240528;101225;149.92;120;10500325409;B
20240528;101228;149.9;200;10500326116;S
20240528;101228;149.92;260;10500326117;B
20240528;101228;149.9;10;10500326235;S
20240528;101233;149.92;10;10500327393;B
20240528;101234;149.92;410;10500327552;B
20240528;101234;149.9;5290;10500327668;S
20240528;101234;149.9;10;10500327669;S
20240528;101234;149.9;50;10500327670;S
20240528;101234;149.9;60;10500327671;S
20240528;101234;149.9;50;10500327672;S
20240528;101234;149.9;430;10500327673;S
20240528;101235;149.92;30;10500327756;B
20240528;101236;149.9;30;10500328012;B
20240528;101236;149.88;10;10500328013;S
20240528;101236;149.84;20;10500328014;S
20240528;101237;149.9;30;10500328299;B
20240528;101238;149.9;30;10500328359;B
20240528;101238;149.9;20;10500328383;B
20240528;101238;149.9;10;10500328384;B
20240528;101238;149.9;30;10500328441;B
20240528;101238;149.9;30;10500328484;B
20240528;101239;149.92;30;10500328628;B
20240528;101239;149.92;30;10500328694;B
20240528;101240;149.92;30;10500328741;B
20240528;101240;149.92;30;10500328775;B
20240528;101240;149.92;30;10500328814;B
20240528;101240;149.92;30;10500328849;B
20240528;101240;149.9;10;10500328851;S
20240528;101240;149.92;30;10500328879;B
20240528;101240;149.9;20;10500329153;S
20240528;101240;149.9;30;10500329154;S
20240528;101240;149.9;550;10500329155;S
20240528;101240;149.9;220;10500329156;S
20240528;101241;149.9;30;10500329210;B
20240528;101241;149.9;30;10500329283;B
20240528;101241;149.9;10;10500329386;B
20240528;101242;149.88;30;10500329543;S
20240528;101244;149.86;100;10500329964;S
20240528;101244;149.8;90;10500330068;S
20240528;101244;149.8;60;10500330069;S
20240528;101244;149.78;60;10500330070;S
20240528;101244;149.78;10;10500330071;S
20240528;101244;149.78;220;10500330072;S
20240528;101244;149.76;60;10500330073;S
20240528;101244;149.76;1340;10500330074;S
20240528;101244;149.74;60;10500330075;S
20240528;101244;149.74;610;10500330076;S
20240528;101244;149.72;60;10500330077;S
20240528;101244;149.72;9150;10500330078;S
20240528;101245;149.66;800;10500330100;S
20240528;101245;149.64;60;10500330101;S
20240528;101245;149.64;610;10500330102;S
20240528;101245;149.62;100;10500330103;S
20240528;101245;149.62;60;10500330104;S
20240528;101245;149.6;10;10500330113;S
20240528;101245;149.6;610;10500330114;S
20240528;101245;149.6;60;10500330115;S
20240528;101245;149.6;60;10500330116;B
20240528;101245;149.58;60;10500330120;B
20240528;101245;149.56;60;10500330123;S
20240528;101245;149.56;610;10500330124;S
20240528;101245;149.56;60;10500330125;S
20240528;101245;149.54;10;10500330126;S
20240528;101245;149.54;610;10500330127;S
20240528;101245;149.54;60;10500330128;S
20240528;101245;149.52;20;10500330129;S
20240528;101245;149.52;610;10500330143;S
20240528;101245;149.52;60;10500330148;S
20240528;101245;149.52;610;10500330149;S
20240528;101245;149.52;610;10500330152;S
20240528;101245;149.54;180;10500330177;S
20240528;101245;149.54;610;10500330178;S
20240528;101246;149.54;10;10500330374;B
20240528;101246;149.54;1340;10500330375;S
20240528;101246;149.54;610;10500330376;S
20240528;101248;149.56;10;10500330743;B
20240528;101250;149.58;10;10500331250;B
20240528;101255;149.56;40;10500332349;S
20240528;101255;149.56;100;10500332414;S
20240528;101256;149.6;110;10500332488;B
20240528;101256;149.62;2390;10500332489;B
20240528;101259;149.62;10;10500333351;S
20240528;101259;149.62;90;10500333352;S
20240528;101301;149.64;100;10500333710;S
20240528;101304;149.7;50;10500334397;B
20240528;101310;149.74;10;10500335360;B
20240528;101314;149.78;10;10500336246;B
20240528;101314;149.8;60;10500336247;B
20240528;101314;149.8;40;10500336248;B
20240528;101316;149.74;50;10500336449;S
20240528;101318;149.82;10;10500336787;B
20240528;101322;149.8;20;10500337749;S
20240528;101322;149.84;80;10500337799;B
20240528;101322;149.86;20;10500337800;B
20240528;101323;149.8;50;10500337927;S
20240528;101323;149.82;50;10500337964;B
20240528;101323;149.84;60;10500337965;B
20240528;101323;149.86;60;10500337966;B
20240528;101323;149.86;140;10500337967;B
20240528;101324;149.88;20;10500338043;B
20240528;101324;149.88;10;10500338070;B
20240528;101327;149.84;60;10500338680;S
20240528;101327;149.82;140;10500338681;S
20240528;101328;149.84;10;10500339046;B
20240528;101333;149.8;10;10500339995;S
20240528;101338;149.84;100;10500341194;B
20240528;101341;149.84;70;10500341760;B
20240528;101344;149.84;80;10500342232;B
20240528;101344;149.84;80;10500342256;B
20240528;101347;149.84;10;10500342851;B
20240528;101348;149.84;100;10500342972;B
20240528;101348;149.84;10;10500343035;B
20240528;101350;149.84;200;10500343557;B
20240528;101352;149.84;10;10500344025;B
20240528;101356;149.84;10;10500344849;B
20240528;101356;149.84;50;10500344992;B
20240528;101403;149.82;60;10500346523;S
20240528;101403;149.82;440;10500346524;S
20240528;101404;149.84;40;10500346941;B
20240528;101409;149.84;10;10500348301;B
20240528;101411;149.84;60;10500348715;B
20240528;101415;149.84;60;10500349659;B
20240528;101417;149.84;180;10500350046;B
20240528;101418;149.84;10;10500350223;B
20240528;101422;149.84;70;10500351105;B
20240528;101424;149.84;20;10500351715;B
20240528;101426;149.84;10;10500352152;B
20240528;101432;149.84;1000;10500353302;B
20240528;101438;149.84;300;10500354607;B
20240528;101438;149.82;100;10500354709;S
20240528;101445;149.84;120;10500356042;B
20240528;101445;149.82;3760;10500356122;S
20240528;101445;149.82;10;10500356123;S
20240528;101445;149.82;790;10500356124;S
20240528;101446;149.82;100;10500356267;S
20240528;101449;149.84;20;10500357142;B
20240528;101449;149.84;2370;10500357190;B
20240528;101449;149.84;1140;10500357191;B
20240528;101449;149.88;40;10500357228;B
20240528;101451;149.9;40;10500357553;B
20240528;101451;149.9;2500;10500357817;B
20240528;101453;149.88;100;10500358163;S
20240528;101453;149.9;850;10500358321;B
20240528;101456;149.9;470;10500358921;B
20240528;101456;149.92;1660;10500358922;B
20240528;101456;149.92;100;10500358923;B
20240528;101456;149.92;270;10500358924;B
20240528;101456;149.92;110;10500359040;B
20240528;101501;149.92;30;10500360266;B
20240528;101502;149.92;10;10500360692;B
20240528;101509;149.92;50;10500362614;B
20240528;101510;149.92;20;10500363089;B
20240528;101512;149.9;200;10500363619;S
20240528;101515;149.92;2400;10500364532;B
20240528;101515;149.94;280;10500364533;B
20240528;101515;149.96;100;10500364534;B
20240528;101515;149.96;60;10500364535;B
20240528;101515;149.98;10;10500364536;B
20240528;101515;149.98;5150;10500364537;B
20240528;101515;150;10;10500364570;B
20240528;101518;150;50;10500365582;B
20240528;101518;150;60;10500365583;B
20240528;101518;150;470;10500365696;B
20240528;101522;149.98;700;10500366837;S
20240528;101522;149.98;700;10500366864;S
20240528;101522;149.98;130;10500366903;S
20240528;101522;149.98;690;10500366939;S
20240528;101522;149.98;560;10500366946;S
20240528;101522;149.98;970;10500366982;S
20240528;101522;149.96;420;10500367002;B
20240528;101522;149.96;60;10500367003;B
20240528;101522;149.98;60;10500367004;B
20240528;101522;149.98;160;10500367005;B
20240528;101522;149.96;60;10500367014;S
20240528;101522;149.96;40;10500367023;S
20240528;101525;149.94;10;10500368542;B
20240528;101526;149.94;10;10500368928;B
20240528;101531;149.92;280;10500370563;S
20240528;101532;149.9;130;10500370564;S
20240528;101532;149.9;1210;10500370586;S
20240528;101533;149.9;120;10500370903;S
20240528;101534;149.92;10;10500371062;B
20240528;101534;149.9;1220;10500371147;S
20240528;101534;149.88;5000;10500371148;S
20240528;101534;149.88;120;10500371149;S
20240528;101534;149.88;450;10500371150;S
20240528;101534;149.86;280;10500371151;S
20240528;101536;149.84;10;10500371647;B
20240528;101538;149.84;30;10500372240;B
20240528;101539;149.84;10;10500372345;B
20240528;101540;149.84;10;10500372770;B
20240528;101542;149.84;20;10500373209;B
20240528;101544;149.82;10;10500373790;S
20240528;101545;149.84;30;10500373983;B
20240528;101548;149.82;100;10500374978;S
20240528;101549;149.84;10;10500376261;B
20240528;101549;149.84;30;10500376377;B
20240528;101550;149.84;10;10500376727;B
20240528;101551;149.84;10;10500376852;B
20240528;101551;149.84;20;10500376974;B
20240528;101552;149.84;10;10500377234;B
20240528;101553;149.84;10;10500377509;B
20240528;101557;149.84;30;10500378711;B
20240528;101558;149.84;60;10500378970;B
20240528;101601;149.84;10;10500379741;B
20240528;101601;149.84;500;10500379857;B
20240528;101602;149.84;30;10500380127;B
20240528;101603;149.84;10;10500380172;B
20240528;101603;149.82;10;10500380266;S
20240528;101604;149.84;340;10500380761;B
20240528;101606;149.84;310;10500381101;B
20240528;101606;149.88;280;10500381102;B
20240528;101606;149.9;120;10500381103;B
20240528;101606;149.9;100;10500381104;B
20240528;101606;149.92;1000;10500381105;B
20240528;101606;149.94;60;10500381106;B
20240528;101606;149.94;590;10500381107;B
20240528;101606;149.94;430;10500381108;B
20240528;101606;149.96;60;10500381109;B
20240528;101606;149.96;50;10500381110;B
20240528;101607;150;1000;10500381503;B
20240528;101608;150;110;10500381682;B
20240528;101609;150;70;10500382060;B
20240528;101612;150;20;10500382814;B
20240528;101617;150;270;10500384267;B
20240528;101617;150;900;10500384268;B
20240528;101619;150;10;10500384824;B
20240528;101620;149.98;50;10500385097;S
20240528;101621;150;100;10500385195;B
20240528;101621;149.98;250;10500385305;S
20240528;101622;150;500;10500385473;B
20240528;101626;150;50;10500386559;B
20240528;101628;150;440;10500387029;B
20240528;101628;150;120;10500387030;B
20240528;101628;150;940;10500387031;B
20240528;101634;150;100;10500388225;B
20240528;101634;150;20;10500388312;B
20240528;101635;150;40;10500388576;B
20240528;101637;150;900;10500389034;B
20240528;101637;150;2100;10500389035;B
20240528;101637;150;10;10500389036;B
20240528;101637;150;110;10500389037;B
20240528;101637;150;100;10500389038;B
20240528;101637;150.02;290;10500389039;B
20240528;101637;150.02;10;10500389040;B
20240528;101637;150.04;10;10500389041;B
20240528;101637;150.04;60;10500389042;B
20240528;101637;150.06;60;10500389043;B
20240528;101637;150.08;10;10500389044;B
20240528;101637;150.08;300;10500389045;B
20240528;101637;150.08;700;10500389046;B
20240528;101637;150.08;100;10500389047;B
20240528;101637;150.08;60;10500389048;B
20240528;101637;150.1;10;10500389049;B
20240528;101637;150.1;170;10500389050;B
20240528;101637;150.1;60;10500389056;B
20240528;101641;150.1;30;10500389863;B
20240528;101644;150.1;40;10500390900;B
20240528;101646;150.1;20;10500391364;B
20240528;101649;150.1;700;10500392046;B
20240528;101650;150.1;10;10500392352;B
20240528;101651;150.1;370;10500392595;B
20240528;101651;150.1;10;10500392596;B
20240528;101655;150.12;80;10500393871;B
20240528;101655;150.16;120;10500393872;B
20240528;101655;150.2;20;10500393874;B
20240528;101655;150.2;20;10500393875;B
20240528;101657;150.18;10;10500394558;S
20240528;101659;150.18;40;10500395044;S
20240528;101659;150.16;60;10500395045;S
20240528;101659;150.16;50;10500395046;S
20240528;101659;150.14;60;10500395047;S
20240528;101659;150.14;290;10500395048;S
20240528;101703;150.2;1100;10500396438;B
20240528;101703;150.2;60;10500396457;B
20240528;101703;150.2;1040;10500396458;B
20240528;101703;150.2;220;10500396639;B
20240528;101703;150.2;220;10500396648;B
20240528;101707;150.2;100;10500397659;B
20240528;101707;150.2;20;10500397683;B
20240528;101707;150.2;20;10500397782;B
20240528;101709;150.2;6380;10500398826;B
20240528;101709;150.2;3620;10500398827;B
20240528;101710;150.18;60;10500399424;S
20240528;101710;150.18;610;10500399425;S
20240528;101710;150.16;50;10500399426;S
20240528;101710;150.16;60;10500399427;S
20240528;101710;150.16;1340;10500399428;S
20240528;101710;150.14;60;10500399429;S
20240528;101710;150.14;20;10500399430;S
20240528;101710;150.2;730;10500399475;B
20240528;101710;150.2;650;10500399548;B
20240528;101710;150.2;80;10500399549;B
20240528;101711;150.2;10;10500399772;B
20240528;101711;150.26;220;10500399988;B
20240528;101712;150.26;360;10500400175;B
20240528;101712;150.28;70;10500400266;B
20240528;101712;150.34;50;10500400441;S
20240528;101712;150.36;60;10500400466;B
20240528;101712;150.36;340;10500400467;B
20240528;101713;150.32;50;10500400798;S
20240528;101714;150.36;20;10500400971;B
20240528;101714;150.36;990;10500401336;B
20240528;101714;150.38;250;10500401374;B
20240528;101714;150.38;60;10500401375;B
20240528;101714;150.4;350;10500401376;B
20240528;101714;150.38;60;10500401483;B
20240528;101714;150.4;600;10500401484;B
20240528;101716;150.4;400;10500402225;B
20240528;101716;150.4;8650;10500402331;B
20240528;101716;150.4;60;10500402332;B
20240528;101719;150.4;40;10500403302;B
20240528;101720;150.4;60;10500403544;B
20240528;101720;150.42;50;10500403545;B
20240528;101720;150.42;60;10500403546;B
20240528;101720;150.44;30;10500403547;B
20240528;101721;150.42;60;10500403715;B
20240528;101721;150.44;110;10500403716;B
20240528;101721;150.42;60;10500403727;B
20240528;101727;150.42;60;10500405563;B
20240528;101727;150.44;360;10500405564;B
20240528;101727;150.44;60;10500405565;B
20240528;101727;150.44;40;10500405566;B
20240528;101728;150.46;10;10500405739;B
20240528;101728;150.46;60;10500405740;B
20240528;101728;150.46;30;10500405741;B
20240528;101728;150.46;10;10500405759;B
20240528;101728;150.46;20;10500405760;B
20240528;101728;150.46;10;10500405761;B
20240528;101728;150.46;30;10500405762;B
20240528;101728;150.44;40;10500405779;S
20240528;101728;150.46;20;10500405880;B
20240528;101728;150.46;20;10500405881;B
20240528;101729;150.46;40;10500406139;B
20240528;101729;150.46;50;10500406140;B
20240528;101729;150.48;10;10500406141;B
20240528;101729;150.48;200;10500406142;B
20240528;101729;150.48;100;10500406143;B
20240528;101729;150.48;600;10500406144;B
20240528;101731;150.46;60;10500406872;B
20240528;101731;150.48;40;10500406873;B
20240528;101731;150.46;50;10500407084;B
20240528;101744;150.46;10;10500410835;B
20240528;101744;150.48;30;10500410836;B
20240528;101744;150.44;20;10500411030;S
20240528;101746;150.46;10;10500411577;B
20240528;101749;150.46;10;10500412453;B
20240528;101752;150.48;930;10500412986;B
20240528;101752;150.48;820;10500412987;B
20240528;101754;150.46;50;10500413424;S
20240528;101755;150.48;100;10500413572;B
20240528;101755;150.48;650;10500413754;B
20240528;101756;150.48;10;10500413970;B
20240528;101758;150.48;10;10500414356;B
20240528;101759;150.48;10;10500414587;B
20240528;101801;150.48;100;10500415033;B
20240528;101801;150.48;100;10500415135;B
20240528;101802;150.48;40;10500415475;B
20240528;101803;150.48;40;10500415632;B
20240528;101806;150.48;570;10500416454;B
20240528;101806;150.48;570;10500416474;B
20240528;101806;150.48;50;10500416512;B
20240528;101807;150.48;160;10500416575;B
20240528;101807;150.48;160;10500416607;B
20240528;101809;150.48;200;10500417191;B
20240528;101811;150.48;4810;10500417751;B
20240528;101811;150.48;190;10500417752;B
20240528;101813;150.46;10;10500418642;S
20240528;101813;150.46;10;10500418678;S
20240528;101813;150.46;20;10500418679;S
20240528;101813;150.44;70;10500418680;S
20240528;101815;150.46;10;10500419191;B
20240528;101817;150.44;350;10500419701;S
20240528;101817;150.44;30;10500419702;S
20240528;101817;150.4;120;10500419703;S
20240528;101817;150.4;20;10500419704;S
20240528;101817;150.4;150;10500419705;S
20240528;101817;150.36;720;10500419794;S
20240528;101817;150.38;10;10500419886;B
20240528;101817;150.32;300;10500419908;S
20240528;101817;150.32;670;10500419909;S
20240528;101817;150.3;1400;10500419910;S
20240528;101817;150.3;2400;10500419911;S
20240528;101817;150.3;180;10500419912;S
20240528;101817;150.28;50;10500419913;S
20240528;101817;150.28;100;10500419914;S
20240528;101817;150.28;120;10500419915;S
20240528;101817;150.24;1000;10500419916;S
20240528;101817;150.24;390;10500419917;S
20240528;101817;150.24;210;10500419919;S
20240528;101817;150.24;1340;10500419920;S
20240528;101817;150.24;60;10500419921;S
20240528;101817;150.22;700;10500419922;S
20240528;101817;150.22;240;10500419923;S
20240528;101817;150.22;60;10500419924;S
20240528;101817;150.22;250;10500419925;S
20240528;101817;150.2;50;10500419926;S
20240528;101817;150.2;20;10500419927;S
20240528;101817;150.2;1000;10500419928;S
20240528;101817;150.2;20;10500419929;S
20240528;101817;150.2;1200;10500419930;S
20240528;101817;150.2;60;10500419931;S
20240528;101817;150.2;120;10500419932;S
20240528;101817;150.18;590;10500419933;S
20240528;101817;150.18;60;10500419934;S
20240528;101817;150.16;60;10500419935;S
20240528;101817;150.14;60;10500419936;S
20240528;101817;150.12;60;10500419938;S
20240528;101817;150.12;500;10500419939;S
20240528;101817;150.12;1340;10500419940;S
20240528;101817;150.1;250;10500419941;S
20240528;101817;150.1;300;10500419942;S
20240528;101817;150.1;1000;10500419943;S
20240528;101817;150.1;60;10500419944;S
20240528;101817;150.1;610;10500419945;S
20240528;101817;150.06;50;10500419978;S
20240528;101817;150.06;560;10500420001;S
20240528;101817;150.06;610;10500420002;S
20240528;101817;150.06;60;10500420005;B
20240528;101817;150.06;610;10500420007;S
20240528;101817;150.06;60;10500420008;S
20240528;101817;150.06;610;10500420009;S
20240528;101817;150.06;60;10500420011;S
20240528;101817;150.06;610;10500420012;S
20240528;101818;150.04;500;10500420062;S
20240528;101818;150.04;610;10500420063;S
20240528;101818;150.02;1340;10500420064;S
20240528;101818;150.02;60;10500420065;S
20240528;101818;150.02;490;10500420066;S
20240528;101818;150.06;20;10500420085;B
20240528;101818;150.06;30;10500420184;B
20240528;101819;150.06;200;10500420368;B
20240528;101822;150.06;20;10500421201;B
20240528;101824;150.06;10;10500421597;B
20240528;101824;150.06;50;10500421842;B
20240528;101825;150.06;20;10500422201;B
20240528;101826;150.06;1550;10500422387;B
20240528;101826;150.06;60;10500422388;B
20240528;101826;150.06;950;10500422389;B
20240528;101826;150.08;60;10500422390;B
20240528;101826;150.08;310;10500422391;B
20240528;101826;150.1;120;10500422392;B
20240528;101826;150.1;10000;10500422393;B
20240528;101826;150.1;60;10500422394;B
20240528;101826;150.1;610;10500422395;B
20240528;101826;150.12;60;10500422396;B
20240528;101826;150.14;60;10500422397;B
20240528;101826;150.16;60;10500422398;B
20240528;101826;150.16;680;10500422399;B
20240528;101826;150.18;60;10500422400;B
20240528;101826;150.18;800;10500422401;B
20240528;101826;150.2;60;10500422402;B
20240528;101826;150.2;10000;10500422403;B
20240528;101826;150.2;8480;10500422404;B
20240528;101829;150.24;120;10500423122;B
20240528;101829;150.26;60;10500423123;B
20240528;101829;150.28;60;10500423124;B
20240528;101829;150.28;260;10500423125;B
20240528;101829;150.28;20;10500423136;B
20240528;101832;150.34;20;10500424074;B
20240528;101832;150.34;80;10500424107;B
20240528;101834;150.4;150;10500424827;B
20240528;101836;150.38;200;10500425183;S
20240528;101838;150.4;40;10500425933;B
20240528;101838;150.4;40;10500425954;B
20240528;101839;150.4;10;10500426237;B
20240528;101839;150.4;10;10500426247;B
20240528;101842;150.4;30;10500426938;B
20240528;101842;150.4;20;10500426978;B
20240528;101843;150.4;100;10500427309;B
20240528;101846;150.4;10;10500428054;B
20240528;101848;150.4;200;10500428453;B
20240528;101848;150.4;1140;10500428454;B
20240528;101848;150.4;10;10500428455;B
20240528;101848;150.42;200;10500428456;B
20240528;101848;150.42;60;10500428474;S
20240528;101848;150.42;60;10500428476;B
20240528;101848;150.42;610;10500428477;B
20240528;101849;150.44;70;10500428803;B
20240528;101849;150.44;70;10500428832;B
20240528;101849;150.44;150;10500428844;B
20240528;101849;150.44;150;10500428873;B
20240528;101854;150.44;1100;10500430264;B
20240528;101854;150.44;1100;10500430275;B
20240528;101854;150.44;1410;10500430366;B
20240528;101854;150.44;610;10500430367;B
20240528;101855;150.48;370;10500430839;B
20240528;101855;150.48;370;10500430840;B
20240528;101855;150.48;290;10500430893;B
20240528;101855;150.48;290;10500430894;B
20240528;101856;150.48;1000;10500431082;B
20240528;101856;150.48;3610;10500431236;B
20240528;101859;150.48;4070;10500431835;B
20240528;101859;150.48;610;10500431836;B
20240528;101859;150.5;200;10500431837;B
20240528;101859;150.5;500;10500431838;B
20240528;101859;150.5;120;10500431839;B
20240528;101859;150.5;40;10500431840;B
20240528;101859;150.5;4460;10500431841;B
20240528;101859;150.46;90;10500431925;S
20240528;101859;150.46;140;10500431934;S
20240528;101902;150.5;220;10500432504;B
20240528;101902;150.5;220;10500432585;B
20240528;101902;150.5;10;10500432753;B
20240528;101903;150.5;100;10500432952;B
20240528;101904;150.5;300;10500433118;B
20240528;101904;150.5;360;10500433192;B
20240528;101905;150.5;10;10500433215;B
20240528;101905;150.5;1200;10500433221;B
20240528;101905;150.5;400;10500433225;B
20240528;101905;150.5;1100;10500433251;B
20240528;101905;150.5;10;10500433261;B
20240528;101905;150.5;1100;10500433278;B
20240528;101905;150.5;10;10500433321;B
20240528;101905;150.5;100;10500433426;B
20240528;101905;150.5;2500;10500433468;B
20240528;101905;150.5;1250;10500433473;B
20240528;101905;150.5;10;10500433474;B
20240528;101905;150.5;10;10500433488;B
20240528;101905;150.5;1300;10500433503;B
20240528;101906;150.5;20;10500433525;B
20240528;101906;150.5;4010;10500433543;B
20240528;101906;150.5;1300;10500433617;B
20240528;101906;150.5;200;10500433671;B
20240528;101906;150.5;1000;10500433677;B
20240528;101906;150.5;10;10500433678;B
20240528;101906;150.5;2200;10500433757;B
20240528;101906;150.5;10;10500433790;B
20240528;101906;150.5;10;10500433791;B
20240528;101907;150.5;500;10500433837;B
20240528;101907;150.5;50;10500433870;B
20240528;101907;150.5;18400;10500433879;B
20240528;101907;150.5;120;10500433880;B
20240528;101907;150.5;70;10500434011;B
20240528;101907;150.5;200;10500434114;B
20240528;101907;150.48;20;10500434119;S
20240528;101907;150.5;300;10500434139;B
20240528;101907;150.5;20;10500434145;B
20240528;101908;150.5;1000;10500434167;B
20240528;101908;150.5;200;10500434173;B
20240528;101908;150.5;600;10500434184;B
20240528;101908;150.5;10;10500434185;B
20240528;101908;150.5;1000;10500434190;B
20240528;101908;150.5;30;10500434325;B
20240528;101908;150.5;2500;10500434353;B
20240528;101909;150.5;20;10500434625;B
20240528;101909;150.5;20;10500434649;B
20240528;101910;150.48;30;10500434812;S
20240528;101910;150.48;2470;10500434813;S
20240528;101910;150.48;600;10500435003;S
20240528;101910;150.48;200;10500435045;S
20240528;101910;150.48;1000;10500435059;S
20240528;101910;150.48;280;10500435117;S
20240528;101910;150.48;20;10500435118;S
20240528;101911;150.48;20;10500435336;S
20240528;101911;150.48;1230;10500435337;S
20240528;101912;150.48;2500;10500435552;S
20240528;101913;150.48;470;10500435778;S
20240528;101914;150.48;130;10500436180;S
20240528;101915;150.5;10;10500436380;B
20240528;101915;150.5;10;10500436532;B
20240528;101917;150.5;20;10500437088;B
20240528;101917;150.5;10;10500437090;B
20240528;101919;150.5;10;10500437699;B
20240528;101919;150.5;50;10500437745;B
20240528;101921;150.5;110;10500438137;B
20240528;101921;150.48;2500;10500438176;S
20240528;101921;150.48;100;10500438177;S
20240528;101922;150.48;60;10500438534;B
20240528;101922;150.48;240;10500438535;B
20240528;101923;150.46;40;10500438972;B
20240528;101925;150.42;20;10500439765;S
20240528;101925;150.42;40;10500439766;S
20240528;101925;150.42;220;10500439767;S
20240528;101926;150.38;10;10500440050;S
20240528;101926;150.38;100;10500440051;S
20240528;101926;150.38;120;10500440052;S
20240528;101926;150.38;650;10500440053;S
20240528;101926;150.38;520;10500440054;S
20240528;101926;150.36;60;10500440055;S
20240528;101926;150.34;60;10500440056;S
20240528;101926;150.32;60;10500440057;S
20240528;101926;150.32;920;10500440058;S
20240528;101926;150.42;60;10500440149;B
20240528;101926;150.42;120;10500440150;B
20240528;101926;150.42;610;10500440151;B
20240528;101926;150.44;100;10500440152;B
20240528;101926;150.44;20;10500440153;B
20240528;101926;150.44;50;10500440154;B
20240528;101926;150.44;90;10500440155;B
20240528;101926;150.44;130;10500440156;B
20240528;101926;150.44;40;10500440157;B
20240528;101926;150.44;60;10500440158;B
20240528;101926;150.44;520;10500440159;B
20240528;101926;150.44;4020;10500440160;B
20240528;101926;150.46;50;10500440161;B
20240528;101926;150.46;5130;10500440162;B
20240528;101927;150.36;60;10500440541;S
20240528;101927;150.36;40;10500440542;S
20240528;101927;150.36;370;10500440553;S
20240528;101927;150.36;410;10500440555;S
20240528;101927;150.36;230;10500440628;S
20240528;101927;150.36;100;10500440655;S
20240528;101927;150.36;100;10500440743;S
20240528;101928;150.36;1000;10500441049;S
20240528;101928;150.34;100;10500441050;S
20240528;101930;150.34;40;10500441703;S
20240528;101930;150.32;700;10500441780;S
20240528;101931;150.32;40;10500442204;S
20240528;101931;150.3;5000;10500442205;S
20240528;101931;150.28;60;10500442206;S
20240528;101931;150.28;20;10500442207;S
20240528;101931;150.28;120;10500442208;S
20240528;101931;150.28;150;10500442209;S
20240528;101931;150.26;60;10500442210;S
20240528;101931;150.26;610;10500442211;S
20240528;101931;150.26;1390;10500442212;S
20240528;101931;150.24;60;10500442213;S
20240528;101931;150.24;1340;10500442214;S
20240528;101931;150.22;60;10500442215;S
20240528;101931;150.22;2500;10500442216;S
20240528;101931;150.2;60;10500442217;S
20240528;101931;150.2;4000;10500442218;S
20240528;101931;150.2;800;10500442219;S
20240528;101931;150.18;60;10500442220;S
20240528;101931;150.18;10000;10500442221;S
20240528;101931;150.18;10000;10500442222;S
20240528;101931;150.18;2000;10500442223;S
20240528;101931;150.16;20;10500442224;S
20240528;101931;150.16;60;10500442225;S
20240528;101931;150.16;480;10500442226;S
20240528;101931;150.14;60;10500442227;S
20240528;101931;150.14;1670;10500442228;S
20240528;101931;150.12;19880;10500442229;S
20240528;101931;150.24;1340;10500442236;S
20240528;101931;150.14;890;10500442245;S
20240528;101931;150.14;780;10500442247;S
20240528;101931;150.14;60;10500442248;S
20240528;101931;150.14;1340;10500442249;S
20240528;101931;150.12;7820;10500442250;S
20240528;101931;150.14;70;10500442251;S
20240528;101931;150.14;1270;10500442254;S
20240528;101931;150.12;1730;10500442255;S
20240528;101932;150.14;1000;10500442836;S
20240528;101934;150.16;40;10500443306;B
20240528;101934;150.16;40;10500443317;B
20240528;101934;150.16;2300;10500443461;B
20240528;101934;150.16;10;10500443529;B
20240528;101935;150.16;20;10500443824;B
20240528;101935;150.22;10;10500443843;B
20240528;101935;150.22;30;10500443844;B
20240528;101936;150.22;80;10500443983;B
20240528;101936;150.24;20;10500443984;B
20240528;101936;150.24;10;10500444039;B
20240528;101936;150.24;10;10500444053;B
20240528;101941;150.24;500;10500446379;B
20240528;101949;150.34;40;10500448677;B
20240528;101957;150.4;10;10500451063;B
20240528;101958;150.38;100;10500451117;S
20240528;101958;150.4;50;10500451189;B
20240528;101958;150.42;610;10500451190;B
20240528;101958;150.44;2500;10500451191;B
20240528;101958;150.44;10;10500451192;B
20240528;101958;150.46;60;10500451193;B
20240528;101958;150.46;5000;10500451194;B
20240528;101958;150.48;10;10500451195;B
20240528;101958;150.48;60;10500451196;B
20240528;101958;150.48;1700;10500451197;B
20240528;101959;150.44;270;10500451377;B
20240528;101959;150.46;480;10500451378;B
20240528;101959;150.48;1110;10500451399;B
20240528;101959;150.48;360;10500451509;B
20240528;102000;150.48;4830;10500451855;B
20240528;102000;150.5;50;10500451939;B
20240528;102000;150.5;50;10500451966;B
20240528;102001;150.5;3000;10500452233;B
20240528;102004;150.5;10;10500452888;B
20240528;102004;150.5;30;10500453074;B
20240528;102005;150.5;30;10500453186;B
20240528;102006;150.5;10;10500453413;B
20240528;102006;150.5;10;10500453418;B
20240528;102006;150.5;10;10500453427;B
20240528;102008;150.5;10;10500453753;B
20240528;102008;150.5;13100;10500453762;B
20240528;102008;150.5;50;10500453763;B
20240528;102008;150.5;60;10500453764;B
20240528;102008;150.5;20;10500453765;B
20240528;102008;150.5;100;10500453766;B
20240528;102008;150.5;1670;10500453767;B
20240528;102008;150.5;5000;10500453785;B
20240528;102008;150.5;6000;10500453911;B
20240528;102008;150.5;50;10500453912;B
20240528;102009;150.5;20000;10500453978;B
20240528;102009;150.5;1000;10500454026;B
20240528;102009;150.5;10;10500454046;B
20240528;102009;150.5;10;10500454059;B
20240528;102009;150.5;240;10500454107;B
20240528;102009;150.5;50;10500454166;B
20240528;102009;150.5;2090;10500454172;B
20240528;102009;150.5;500;10500454184;B
20240528;102009;150.5;100;10500454190;B
20240528;102009;150.5;50;10500454255;B
20240528;102009;150.48;630;10500454268;S
20240528;102009;150.5;100;10500454269;B
20240528;102010;150.5;10000;10500454288;B
20240528;102010;150.5;10;10500454289;B
20240528;102010;150.5;18120;10500454331;B
20240528;102010;150.5;40;10500454332;B
20240528;102010;150.54;10;10500454335;B
20240528;102010;150.6;10;10500454336;B
20240528;102010;150.64;200;10500454337;B
20240528;102010;150.64;20;10500454338;B
20240528;102010;150.64;500;10500454339;B
20240528;102010;150.66;260;10500454340;B
20240528;102010;150.68;10;10500454342;B
20240528;102010;150.68;800;10500454343;B
20240528;102010;150.7;210;10500454344;B
20240528;102010;150.68;40;10500454347;S
20240528;102010;150.7;290;10500454352;B
20240528;102010;150.7;10;10500454353;B
20240528;102010;150.7;10;10500454354;B
20240528;102010;150.7;40;10500454357;S
20240528;102010;150.78;50;10500454375;B
20240528;102010;150.78;10;10500454376;B
20240528;102010;150.78;10;10500454378;B
20240528;102010;150.78;10;10500454409;B
20240528;102010;150.76;40;10500454410;S
20240528;102010;150.76;40;10500454418;S
20240528;102010;150.76;40;10500454432;S
20240528;102010;150.78;20;10500454434;B
20240528;102010;150.8;280;10500454435;B
20240528;102010;150.78;60;10500454436;S
20240528;102010;150.76;530;10500454437;S
20240528;102010;150.76;60;10500454438;S
20240528;102010;150.76;3260;10500454439;S
20240528;102010;150.78;40;10500454443;S
20240528;102010;150.78;40;10500454446;S
20240528;102010;150.78;40;10500454472;S
20240528;102010;150.8;100;10500454473;B
20240528;102010;150.8;3860;10500454474;B
20240528;102010;150.78;30;10500454487;S
20240528;102010;150.78;460;10500454488;S
20240528;102010;150.78;22510;10500454489;S
20240528;102010;150.78;60;10500454490;S
20240528;102010;150.76;60;10500454491;S
20240528;102010;150.74;60;10500454492;S
20240528;102010;150.72;60;10500454493;S
20240528;102010;150.72;2500;10500454494;S
20240528;102010;150.7;20;10500454495;S
20240528;102010;150.7;120;10500454496;S
20240528;102010;150.68;60;10500454497;S
20240528;102010;150.68;10000;10500454498;S
20240528;102010;150.66;60;10500454499;S
20240528;102010;150.66;2000;10500454500;S
20240528;102010;150.64;60;10500454501;S
20240528;102010;150.64;10000;10500454502;S
20240528;102010;150.64;1970;10500454503;S
20240528;102012;150.66;30;10500454896;B
20240528;102012;150.66;30;10500454897;B
20240528;102012;150.7;60;10500454898;B
20240528;102012;150.72;30;10500454899;B
20240528;102016;150.66;10;10500455864;B
20240528;102016;150.68;30;10500455865;B
20240528;102016;150.68;30;10500455866;B
20240528;102016;150.7;30;10500455867;B
20240528;102016;150.72;30;10500455868;B
20240528;102016;150.72;120;10500455869;B
20240528;102016;150.72;300;10500455870;B
20240528;102016;150.72;20;10500455871;B
20240528;102016;150.74;50;10500455872;B
20240528;102016;150.74;60;10500455873;B
20240528;102016;150.74;600;10500455874;B
20240528;102016;150.74;30;10500455875;B
20240528;102016;150.74;100;10500455876;B
20240528;102016;150.74;1590;10500455877;B
20240528;102016;150.74;10;10500456022;B
20240528;102016;150.66;30;10500456167;S
20240528;102019;150.72;10;10500458545;S
20240528;102019;150.68;1000;10500458546;S
20240528;102019;150.68;90;10500458621;S
20240528;102019;150.64;150;10500458622;S
20240528;102019;150.64;610;10500458623;S
20240528;102019;150.62;60;10500458624;S
20240528;102019;150.62;100;10500458625;S
20240528;102019;150.68;60;10500458711;B
20240528;102019;150.7;40;10500458712;B
20240528;102019;150.6;1010;10500458731;S
20240528;102019;150.56;70;10500458750;S
20240528;102019;150.56;540;10500458761;S
20240528;102019;150.54;470;10500458762;S
20240528;102019;150.54;10;10500458783;S
20240528;102019;150.54;320;10500458799;S
20240528;102019;150.52;50;10500458800;S
20240528;102019;150.52;610;10500458801;S
20240528;102020;150.44;10;10500460446;S
20240528;102021;150.48;60;10500461412;B
20240528;102021;150.5;30;10500461413;B
20240528;102021;150.5;60;10500461414;B
20240528;102021;150.5;130;10500461415;B
20240528;102021;150.52;60;10500461416;B
20240528;102021;150.52;100;10500461417;B
20240528;102021;150.52;5650;10500461418;B
20240528;102021;150.5;610;10500461517;S
20240528;102022;150.48;60;10500462499;B
20240528;102022;150.48;1340;10500462500;B
20240528;102022;150.5;400;10500462501;B
20240528;102022;150.5;60;10500462502;B
20240528;102022;150.5;130;10500462503;B
20240528;102022;150.5;70;10500462504;B
20240528;102022;150.5;40000;10500462505;B
20240528;102022;150.5;100;10500462506;B
20240528;102023;150.5;1010;10500462566;S
20240528;102023;150.5;130;10500462579;S
20240528;102023;150.5;70;10500462580;S
20240528;102023;150.5;1010;10500462637;S
20240528;102023;150.5;130;10500462648;S
20240528;102023;150.5;70;10500462650;S
20240528;102023;150.5;1010;10500462727;S
20240528;102023;150.5;130;10500462729;S
20240528;102023;150.5;70;10500462732;S
20240528;102023;150.5;1010;10500462811;S
20240528;102023;150.5;130;10500462817;S
20240528;102023;150.5;70;10500462818;S
20240528;102023;150.5;30;10500462873;S
20240528;102023;150.5;130;10500462888;S
20240528;102023;150.5;70;10500462889;S
20240528;102023;150.5;130;10500462936;S
20240528;102023;150.5;70;10500462940;S
20240528;102023;150.5;130;10500462992;S
20240528;102023;150.5;70;10500463000;S
20240528;102023;150.5;70;10500463049;S
20240528;102023;150.5;100;10500463050;S
20240528;102023;150.5;50;10500463135;S
20240528;102024;150.5;30;10500463774;S
20240528;102024;150.52;100;10500463806;B
20240528;102024;150.52;60;10500463807;B
20240528;102024;150.54;60;10500463808;B
20240528;102024;150.54;170;10500463809;B
20240528;102024;150.56;60;10500463810;B
20240528;102024;150.56;550;10500463811;B
20240528;102024;150.5;30;10500463865;S
20240528;102024;150.5;30;10500463943;S
20240528;102024;150.5;30;10500464016;S
20240528;102024;150.5;30;10500464058;S
20240528;102024;150.5;30;10500464154;S
20240528;102024;150.5;30;10500464207;S
20240528;102024;150.5;30;10500464250;S
20240528;102024;150.5;30;10500464283;S
20240528;102024;150.5;30;10500464332;S
20240528;102025;150.5;10;10500464388;S
20240528;102025;150.52;50;10500464921;B
20240528;102025;150.54;100;10500464922;B
20240528;102025;150.58;100;10500464923;B
20240528;102025;150.58;60;10500464924;B
20240528;102025;150.6;800;10500465009;B
20240528;102025;150.62;120;10500465010;B
20240528;102025;150.64;60;10500465011;B
20240528;102025;150.64;100;10500465012;B
20240528;102025;150.66;60;10500465013;B
20240528;102025;150.66;1260;10500465014;B
20240528;102025;150.6;60;10500465141;S
20240528;102025;150.6;10;10500465142;S
20240528;102025;150.64;60;10500465198;S
20240528;102025;150.62;10;10500465199;S
20240528;102025;150.62;50;10500465246;S
20240528;102025;150.6;20;10500465247;S
20240528;102025;150.62;60;10500465285;S
20240528;102025;150.6;10;10500465286;S
20240528;102026;150.58;70;10500465332;S
20240528;102026;150.58;70;10500465397;S
20240528;102026;150.58;70;10500465532;S
20240528;102026;150.58;70;10500465621;S
20240528;102026;150.58;70;10500465683;S
20240528;102026;150.58;70;10500465753;S
20240528;102026;150.66;60;10500466240;B
20240528;102026;150.66;600;10500466241;B
20240528;102027;150.64;10;10500467298;B
20240528;102028;150.62;10;10500468207;S
20240528;102029;150.64;500;10500468869;B
20240528;102029;150.66;520;10500468870;B
20240528;102029;150.68;60;10500468871;B
20240528;102029;150.68;180;10500468872;B
20240528;102029;150.7;60;10500468873;B
20240528;102029;150.7;100;10500468874;B
20240528;102029;150.7;1120;10500468875;B
20240528;102030;150.66;30;10500470524;S
20240528;102030;150.66;30;10500470620;S
20240528;102030;150.66;100;10500470650;S
20240528;102030;150.66;30;10500470738;S
20240528;102030;150.66;100;10500470769;S
20240528;102030;150.66;30;10500470845;S
20240528;102030;150.64;100;10500470850;S
20240528;102030;150.64;30;10500470928;S
20240528;102030;150.64;100;10500470955;S
20240528;102030;150.64;30;10500470992;S
20240528;102030;150.64;100;10500471029;S
20240528;102030;150.64;30;10500471110;S
20240528;102030;150.64;100;10500471136;S
20240528;102030;150.64;30;10500471213;S
20240528;102030;150.64;30;10500471214;S
20240528;102030;150.62;70;10500471215;S
20240528;102031;150.62;30;10500471329;S
20240528;102031;150.62;40;10500471334;S
20240528;102031;150.62;60;10500471335;S
20240528;102031;150.62;30;10500471631;S
20240528;102031;150.62;100;10500471642;S
20240528;102031;150.62;60;10500471653;S
20240528;102031;150.62;20;10500471680;S
20240528;102031;150.62;80;10500471698;S
20240528;102031;150.62;60;10500471713;S
20240528;102031;150.62;60;10500471765;S
20240528;102031;150.62;60;10500471815;S
20240528;102031;150.62;60;10500472105;S
20240528;102031;150.62;60;10500472170;S
20240528;102031;150.62;10;10500472277;S
20240528;102031;150.6;50;10500472278;S
20240528;102032;150.58;60;10500472376;S
20240528;102032;150.58;60;10500472432;S
20240528;102032;150.58;10;10500472437;S
20240528;102032;150.58;60;10500472500;S
20240528;102032;150.58;30;10500472562;S
20240528;102032;150.58;100;10500473154;S
20240528;102034;150.58;40;10500474742;S
20240528;102034;150.58;40;10500474804;S
20240528;102034;150.58;40;10500474836;S
20240528;102034;150.58;40;10500474876;S
20240528;102034;150.58;40;10500474935;S
20240528;102034;150.58;40;10500475013;S
20240528;102034;150.58;40;10500475065;S
20240528;102034;150.58;40;10500475122;S
20240528;102034;150.58;40;10500475188;S
20240528;102034;150.58;10;10500475250;S
20240528;102034;150.62;60;10500475344;B
20240528;102034;150.62;1340;10500475345;B
20240528;102034;150.62;100;10500475346;B
20240528;102034;150.62;1670;10500475347;B
20240528;102034;150.64;60;10500475348;B
20240528;102034;150.64;1670;10500475349;B
20240528;102035;150.6;30;10500476130;S
20240528;102035;150.64;10;10500476168;B
20240528;102035;150.6;30;10500476190;S
20240528;102035;150.6;30;10500476239;S
20240528;102035;150.6;30;10500476284;S
20240528;102036;150.6;30;10500476334;S
20240528;102036;150.6;30;10500476380;S
20240528;102036;150.6;30;10500476442;S
20240528;102036;150.6;30;10500476503;S
20240528;102036;150.6;30;10500476551;S
20240528;102036;150.6;30;10500476588;S
20240528;102036;150.6;10;10500476645;S
20240528;102038;150.6;60;10500478075;S
20240528;102038;150.6;70;10500478084;S
20240528;102038;150.6;60;10500478161;S
20240528;102038;150.6;70;10500478166;S
20240528;102038;150.6;40;10500478222;S
20240528;102038;150.58;20;10500478223;S
20240528;102038;150.58;70;10500478232;S
20240528;102038;150.58;60;10500478306;S
20240528;102038;150.58;70;10500478324;S
20240528;102038;150.58;60;10500478357;S
20240528;102038;150.58;70;10500478366;S
20240528;102038;150.58;60;10500478421;S
20240528;102038;150.58;70;10500478426;S
20240528;102038;150.58;60;10500478477;S
20240528;102038;150.58;40;10500478482;S
20240528;102038;150.58;30;10500478483;S
20240528;102038;150.58;60;10500478528;S
20240528;102038;150.58;70;10500478533;S
20240528;102038;150.58;60;10500478591;S
20240528;102038;150.58;70;10500478595;S
20240528;102038;150.58;60;10500478639;S
20240528;102038;150.58;50;10500478648;S
20240528;102038;150.58;30;10500478689;S
20240528;102039;150.56;30;10500479566;S
20240528;102039;150.56;30;10500479648;S
20240528;102039;150.56;30;10500479744;S
20240528;102039;150.56;30;10500479850;S
20240528;102039;150.56;30;10500479965;S
20240528;102039;150.56;30;10500480011;S
20240528;102040;150.56;30;10500480116;S
20240528;102040;150.56;30;10500480164;S
20240528;102040;150.56;30;10500480200;S
20240528;102040;150.56;30;10500480239;S
20240528;102040;150.56;20;10500480294;S
20240528;102042;150.56;90;10500482849;S
20240528;102042;150.56;90;10500482911;S
20240528;102043;150.56;90;10500482929;S
20240528;102043;150.56;90;10500483007;S
20240528;102043;150.56;20;10500483067;S
20240528;102043;150.54;70;10500483068;S
20240528;102043;150.56;90;10500483135;S
20240528;102043;150.56;90;10500483213;S
20240528;102043;150.56;90;10500483272;S
20240528;102043;150.56;90;10500483356;S
20240528;102043;150.56;90;10500483414;S
20240528;102043;150.56;40;10500483492;S
20240528;102046;150.6;30;10500486025;S
20240528;102046;150.6;30;10500486110;S
20240528;102046;150.6;30;10500486154;S
20240528;102046;150.6;30;10500486194;S
20240528;102046;150.6;30;10500486296;S
20240528;102046;150.6;30;10500486349;S
20240528;102046;150.6;20;10500486386;S
20240528;102046;150.58;10;10500486387;S
20240528;102046;150.6;50;10500486435;B
20240528;102046;150.58;30;10500486463;S
20240528;102046;150.58;30;10500486516;S
20240528;102046;150.58;30;10500486611;S
20240528;102046;150.58;20;10500486677;S
20240528;102049;150.58;240;10500489537;S
20240528;102049;150.6;10;10500490066;B
20240528;102049;150.6;340;10500490067;B
20240528;102050;150.6;20;10500490344;B
20240528;102050;150.6;300;10500490641;B
20240528;102050;150.6;10;10500490908;B
20240528;102051;150.58;60;10500491203;S
20240528;102051;150.58;60;10500491210;S
20240528;102051;150.58;60;10500491274;S
20240528;102051;150.58;60;10500491293;S
20240528;102051;150.58;10;10500491319;S
20240528;102051;150.56;50;10500491320;S
20240528;102051;150.56;60;10500491355;S
20240528;102051;150.56;60;10500491356;S
20240528;102051;150.56;60;10500491392;S
20240528;102051;150.56;60;10500491401;S
20240528;102051;150.56;10;10500491446;S
20240528;102051;150.56;50;10500491447;S
20240528;102051;150.56;60;10500491451;S
20240528;102051;150.56;60;10500491492;S
20240528;102051;150.56;60;10500491541;S
20240528;102051;150.56;60;10500491578;S
20240528;102051;150.56;60;10500491598;S
20240528;102051;150.56;60;10500491680;S
20240528;102051;150.56;60;10500491684;S
20240528;102051;150.56;60;10500491750;S
20240528;102051;150.56;60;10500491753;S
20240528;102051;150.56;20;10500491847;S
20240528;102051;150.54;40;10500491848;S
20240528;102051;150.54;10;10500491947;S
20240528;102053;150.54;610;10500494027;S
20240528;102053;150.52;270;10500494028;S
20240528;102053;150.5;1280;10500494029;S
20240528;102058;150.56;60;10500498603;B
20240528;102058;150.56;270;10500498604;B
20240528;102100;150.56;1070;10500500923;B
20240528;102100;150.56;60;10500500924;B
20240528;102100;150.56;480;10500500925;B
20240528;102100;150.58;60;10500500926;B
20240528;102100;150.58;330;10500500927;B
20240528;102100;150.52;30;10500501229;S
20240528;102100;150.52;20;10500501230;S
20240528;102101;150.52;120;10500501534;S
20240528;102101;150.52;610;10500501535;S
20240528;102101;150.5;390;10500501800;S
20240528;102101;150.5;170;10500501851;S
20240528;102101;150.5;10;10500501852;S
20240528;102101;150.5;10;10500501853;S
20240528;102101;150.5;90;10500501893;S
20240528;102101;150.5;300;10500501894;S
20240528;102101;150.5;190;10500501919;S
20240528;102101;150.5;120;10500502067;S
20240528;102103;150.5;10;10500504186;B
20240528;102112;150.5;40;10500510866;B
20240528;102117;150.48;10;10500514067;S
20240528;102119;150.5;10;10500515836;B
20240528;102120;150.48;390;10500516660;S
20240528;102120;150.5;50;10500516762;B
20240528;102125;150.48;20;10500522330;S
20240528;102126;150.5;10;10500523504;B
20240528;102127;150.5;10;10500524800;B
20240528;102129;150.5;140;10500526692;B
20240528;102129;150.5;190;10500526693;B
20240528;102129;150.5;40;10500526694;B
20240528;102129;150.5;60;10500526695;B
20240528;102129;150.5;30;10500526696;B
20240528;102129;150.5;60;10500526697;B
20240528;102129;150.5;500;10500526698;B
20240528;102129;150.5;30;10500526699;B
20240528;102129;150.5;60;10500526700;B
20240528;102129;150.5;70;10500526701;B
20240528;102129;150.5;10000;10500526702;B
20240528;102129;150.5;10;10500526703;B
20240528;102129;150.5;60;10500526704;B
20240528;102129;150.5;250;10500526705;B
20240528;102129;150.5;150;10500526706;B
20240528;102129;150.5;180;10500526707;B
20240528;102129;150.5;390;10500526796;S
20240528;102129;150.5;190;10500526797;S
20240528;102129;150.5;60;10500526798;S
20240528;102129;150.5;30;10500526799;S
20240528;102129;150.5;30;10500526801;S
20240528;102129;150.5;70;10500526802;S
20240528;102129;150.5;10;10500526803;S
20240528;102129;150.5;60;10500526806;S
20240528;102129;150.5;250;10500526807;S
20240528;102129;150.5;40;10500526808;S
20240528;102129;150.5;40;10500526814;S
20240528;102129;150.5;20;10500526815;S
20240528;102129;150.5;60;10500526816;S
20240528;102129;150.5;60;10500526858;S
20240528;102129;150.5;390;10500526860;S
20240528;102129;150.5;80;10500526864;S
20240528;102129;150.5;110;10500526865;S
20240528;102129;150.5;60;10500526867;S
20240528;102129;150.5;10;10500526869;S
20240528;102129;150.5;20;10500526870;S
20240528;102130;150.5;30;10500527577;B
20240528;102130;150.5;30;10500527578;B
20240528;102131;150.48;10;10500528468;S
20240528;102133;150.5;40;10500528996;B
20240528;102133;150.5;10;10500528997;B
20240528;102133;150.5;60;10500528998;B
20240528;102133;150.5;250;10500528999;B
20240528;102133;150.5;40;10500529000;B
20240528;102133;150.5;60;10500529001;B
20240528;102133;150.5;60;10500529002;B
20240528;102133;150.5;60;10500529003;B
20240528;102133;150.5;120;10500529004;B
20240528;102137;150.5;50;10500529835;B
20240528;102139;150.5;30;10500530092;B
20240528;102140;150.48;50;10500530257;S
20240528;102141;150.48;190;10500531107;S
20240528;102142;150.5;100;10500532296;B
20240528;102143;150.48;160;10500532734;S
20240528;102143;150.5;10;10500533339;B
20240528;102144;150.48;250;10500533592;S
20240528;102144;150.48;50;10500533593;S
20240528;102144;150.48;100;10500533594;S
20240528;102144;150.48;610;10500533595;S
20240528;102144;150.48;30;10500533596;S
20240528;102144;150.46;630;10500533597;S
20240528;102144;150.46;10;10500533798;S
20240528;102144;150.46;40;10500533799;S
20240528;102144;150.46;20;10500533919;S
20240528;102144;150.46;180;10500533920;S
20240528;102144;150.46;430;10500533949;S
20240528;102144;150.46;480;10500533950;S
20240528;102144;150.44;60;10500533951;S
20240528;102144;150.44;10;10500533952;S
20240528;102144;150.44;2020;10500533953;S
20240528;102145;150.48;40;10500534440;B
20240528;102147;150.46;10;10500536396;B
20240528;102148;150.46;2490;10500537803;B
20240528;102148;150.46;20;10500537804;B
20240528;102148;150.46;20;10500537805;B
20240528;102148;150.46;20;10500537806;B
20240528;102148;150.48;490;10500537807;B
20240528;102148;150.48;240;10500537808;B
20240528;102148;150.5;80;10500537809;B
20240528;102148;150.5;190;10500537810;B
20240528;102148;150.5;30;10500537811;B
20240528;102148;150.5;60;10500537812;B
20240528;102148;150.5;30;10500537813;B
20240528;102148;150.5;60;10500537814;B
20240528;102148;150.5;30;10500537815;B
20240528;102148;150.5;70;10500537816;B
20240528;102148;150.5;10;10500537817;B
20240528;102148;150.5;60;10500537818;B
20240528;102148;150.5;100;10500537819;B
20240528;102153;150.48;10;10500541725;B
20240528;102153;150.48;60;10500542006;B
20240528;102202;150.48;100;10500549838;B
20240528;102203;150.48;10;10500550611;B
20240528;102205;150.48;10;10500553008;B
20240528;102209;150.48;10;10500556539;B
20240528;102211;150.48;10;10500558294;B
20240528;102213;150.48;20;10500559955;B
20240528;102217;150.48;200;10500561843;B
20240528;102217;150.48;20;10500561890;B
20240528;102218;150.46;60;10500562003;S
20240528;102218;150.46;490;10500562004;S
20240528;102218;150.46;450;10500562005;S
20240528;102224;150.46;90;10500562946;S
20240528;102224;150.48;50;10500562966;B
20240528;102224;150.48;100;10500562970;B
20240528;102228;150.48;740;10500563510;B
20240528;102228;150.5;150;10500563511;B
20240528;102228;150.5;40;10500563512;B
20240528;102228;150.5;60;10500563513;B
20240528;102228;150.5;60;10500563514;B
20240528;102228;150.5;60;10500563515;B
20240528;102228;150.5;220;10500563516;B
20240528;102228;150.5;140;10500563517;B
20240528;102228;150.5;130;10500563518;B
20240528;102228;150.5;30;10500563519;B
20240528;102228;150.5;60;10500563520;B
20240528;102228;150.5;30;10500563521;B
20240528;102228;150.5;130;10500563522;B
20240528;102228;150.5;390;10500563523;B
20240528;102228;150.5;190;10500563524;B
20240528;102228;150.5;30;10500563525;B
20240528;102228;150.5;60;10500563526;B
20240528;102228;150.5;30;10500563527;B
20240528;102228;150.5;60;10500563528;B
20240528;102228;150.5;30;10500563529;B
20240528;102228;150.5;70;10500563530;B
20240528;102228;150.5;10;10500563531;B
20240528;102228;150.5;60;10500563532;B
20240528;102228;150.5;60;10500563533;B
