<DATE>;<TIME>;<LAST>;<VOL>;<ID>;<OPER>
20240423;095941;159.4;20;10184105233;S
20240423;095941;159.4;10;10184105234;S
20240423;095941;159.4;50;10184105235;S
20240423;095941;159.4;50;10184105236;S
20240423;095941;159.4;40;10184105237;S
20240423;095941;159.4;70;10184105238;S
20240423;095941;159.4;10;10184105239;S
20240423;095941;159.4;600;10184105240;B
20240423;095941;159.4;100;10184105241;B
20240423;095941;159.4;900;10184105242;B
20240423;095941;159.4;30;10184105243;B
20240423;095941;159.4;10;10184105244;S
20240423;095941;159.4;230;10184105245;S
20240423;095941;159.4;50;10184105246;S
20240423;095941;159.4;10;10184105247;B
20240423;095941;159.4;1310;10184105248;S
20240423;095941;159.4;200;10184105249;B
20240423;095941;159.4;200;10184105250;B
20240423;095941;159.4;2240;10184105251;S
20240423;095941;159.4;50;10184105252;B
20240423;095941;159.4;10;10184105253;B
20240423;095941;159.4;120;10184105254;B
20240423;095941;159.4;10;10184105255;B
20240423;095941;159.4;20;10184105256;B
20240423;095941;159.4;30;10184105257;B
20240423;095941;159.4;1000;10184105258;B
20240423;095941;159.4;40;10184105259;B
20240423;095941;159.4;20;10184105260;B
20240423;095941;159.4;50;10184105261;S
20240423;095941;159.4;20;10184105262;S
20240423;095941;159.4;10;10184105263;S
20240423;095941;159.4;30;10184105264;B
20240423;095941;159.4;10;10184105265;B
20240423;095941;159.4;10;10184105266;B
20240423;095941;159.4;10;10184105267;B
20240423;095941;159.4;20;10184105268;B
20240423;095941;159.4;10;10184105269;B
20240423;095941;159.4;100;10184105270;B
20240423;095941;159.4;10;10184105271;B
20240423;095941;159.4;10;10184105272;B
20240423;095941;159.4;10;10184105273;B
20240423;095941;159.4;30;10184105274;B
20240423;095941;159.4;280;10184105275;B
20240423;095941;159.4;30;10184105276;S
20240423;100000;159.4;20;10184109638;B
20240423;100001;159.4;200;10184110876;B
20240423;100001;159.34;50;10184111140;S
20240423;100005;159.4;10;10184114913;B
20240423;100005;159.36;50;10184115051;S
20240423;100005;159.36;170;10184115052;S
20240423;100005;159.34;730;10184115053;S
20240423;100005;159.34;50;10184115108;S
20240423;100005;159.32;150;10184115109;S
20240423;100005;159.4;10;10184115549;B
20240423;100006;159.34;50;10184116092;S
20240423;100006;159.32;410;10184116093;S
20240423;100006;159.32;20;10184116094;S
20240423;100006;159.34;50;10184116096;S
20240423;100006;159.32;40;10184116097;S
20240423;100006;159.32;40;10184116098;S
20240423;100006;159.4;10;10184116100;B
20240423;100006;159.4;10;10184116105;B
20240423;100006;159.4;10;10184116200;B
20240423;100006;159.4;10;10184116202;B
20240423;100006;159.4;10;10184116211;B
20240423;100006;159.4;30;10184116213;B
20240423;100006;159.4;310;10184116231;B
20240423;100006;159.4;10;10184116644;B
20240423;100006;159.4;10;10184116918;B
20240423;100006;159.4;10;10184116923;B
20240423;100006;159.4;10;10184116933;B
20240423;100006;159.32;10;10184117058;S
20240423;100006;159.32;10;10184117059;S
20240423;100006;159.32;140;10184117066;S
20240423;100006;159.32;60;10184117067;S
20240423;100006;159.38;10;10184117368;B
20240423;100006;159.4;30;10184117369;B
20240423;100007;159.34;50;10184118001;S
20240423;100007;159.32;1200;10184118002;S
20240423;100007;159.32;50;10184118003;S
20240423;100007;159.38;10;10184118449;B
20240423;100007;159.38;20;10184118450;B
20240423;100007;159.38;50;10184118452;B
20240423;100008;159.38;20;10184120019;B
20240423;100009;159.38;10;10184120426;B
20240423;100009;159.38;10;10184120427;B
20240423;100009;159.38;20;10184120428;B
20240423;100009;159.4;460;10184120429;B
20240423;100009;159.4;460;10184120762;B
20240423;100009;159.4;330;10184120763;B
20240423;100010;159.42;10;10184120980;B
20240423;100010;159.48;10;10184120981;B
20240423;100010;159.5;40;10184120982;B
20240423;100010;159.5;290;10184121302;B
20240423;100010;159.5;10;10184121303;B
20240423;100010;159.56;10;10184121304;B
20240423;100010;159.56;190;10184121305;B
20240423;100012;159.56;180;10184122099;B
20240423;100012;159.6;530;10184122175;B
20240423;100012;159.6;80;10184122176;B
20240423;100012;159.6;390;10184122177;B
20240423;100013;159.6;500;10184122442;B
20240423;100014;159.6;1000;10184122618;B
20240423;100014;159.6;2000;10184122993;B
20240423;100015;159.6;2500;10184123034;B
20240423;100015;159.6;2500;10184123228;B
20240423;100015;159.58;50;10184123318;S
20240423;100015;159.58;810;10184123319;S
20240423;100015;159.56;140;10184123320;S
20240423;100017;159.6;500;10184124185;B
20240423;100017;159.6;500;10184124245;B
20240423;100021;159.58;20;10184125886;S
20240423;100024;159.58;30;10184126828;S
20240423;100024;159.58;70;10184126829;S
20240423;100024;159.58;640;10184126873;S
20240423;100024;159.56;710;10184126874;S
20240423;100029;159.6;10;10184128352;B
20240423;100030;159.58;10;10184128456;S
20240423;100030;159.58;20;10184128457;S
20240423;100030;159.6;1100;10184128668;B
20240423;100030;159.6;330;10184128669;B
20240423;100030;159.62;10;10184128670;B
20240423;100030;159.62;560;10184128671;B
20240423;100030;159.64;570;10184128689;B
20240423;100030;159.66;770;10184128690;B
20240423;100030;159.68;50;10184128691;B
20240423;100030;159.68;330;10184128692;B
20240423;100030;159.68;780;10184128693;B
20240423;100031;159.68;50;10184128965;B
20240423;100031;159.7;10;10184128966;B
20240423;100031;159.7;100;10184128967;B
20240423;100031;159.68;50;10184129279;B
20240423;100031;159.7;1950;10184129280;B
20240423;100032;159.7;1000;10184129341;B
20240423;100035;159.7;1000;10184130530;B
20240423;100035;159.7;50;10184130715;B
20240423;100035;159.7;50;10184130837;B
20240423;100036;159.68;10;10184131285;S
20240423;100036;159.66;50;10184131286;S
20240423;100037;159.66;650;10184131410;B
20240423;100037;159.66;10;10184131621;B
20240423;100041;159.66;500;10184132909;B
20240423;100041;159.66;10;10184133142;B
20240423;100042;159.66;50;10184133522;B
20240423;100043;159.64;10;10184133965;S
20240423;100043;159.64;10;10184133966;S
20240423;100043;159.6;50;10184133967;S
20240423;100044;159.6;70;10184134161;S
20240423;100046;159.64;10;10184134815;B
20240423;100047;159.64;40;10184135052;B
20240423;100047;159.64;560;10184135053;B
20240423;100049;159.64;440;10184135627;B
20240423;100049;159.64;10;10184135628;B
20240423;100049;159.66;50;10184135629;B
20240423;100049;159.62;550;10184135795;S
20240423;100050;159.62;710;10184135937;S
20240423;100050;159.62;1570;10184135938;S
20240423;100050;159.62;50;10184135939;S
20240423;100050;159.6;30;10184135940;S
20240423;100050;159.6;2640;10184135941;S
20240423;100054;159.62;10;10184137350;S
20240423;100055;159.6;100;10184137631;S
20240423;100055;159.6;2260;10184137692;S
20240423;100055;159.6;150;10184137693;S
20240423;100057;159.56;750;10184138020;S
20240423;100057;159.56;220;10184138227;S
20240423;100057;159.56;1000;10184138228;S
20240423;100057;159.5;50;10184138229;S
20240423;100057;159.5;150;10184138230;S
20240423;100057;159.48;10;10184138231;S
20240423;100057;159.48;50;10184138232;S
20240423;100057;159.48;1020;10184138233;S
20240423;100059;159.56;10;10184138915;B
20240423;100101;159.56;20;10184139433;B
20240423;100102;159.54;100;10184139712;S
20240423;100102;159.46;480;10184139713;S
20240423;100102;159.44;150;10184139714;S
20240423;100102;159.44;870;10184139715;S
20240423;100102;159.44;890;10184139716;S
20240423;100103;159.54;10;10184140232;B
20240423;100104;159.42;200;10184140388;S
20240423;100114;159.48;10;10184142705;B
20240423;100117;159.48;10;10184143464;B
20240423;100118;159.48;30;10184143700;B
20240423;100120;159.46;10;10184144038;S
20240423;100124;159.44;10;10184144755;S
20240423;100124;159.44;20;10184144756;S
20240423;100127;159.44;50;10184145239;S
20240423;100127;159.44;40;10184145240;S
20240423;100127;159.48;10;10184145284;B
20240423;100130;159.46;20;10184145997;B
20240423;100135;159.46;50;10184147249;B
20240423;100142;159.42;100;10184148683;S
20240423;100144;159.42;50;10184149009;S
20240423;100144;159.46;40;10184149025;B
20240423;100144;159.48;90;10184149026;B
20240423;100144;159.48;390;10184149027;B
20240423;100144;159.48;400;10184149028;B
20240423;100144;159.5;80;10184149029;B
20240423;100145;159.48;30;10184149321;B
20240423;100148;159.48;10;10184149948;B
20240423;100149;159.46;10;10184150039;S
20240423;100149;159.46;50;10184150040;S
20240423;100149;159.46;20;10184150041;S
20240423;100154;159.48;10;10184151225;B
20240423;100158;159.48;100;10184152307;B
20240423;100158;159.5;170;10184152308;B
20240423;100158;159.5;380;10184152309;B
20240423;100158;159.52;550;10184152310;B
20240423;100158;159.58;500;10184152311;B
20240423;100158;159.58;1400;10184152312;B
20240423;100200;159.56;50;10184152714;S
20240423;100200;159.56;360;10184152715;S
20240423;100200;159.54;210;10184152716;S
20240423;100201;159.6;1000;10184152892;S
20240423;100201;159.62;50;10184153030;B
20240423;100205;159.6;550;10184153912;S
20240423;100205;159.6;40;10184153977;S
20240423;100206;159.62;100;10184154140;B
20240423;100206;159.64;10;10184154141;B
20240423;100206;159.64;30;10184154142;B
20240423;100206;159.64;60;10184154143;B
20240423;100210;159.62;50;10184154856;B
20240423;100210;159.62;10;10184154857;B
20240423;100213;159.62;100;10184155410;S
20240423;100213;159.6;60;10184155411;S
20240423;100213;159.6;240;10184155412;S
20240423;100217;159.62;10;10184156154;B
20240423;100218;159.6;50;10184156369;S
20240423;100219;159.62;40;10184156910;B
20240423;100219;159.62;50;10184156911;B
20240423;100219;159.64;10;10184156912;B
20240423;100223;159.6;90;10184157631;S
20240423;100225;159.64;10;10184157940;B
20240423;100225;159.64;70;10184157977;B
20240423;100225;159.64;10;10184157978;B
20240423;100226;159.62;10;10184158070;S
20240423;100226;159.6;300;10184158071;S
20240423;100227;159.58;100;10184158209;S
20240423;100227;159.58;40;10184158278;S
20240423;100234;159.56;30;10184159332;B
20240423;100234;159.56;20;10184159364;B
20240423;100235;159.56;100;10184159595;B
20240423;100239;159.56;30;10184160319;B
20240423;100241;159.56;10;10184160822;B
20240423;100242;159.56;290;10184160910;B
20240423;100242;159.56;10;10184160911;B
20240423;100243;159.56;10;10184161190;B
20240423;100244;159.56;30;10184161261;B
20240423;100244;159.56;170;10184161262;B
20240423;100246;159.56;750;10184161544;B
20240423;100246;159.54;60;10184161564;S
20240423;100246;159.54;10;10184161565;S
20240423;100250;159.54;10;10184162004;B
20240423;100251;159.52;10;10184162232;S
20240423;100251;159.52;150;10184162233;S
20240423;100251;159.5;240;10184162234;S
20240423;100253;159.52;280;10184162598;B
20240423;100253;159.52;150;10184162599;B
20240423;100254;159.5;1000;10184162709;S
20240423;100254;159.5;2680;10184162715;S
20240423;100254;159.5;10;10184162716;S
20240423;100254;159.5;10;10184162717;S
20240423;100254;159.48;10;10184162734;S
20240423;100257;159.48;30;10184163267;S
20240423;100302;159.5;70;10184163887;B
20240423;100303;159.48;1100;10184164211;S
20240423;100304;159.5;260;10184164357;B
20240423;100309;159.5;300;10184165276;B
20240423;100310;159.5;10;10184165378;B
20240423;100311;159.48;10;10184165599;S
20240423;100313;159.5;160;10184165928;B
20240423;100314;159.5;500;10184166128;B
20240423;100314;159.5;50;10184166129;B
20240423;100314;159.5;150;10184166130;B
20240423;100315;159.48;500;10184166355;S
20240423;100318;159.5;1080;10184166775;B
20240423;100318;159.5;30;10184166776;B
20240423;100318;159.5;90;10184166777;B
20240423;100319;159.5;30;10184167082;S
20240423;100320;159.52;500;10184167089;B
20240423;100321;159.5;580;10184167453;S
20240423;100323;159.5;200;10184167818;S
20240423;100323;159.52;70;10184167869;B
20240423;100324;159.52;10;10184168081;B
20240423;100326;159.5;110;10184168391;S
20240423;100327;159.5;20;10184168635;S
20240423;100330;159.52;10;10184169110;B
20240423;100331;159.52;670;10184169475;B
20240423;100331;159.52;290;10184169476;B
20240423;100331;159.54;40;10184169477;B
20240423;100332;159.5;1020;10184169620;S
20240423;100332;159.5;10;10184169621;S
20240423;100334;159.52;200;10184170158;B
20240423;100339;159.5;100;10184171177;S
20240423;100340;159.48;90;10184171342;S
20240423;100341;159.5;10;10184171397;B
20240423;100341;159.48;2000;10184171553;S
20240423;100342;159.5;890;10184171623;B
20240423;100342;159.5;110;10184171624;B
20240423;100344;159.48;1200;10184171922;S
20240423;100344;159.5;50;10184172045;B
20240423;100344;159.5;290;10184172046;B
20240423;100344;159.52;660;10184172047;B
20240423;100345;159.5;40;10184172182;B
20240423;100347;159.48;10;10184172357;S
20240423;100348;159.5;10;10184172593;B
20240423;100348;159.5;10;10184172594;B
20240423;100349;159.48;20;10184172781;S
20240423;100352;159.48;30;10184173159;S
20240423;100352;159.48;10;10184173174;S
20240423;100352;159.48;10;10184173175;S
20240423;100352;159.46;10;10184173176;S
20240423;100352;159.44;270;10184173177;S
20240423;100355;159.46;10;10184173595;B
20240423;100357;159.44;220;10184173842;S
20240423;100357;159.46;100;10184173867;B
20240423;100357;159.46;20;10184173872;B
20240423;100357;159.46;20;10184173897;B
20240423;100400;159.46;10;10184174343;B
20240423;100405;159.46;70;10184175298;B
20240423;100409;159.46;10;10184176089;B
20240423;100417;159.46;920;10184177653;B
20240423;100417;159.46;280;10184177654;B
20240423;100417;159.46;40;10184177655;B
20240423;100417;159.48;150;10184177656;B
20240423;100417;159.48;610;10184177657;B
20240423;100421;159.48;10;10184178308;B
20240423;100422;159.48;500;10184178457;B
20240423;100423;159.48;1570;10184178736;B
20240423;100423;159.48;10;10184178737;B
20240423;100423;159.48;420;10184178738;B
20240423;100426;159.5;320;10184179281;B
20240423;100427;159.5;140;10184179293;B
20240423;100427;159.46;10;10184179442;S
20240423;100427;159.46;50;10184179443;S
20240423;100427;159.46;270;10184179444;S
20240423;100430;159.46;10;10184179756;B
20240423;100431;159.46;160;10184179908;B
20240423;100436;159.46;1210;10184180753;B
20240423;100436;159.48;270;10184180754;B
20240423;100436;159.5;10;10184180755;B
20240423;100438;159.5;10;10184180981;B
20240423;100438;159.5;10;10184180985;B
20240423;100442;159.46;50;10184181657;S
20240423;100442;159.46;150;10184181658;S
20240423;100444;159.5;70;10184182134;B
20240423;100445;159.46;50;10184182255;S
20240423;100445;159.46;280;10184182256;S
20240423;100445;159.44;510;10184182257;S
20240423;100445;159.44;50;10184182258;S
20240423;100445;159.44;10;10184182259;S
20240423;100447;159.46;10;10184182515;S
20240423;100448;159.48;10;10184182761;B
20240423;100448;159.5;1620;10184182762;B
20240423;100448;159.5;1520;10184182813;B
20240423;100449;159.5;20;10184182904;B
20240423;100451;159.46;10;10184183228;S
20240423;100456;159.5;60;10184184461;B
20240423;100457;159.48;10;10184184587;S
20240423;100500;159.5;80;10184185080;B
20240423;100501;159.5;3000;10184185261;B
20240423;100501;159.48;10;10184185274;S
20240423;100503;159.5;1610;10184185671;B
20240423;100503;159.5;1610;10184185800;B
20240423;100504;159.5;720;10184185982;B
20240423;100504;159.5;400;10184185983;B
20240423;100504;159.52;90;10184185984;B
20240423;100504;159.54;4060;10184185985;B
20240423;100504;159.54;290;10184185986;B
20240423;100504;159.56;500;10184185987;B
20240423;100504;159.58;940;10184185988;B
20240423;100504;159.6;100;10184186131;B
20240423;100510;159.6;90;10184187141;B
20240423;100510;159.6;130;10184187142;B
20240423;100510;159.6;200;10184187143;B
20240423;100511;159.64;170;10184187378;B
20240423;100511;159.64;230;10184187379;B
20240423;100511;159.66;210;10184187380;B
20240423;100511;159.66;260;10184187381;B
20240423;100511;159.66;180;10184187382;B
20240423;100511;159.66;100;10184187383;B
20240423;100514;159.66;50;10184188077;B
20240423;100518;159.66;50;10184189192;B
20240423;100518;159.66;10;10184189200;B
20240423;100519;159.64;10;10184189276;S
20240423;100521;159.66;30;10184189694;B
20240423;100522;159.66;810;10184189872;B
20240423;100522;159.66;190;10184189873;B
20240423;100525;159.66;500;10184190407;B
20240423;100528;159.64;20;10184190959;S
20240423;100529;159.66;100;10184191224;B
20240423;100530;159.66;40;10184191324;B
20240423;100530;159.64;20;10184191405;S
20240423;100531;159.64;10;10184191653;S
20240423;100531;159.64;10;10184191696;S
20240423;100532;159.66;30;10184192018;B
20240423;100535;159.66;60;10184192669;B
20240423;100536;159.66;30;10184192737;B
20240423;100536;159.66;200;10184192738;B
20240423;100538;159.68;150;10184193194;B
20240423;100541;159.68;210;10184193581;B
20240423;100543;159.68;80;10184193983;B
20240423;100544;159.68;10;10184194218;B
20240423;100546;159.66;10;10184194574;S
20240423;100550;159.68;20;10184195114;B
20240423;100551;159.66;10;10184195414;S
20240423;100554;159.66;40;10184195889;S
20240423;100554;159.66;270;10184195890;S
20240423;100554;159.64;90;10184195891;S
20240423;100558;159.68;20;10184196609;B
20240423;100558;159.68;100;10184196640;B
20240423;100558;159.68;100;10184196641;B
20240423;100604;159.68;10;10184197418;B
20240423;100608;159.68;10;10184198237;B
20240423;100608;159.66;10;10184198327;S
20240423;100608;159.66;50;10184198328;S
20240423;100609;159.64;10;10184198429;S
20240423;100609;159.64;10;10184198430;S
20240423;100609;159.64;150;10184198431;S
20240423;100609;159.64;130;10184198432;S
20240423;100611;159.66;10;10184198766;B
20240423;100611;159.66;10;10184198808;B
20240423;100611;159.68;30;10184198809;B
20240423;100617;159.66;20;10184199976;S
20240423;100621;159.68;490;10184200526;B
20240423;100621;159.68;50;10184200527;B
20240423;100621;159.68;500;10184200528;B
20240423;100621;159.68;10;10184200529;B
20240423;100621;159.68;150;10184200530;B
20240423;100621;159.7;850;10184200531;B
20240423;100621;159.7;20;10184200532;B
20240423;100621;159.7;10;10184200533;B
20240423;100621;159.7;1000;10184200534;B
20240423;100621;159.7;550;10184200535;B
20240423;100621;159.7;50;10184200536;B
20240423;100621;159.7;5610;10184200537;B
20240423;100621;159.66;10;10184200564;S
20240423;100621;159.66;190;10184200565;S
20240423;100623;159.72;10;10184200961;B
20240423;100623;159.72;920;10184200962;B
20240423;100626;159.68;20;10184201479;B
20240423;100626;159.72;980;10184201480;B
20240423;100636;159.72;110;10184203089;B
20240423;100636;159.72;10;10184203106;B
20240423;100638;159.72;50;10184203362;B
20240423;100640;159.72;250;10184203796;B
20240423;100647;159.72;1000;10184204758;B
20240423;100647;159.72;1500;10184204979;B
20240423;100647;159.72;180;10184205062;B
20240423;100700;159.74;20;10184207053;B
20240423;100700;159.74;330;10184207054;B
20240423;100700;159.74;150;10184207055;B
20240423;100700;159.74;50;10184207095;B
20240423;100700;159.74;50;10184207096;B
20240423;100700;159.72;50;10184207189;S
20240423;100700;159.7;50;10184207190;S
20240423;100700;159.7;50;10184207191;S
20240423;100700;159.7;150;10184207192;S
20240423;100700;159.7;260;10184207193;S
20240423;100700;159.68;50;10184207194;S
20240423;100700;159.68;90;10184207195;S
20240423;100705;159.7;40;10184208209;S
20240423;100707;159.72;150;10184208731;B
20240423;100707;159.72;250;10184208732;B
20240423;100707;159.74;100;10184208733;B
20240423;100710;159.7;10;10184209199;S
20240423;100710;159.74;30;10184209245;B
20240423;100715;159.72;50;10184210359;B
20240423;100717;159.7;820;10184210779;S
20240423;100717;159.7;150;10184210780;S
20240423;100717;159.7;250;10184210781;S
20240423;100717;159.72;450;10184210864;B
20240423;100717;159.72;50;10184210865;B
20240423;100718;159.74;310;10184210962;B
20240423;100720;159.68;100;10184211251;S
20240423;100720;159.68;400;10184211252;S
20240423;100720;159.68;700;10184211253;S
20240423;100720;159.66;50;10184211254;S
20240423;100720;159.66;50;10184211255;S
20240423;100722;159.64;30;10184211565;S
20240423;100722;159.64;370;10184211566;S
20240423;100722;159.64;50;10184211567;S
20240423;100722;159.64;260;10184211568;S
20240423;100722;159.6;10;10184211569;S
20240423;100722;159.6;30;10184211570;S
20240423;100723;159.62;50;10184211702;B
20240423;100723;159.6;50;10184211734;B
20240423;100723;159.62;50;10184211735;B
20240423;100724;159.6;20;10184211826;B
20240423;100726;159.6;30;10184212153;B
20240423;100726;159.6;370;10184212154;B
20240423;100726;159.6;10;10184212263;B
20240423;100727;159.6;10;10184212386;B
20240423;100728;159.6;10;10184212630;B
20240423;100729;159.6;10;10184212707;B
20240423;100729;159.6;80;10184212749;B
20240423;100729;159.6;420;10184212750;B
20240423;100732;159.6;80;10184213467;B
20240423;100732;159.62;100;10184213468;B
20240423;100732;159.62;50;10184213469;B
20240423;100732;159.62;250;10184213470;B
20240423;100732;159.64;50;10184213471;B
20240423;100732;159.64;670;10184213472;B
20240423;100732;159.64;800;10184213473;B
20240423;100735;159.58;50;10184213884;S
20240423;100735;159.56;10;10184213885;S
20240423;100735;159.56;250;10184213886;S
20240423;100735;159.56;50;10184213887;S
20240423;100735;159.54;150;10184213888;S
20240423;100735;159.54;990;10184213889;S
20240423;100753;159.52;10;10184216909;B
20240423;100753;159.52;10;10184217077;B
20240423;100754;159.52;10;10184217096;B
20240423;100756;159.52;20;10184217405;B
20240423;100756;159.54;70;10184217406;B
20240423;100756;159.52;10;10184217494;B
20240423;100757;159.52;40;10184217681;B
20240423;100757;159.52;240;10184217682;B
20240423;100757;159.54;1130;10184217683;B
20240423;100757;159.54;50;10184217684;B
20240423;100757;159.56;50;10184217685;B
20240423;100757;159.56;150;10184217686;B
20240423;100757;159.58;2340;10184217687;B
20240423;100759;159.58;400;10184217899;B
20240423;100800;159.58;10;10184218056;B
20240423;100801;159.58;140;10184218189;B
20240423;100801;159.58;50;10184218190;B
20240423;100801;159.58;30;10184218191;B
20240423;100801;159.6;50;10184218192;B
20240423;100801;159.6;2030;10184218193;B
20240423;100802;159.58;10;10184218278;B
20240423;100803;159.58;10;10184218459;B
20240423;100807;159.58;100;10184219103;B
20240423;100817;159.52;20;10184220651;S
20240423;100817;159.58;50;10184220723;B
20240423;100817;159.58;220;10184220724;B
20240423;100817;159.58;730;10184220725;B
20240423;100818;159.58;2670;10184220880;B
20240423;100818;159.58;30;10184220881;B
20240423;100818;159.58;1000;10184220882;B
20240423;100818;159.58;50;10184220883;B
20240423;100818;159.6;4050;10184220884;B
20240423;100826;159.6;10;10184221983;B
20240423;100830;159.58;10;10184222619;S
20240423;100832;159.6;10;10184222965;B
20240423;100835;159.6;10;10184223243;B
20240423;100835;159.58;10;10184223251;S
20240423;100835;159.58;90;10184223252;S
20240423;100836;159.58;10;10184223411;S
20240423;100838;159.6;10;10184223643;B
20240423;100840;159.6;10;10184224024;B
20240423;100843;159.6;10;10184224432;B
20240423;100844;159.6;1570;10184224498;B
20240423;100850;159.56;280;10184225269;S
20240423;100850;159.56;50;10184225270;S
20240423;100850;159.54;20;10184225271;S
20240423;100851;159.6;120;10184225522;B
20240423;100900;159.6;20;10184226725;B
20240423;100901;159.6;620;10184226795;B
20240423;100902;159.6;500;10184226923;B
20240423;100912;159.6;10;10184228314;B
20240423;100914;159.6;20;10184228724;B
20240423;100917;159.6;30;10184229158;B
20240423;100918;159.6;60;10184229301;B
20240423;100920;159.58;10;10184229780;S
20240423;100920;159.56;190;10184229781;S
20240423;100924;159.6;10;10184230460;B
20240423;100927;159.6;500;10184230960;B
20240423;100928;159.6;20;10184231011;B
20240423;100929;159.6;130;10184231150;B
20240423;100929;159.54;30;10184231186;S
20240423;100929;159.54;1260;10184231187;S
20240423;100929;159.54;1570;10184231188;S
20240423;100929;159.52;80;10184231189;S
20240423;100929;159.52;10;10184231190;S
20240423;100929;159.52;50;10184231191;S
20240423;100929;159.52;160;10184231192;S
20240423;100929;159.52;2740;10184231193;S
20240423;100936;159.52;20;10184232283;S
20240423;100939;159.56;450;10184232952;B
20240423;100946;159.56;20;10184233976;S
20240423;100946;159.56;80;10184233977;S
20240423;100949;159.58;150;10184234334;B
20240423;100949;159.6;250;10184234335;B
20240423;100954;159.54;30;10184235050;S
20240423;100954;159.52;50;10184235051;S
20240423;100954;159.52;150;10184235052;S
20240423;100954;159.52;110;10184235053;S
20240423;100955;159.52;50;10184235105;S
20240423;100957;159.54;100;10184235632;B
20240423;101000;159.56;40;10184236067;B
20240423;101003;159.58;10;10184236623;B
20240423;101008;159.54;50;10184237591;S
20240423;101008;159.52;50;10184237592;S
20240423;101008;159.58;150;10184237651;B
20240423;101008;159.6;850;10184237652;B
20240423;101010;159.6;20;10184237941;B
20240423;101019;159.6;10;10184240045;B
20240423;101026;159.6;10;10184241284;B
20240423;101027;159.6;400;10184241349;B
20240423;101027;159.58;20;10184241395;S
20240423;101027;159.56;80;10184241396;S
20240423;101032;159.6;10;10184242236;B
20240423;101033;159.58;10;10184242328;B
20240423;101033;159.52;150;10184242370;S
20240423;101033;159.52;50;10184242371;S
20240423;101033;159.52;150;10184242372;S
20240423;101033;159.52;300;10184242373;S
20240423;101036;159.56;70;10184242953;B
20240423;101039;159.56;80;10184243360;B
20240423;101039;159.58;70;10184243361;B
20240423;101041;159.56;500;10184243635;S
20240423;101041;159.56;100;10184243636;S
20240423;101044;159.5;350;10184244499;S
20240423;101044;159.5;10;10184244500;S
20240423;101044;159.5;10;10184244501;S
20240423;101044;159.5;330;10184244502;S
20240423;101050;159.5;80;10184245540;S
20240423;101051;159.5;590;10184245731;S
20240423;101051;159.5;10;10184245732;S
20240423;101051;159.5;1000;10184245733;S
20240423;101051;159.5;150;10184245734;S
20240423;101051;159.5;4000;10184245735;S
20240423;101051;159.5;300;10184245736;S
20240423;101051;159.48;10;10184245737;S
20240423;101051;159.48;50;10184245738;S
20240423;101051;159.48;1000;10184245739;S
20240423;101051;159.48;1000;10184245740;S
20240423;101051;159.48;8000;10184245741;S
20240423;101051;159.46;10;10184245742;S
20240423;101051;159.46;50;10184245743;S
20240423;101051;159.46;10;10184245744;S
20240423;101051;159.46;1000;10184245745;S
20240423;101052;159.44;100;10184245884;S
20240423;101052;159.44;20;10184245885;S
20240423;101052;159.46;50;10184245924;B
20240423;101052;159.44;200;10184245961;S
20240423;101053;159.46;20;10184246321;B
20240423;101053;159.46;190;10184246351;B
20240423;101053;159.46;290;10184246352;B
20240423;101053;159.46;50;10184246354;B
20240423;101101;159.46;10;10184248008;B
20240423;101104;159.46;30;10184248500;B
20240423;101105;159.46;20;10184248616;B
20240423;101114;159.46;160;10184250388;B
20240423;101114;159.46;460;10184250389;B
20240423;101116;159.46;10;10184250867;B
20240423;101122;159.46;20;10184251540;B
20240423;101124;159.46;10;10184251797;B
20240423;101125;159.46;20;10184251988;B
20240423;101126;159.46;20;10184252120;B
20240423;101132;159.46;10;10184253032;B
20240423;101136;159.46;10;10184253697;B
20240423;101137;159.46;300;10184253755;B
20240423;101137;159.46;50;10184253773;B
20240423;101141;159.46;90;10184254167;B
20240423;101141;159.46;70;10184254168;B
20240423;101141;159.46;1190;10184254368;B
20240423;101141;159.46;480;10184254369;B
20240423;101142;159.46;470;10184254483;B
20240423;101142;159.46;750;10184254484;B
20240423;101142;159.46;450;10184254485;B
20240423;101142;159.46;910;10184254574;B
20240423;101142;159.46;540;10184254575;B
20240423;101142;159.46;220;10184254576;B
20240423;101142;159.46;780;10184254651;B
20240423;101142;159.46;10;10184254652;B
20240423;101142;159.46;430;10184254653;B
20240423;101142;159.46;410;10184254654;B
20240423;101143;159.46;10;10184254754;B
20240423;101146;159.44;780;10184255069;S
20240423;101146;159.44;20;10184255070;S
20240423;101146;159.44;10;10184255071;S
20240423;101146;159.44;310;10184255072;S
20240423;101146;159.44;50;10184255073;S
20240423;101146;159.44;10;10184255080;B
20240423;101146;159.44;600;10184255143;B
20240423;101150;159.44;10;10184255541;B
20240423;101150;159.44;500;10184255542;B
20240423;101151;159.44;250;10184255640;B
20240423;101154;159.44;100;10184256129;B
20240423;101200;159.44;60;10184256864;B
20240423;101201;159.42;1000;10184256938;S
20240423;101201;159.42;50;10184256939;S
20240423;101201;159.42;1260;10184256940;S
20240423;101201;159.42;1510;10184256941;S
20240423;101201;159.42;220;10184256942;S
20240423;101203;159.44;10;10184257160;B
20240423;101211;159.42;20;10184258633;S
20240423;101212;159.44;310;10184258704;B
20240423;101214;159.44;20;10184259020;B
20240423;101219;159.44;10;10184259817;B
20240423;101221;159.42;300;10184260090;S
20240423;101223;159.44;70;10184260248;B
20240423;101223;159.44;10;10184260249;B
20240423;101223;159.46;160;10184260250;B
20240423;101233;159.46;40;10184261428;B
20240423;101233;159.46;380;10184261503;B
20240423;101233;159.46;570;10184261504;B
20240423;101242;159.46;20;10184263222;B
20240423;101246;159.44;50;10184263728;S
20240423;101246;159.44;310;10184263729;S
20240423;101246;159.44;100;10184263730;S
20240423;101246;159.44;20;10184263731;S
20240423;101246;159.42;120;10184263732;S
20240423;101247;159.46;20;10184263934;B
20240423;101248;159.44;50;10184263973;S
20240423;101248;159.42;350;10184263974;S
20240423;101250;159.46;10;10184264254;B
20240423;101250;159.46;10;10184264298;B
20240423;101251;159.46;20;10184264493;B
20240423;101252;159.44;310;10184264501;S
20240423;101253;159.44;10;10184264697;B
20240423;101253;159.42;30;10184264819;S
20240423;101256;159.4;50;10184265260;S
20240423;101256;159.4;20;10184265261;S
20240423;101256;159.4;10;10184265262;S
20240423;101256;159.4;9920;10184265263;S
20240423;101257;159.42;50;10184265362;B
20240423;101257;159.42;310;10184265363;B
20240423;101257;159.42;140;10184265364;B
20240423;101259;159.42;10;10184265806;B
20240423;101303;159.42;10;10184266463;B
20240423;101303;159.4;290;10184266592;S
20240423;101303;159.4;50;10184266593;S
20240423;101303;159.4;10;10184266594;S
20240423;101303;159.4;10;10184266595;S
20240423;101303;159.4;20;10184266596;S
20240423;101304;159.4;20;10184266719;B
20240423;101306;159.38;10;10184266881;S
20240423;101306;159.36;1390;10184266882;S
20240423;101306;159.38;20;10184266884;B
20240423;101314;159.38;10;10184268142;B
20240423;101315;159.38;10;10184268285;B
20240423;101319;159.34;10;10184268850;S
20240423;101319;159.34;1000;10184268851;S
20240423;101319;159.34;20;10184268852;S
20240423;101319;159.34;3000;10184268853;S
20240423;101319;159.34;310;10184268854;S
20240423;101319;159.34;50;10184268855;S
20240423;101319;159.32;150;10184268856;S
20240423;101319;159.32;50;10184268857;S
20240423;101319;159.32;5410;10184268858;S
20240423;101321;159.32;160;10184269360;S
20240423;101322;159.34;2200;10184269505;B
20240423;101322;159.34;310;10184269506;B
20240423;101322;159.34;50;10184269507;B
20240423;101326;159.38;10;10184269924;B
20240423;101326;159.36;10;10184269934;B
20240423;101331;159.34;600;10184270621;S
20240423;101334;159.36;50;10184270923;S
20240423;101335;159.36;320;10184271075;S
20240423;101335;159.34;50;10184271076;S
20240423;101339;159.38;10;10184271533;B
20240423;101342;159.34;200;10184271852;S
20240423;101342;159.34;20;10184271884;S
20240423;101343;159.34;100;10184272009;S
20240423;101352;159.34;220;10184274896;S
20240423;101353;159.36;10;10184275044;B
20240423;101356;159.34;10;10184275571;S
20240423;101402;159.36;10;10184276375;B
20240423;101410;159.34;1740;10184277722;S
20240423;101411;159.36;50;10184277896;B
20240423;101417;159.36;60;10184278871;B
20240423;101425;159.36;10;10184280069;B
20240423;101425;159.36;30;10184280149;B
20240423;101425;159.36;30;10184280150;B
20240423;101426;159.36;10;10184280301;B
20240423;101426;159.36;290;10184280302;B
20240423;101430;159.34;2000;10184281044;S
20240423;101431;159.34;620;10184281191;S
20240423;101433;159.34;500;10184281389;S
20240423;101433;159.34;20;10184281436;S
20240423;101441;159.34;10;10184282713;S
20240423;101441;159.36;40;10184282797;B
20240423;101442;159.34;350;10184282934;S
20240423;101442;159.34;20;10184282935;S
20240423;101442;159.32;2430;10184282936;S
20240423;101444;159.32;1290;10184283265;B
20240423;101444;159.32;320;10184283266;B
20240423;101444;159.34;50;10184283267;B
20240423;101444;159.36;470;10184283268;B
20240423;101444;159.36;300;10184283269;B
20240423;101444;159.36;50;10184283270;B
20240423;101444;159.36;10;10184283271;B
20240423;101444;159.36;1260;10184283272;B
20240423;101444;159.36;1250;10184283273;B
20240423;101451;159.3;10;10184284189;S
20240423;101451;159.3;10;10184284190;S
20240423;101451;159.3;10;10184284191;S
20240423;101451;159.3;150;10184284192;S
20240423;101451;159.3;10;10184284193;S
20240423;101451;159.3;10;10184284194;S
20240423;101451;159.3;10;10184284195;S
20240423;101451;159.3;320;10184284196;S
20240423;101451;159.3;280;10184284197;S
20240423;101451;159.3;30;10184284198;S
20240423;101451;159.3;80;10184284199;S
20240423;101451;159.3;50;10184284200;S
20240423;101451;159.3;10;10184284201;S
20240423;101451;159.3;10;10184284202;S
20240423;101451;159.3;20;10184284203;S
20240423;101451;159.3;10;10184284204;S
20240423;101451;159.3;10;10184284205;S
20240423;101451;159.3;20;10184284206;S
20240423;101451;159.3;10;10184284207;S
20240423;101451;159.3;10;10184284208;S
20240423;101451;159.3;20;10184284209;S
20240423;101451;159.3;100;10184284210;S
20240423;101451;159.3;1000;10184284211;S
20240423;101451;159.3;10;10184284212;S
20240423;101451;159.3;20;10184284213;S
20240423;101451;159.3;50;10184284214;S
20240423;101451;159.3;100;10184284215;S
20240423;101451;159.3;40;10184284216;S
20240423;101451;159.3;10;10184284217;S
20240423;101451;159.3;1000;10184284218;S
20240423;101451;159.3;760;10184284219;S
20240423;101451;159.3;30;10184284292;S
20240423;101451;159.3;20;10184284338;S
20240423;101503;159.3;190;10184286632;S
20240423;101503;159.3;170;10184286633;S
20240423;101503;159.3;10;10184286634;S
20240423;101503;159.3;910;10184286635;S
20240423;101505;159.3;320;10184287077;S
20240423;101505;159.3;30;10184287078;S
20240423;101505;159.3;250;10184287079;S
20240423;101505;159.3;1440;10184287080;S
20240423;101508;159.28;100;10184287974;S
20240423;101508;159.3;200;10184288001;B
20240423;101509;159.3;30;10184288208;B
20240423;101512;159.3;20;10184288698;B
20240423;101517;159.28;190;10184289681;S
20240423;101517;159.3;10;10184289695;B
20240423;101525;159.28;710;10184291998;S
20240423;101525;159.26;40;10184291999;S
20240423;101525;159.3;1490;10184292022;B
20240423;101525;159.3;50;10184292023;B
20240423;101525;159.3;320;10184292024;B
20240423;101525;159.32;50;10184292096;B
20240423;101525;159.32;180;10184292097;B
20240423;101525;159.32;100;10184292098;B
20240423;101526;159.34;80;10184292201;B
20240423;101527;159.34;100;10184292554;S
20240423;101529;159.34;600;10184293126;S
20240423;101530;159.36;200;10184293371;B
20240423;101530;159.36;50;10184293372;B
20240423;101530;159.38;200;10184293373;B
20240423;101530;159.38;550;10184293374;B
20240423;101530;159.36;1210;10184293394;B
20240423;101530;159.36;50;10184293395;B
20240423;101530;159.36;310;10184293396;B
20240423;101530;159.38;450;10184293397;B
20240423;101530;159.38;50;10184293398;B
20240423;101530;159.38;500;10184293399;B
20240423;101530;159.38;1330;10184293400;B
20240423;101530;159.4;50;10184293401;B
20240423;101530;159.4;330;10184293402;B
20240423;101530;159.4;5720;10184293403;B
20240423;101530;159.36;50;10184293453;S
20240423;101530;159.34;20;10184293454;S
20240423;101530;159.34;50;10184293455;S
20240423;101530;159.34;310;10184293456;S
20240423;101530;159.34;170;10184293457;S
20240423;101530;159.32;50;10184293458;S
20240423;101530;159.32;4350;10184293459;S
20240423;101531;159.32;1440;10184293719;S
20240423;101531;159.32;50;10184293720;S
20240423;101531;159.32;180;10184293721;S
20240423;101531;159.3;30;10184293722;S
20240423;101535;159.34;10;10184294594;S
20240423;101535;159.38;10;10184294595;B
20240423;101537;159.34;240;10184294891;S
20240423;101537;159.34;50;10184294892;S
20240423;101537;159.34;210;10184294893;S
20240423;101541;159.38;10;10184295717;B
20240423;101554;159.38;170;10184298610;B
20240423;101554;159.38;300;10184298611;B
20240423;101554;159.38;40;10184298612;B
20240423;101554;159.4;300;10184298613;B
20240423;101554;159.42;50;10184298614;B
20240423;101554;159.42;300;10184298615;B
20240423;101554;159.44;50;10184298616;B
20240423;101554;159.44;40;10184298617;B
20240423;101601;159.34;10;10184300424;S
20240423;101601;159.34;50;10184300425;S
20240423;101601;159.34;40;10184300426;S
20240423;101602;159.32;50;10184300500;S
20240423;101602;159.32;10;10184300501;S
20240423;101602;159.32;1500;10184300502;S
20240423;101602;159.32;40;10184300503;S
20240423;101604;159.38;200;10184300903;B
20240423;101604;159.38;50;10184300904;B
20240423;101604;159.38;200;10184300905;B
20240423;101604;159.4;350;10184300906;B
20240423;101604;159.4;50;10184300907;B
20240423;101604;159.4;290;10184300908;B
20240423;101604;159.4;1260;10184300909;B
20240423;101608;159.42;40;10184302156;S
20240423;101611;159.46;60;10184302736;B
20240423;101616;159.46;20;10184303766;B
20240423;101621;159.42;10;10184304666;S
20240423;101621;159.42;340;10184304667;S
20240423;101621;159.42;200;10184304668;S
20240423;101621;159.42;1260;10184304669;S
20240423;101621;159.42;190;10184304670;S
20240423;101621;159.42;10;10184304684;S
20240423;101621;159.42;40;10184304685;S
20240423;101622;159.42;10;10184304950;S
20240423;101622;159.4;50;10184304951;S
20240423;101623;159.46;10;10184305185;B
20240423;101623;159.46;10;10184305241;B
20240423;101627;159.42;50;10184305872;S
20240423;101627;159.42;340;10184305873;S
20240423;101627;159.4;210;10184305874;S
20240423;101637;159.46;100;10184307941;B
20240423;101637;159.42;50;10184307957;S
20240423;101643;159.42;30;10184309264;B
20240423;101648;159.42;20;10184310261;B
20240423;101652;159.42;130;10184310970;B
20240423;101652;159.4;430;10184310989;S
20240423;101657;159.4;20;10184312279;S
20240423;101658;159.42;20;10184312485;B
20240423;101659;159.42;10;10184312611;B
20240423;101702;159.42;90;10184313388;B
20240423;101702;159.44;10;10184313389;B
20240423;101703;159.42;50;10184313614;S
20240423;101703;159.4;1190;10184313615;S
20240423;101705;159.42;50;10184314155;S
20240423;101705;159.42;10;10184314156;S
20240423;101705;159.4;140;10184314157;S
20240423;101706;159.42;50;10184314283;S
20240423;101706;159.4;70;10184314284;S
20240423;101715;159.44;100;10184315735;B
20240423;101723;159.42;50;10184316792;S
20240423;101723;159.4;450;10184316793;S
20240423;101725;159.42;50;10184317044;S
20240423;101726;159.4;100;10184317250;S
20240423;101727;159.4;100;10184317319;S
20240423;101727;159.4;30;10184317356;S
20240423;101729;159.42;10;10184317543;B
20240423;101729;159.42;10;10184317564;B
20240423;101738;159.4;400;10184318744;S
20240423;101738;159.46;10;10184318755;B
20240423;101742;159.44;10;10184319184;S
20240423;101742;159.44;10;10184319185;S
20240423;101748;159.46;10;10184320499;B
20240423;101749;159.42;680;10184320687;S
20240423;101758;159.46;20;10184322031;B
20240423;101758;159.46;110;10184322035;B
20240423;101758;159.46;340;10184322036;B
20240423;101802;159.46;1420;10184322945;B
20240423;101802;159.46;200;10184322946;B
20240423;101802;159.46;10;10184322947;B
20240423;101802;159.46;1520;10184323074;B
20240423;101803;159.46;10;10184323212;B
20240423;101804;159.46;500;10184323385;B
20240423;101806;159.44;200;10184323657;S
20240423;101806;159.44;300;10184323658;S
20240423;101806;159.46;500;10184323661;B
20240423;101806;159.46;20;10184323728;B
20240423;101809;159.46;20;10184324123;B
20240423;101812;159.44;230;10184324563;S
20240423;101816;159.44;20;10184325295;S
20240423;101820;159.46;10;10184325956;B
20240423;101826;159.46;1000;10184326713;B
20240423;101826;159.46;10;10184326763;B
20240423;101828;159.46;40;10184326954;B
20240423;101836;159.46;150;10184328225;B
20240423;101837;159.46;200;10184328291;B
20240423;101838;159.46;230;10184328442;B
20240423;101842;159.46;1500;10184328891;B
20240423;101843;159.46;20;10184329073;B
20240423;101845;159.44;70;10184329385;S
20240423;101846;159.46;6950;10184329516;B
20240423;101846;159.46;10;10184329566;B
20240423;101847;159.46;10;10184329718;B
20240423;101849;159.46;10;10184329918;B
20240423;101851;159.46;90;10184330291;B
20240423;101853;159.44;400;10184330456;S
20240423;101903;159.46;10;10184331869;B
20240423;101904;159.46;10;10184332154;B
20240423;101907;159.46;10;10184332608;B
20240423;101908;159.46;10;10184332731;B
20240423;101909;159.46;10;10184332930;B
20240423;101909;159.46;10;10184332982;B
20240423;101910;159.46;30;10184333033;B
20240423;101910;159.46;20;10184333128;B
20240423;101916;159.46;990;10184334408;B
20240423;101916;159.46;10;10184334409;B
20240423;101921;159.46;230;10184335044;B
20240423;101924;159.44;450;10184335486;S
20240423;101924;159.44;1570;10184335487;S
20240423;101924;159.44;1260;10184335488;S
20240423;101924;159.44;220;10184335489;S
20240423;101924;159.46;10;10184335587;B
20240423;101928;159.46;10;10184336154;B
20240423;101929;159.46;20;10184336266;B
20240423;101929;159.46;70;10184336408;B
20240423;101929;159.46;30;10184336409;B
20240423;101929;159.46;70;10184336582;B
20240423;101929;159.46;30;10184336583;B
20240423;101930;159.46;100;10184336849;B
20240423;101931;159.46;100;10184336942;B
20240423;101933;159.46;10;10184337326;B
20240423;101935;159.46;200;10184337712;B
20240423;101938;159.44;10;10184338497;S
20240423;101938;159.46;10;10184338554;B
20240423;101939;159.44;10;10184338990;S
20240423;101941;159.46;10;10184339363;B
20240423;101941;159.46;80;10184339454;B
20240423;101941;159.46;20;10184339624;B
20240423;101942;159.44;10;10184339882;S
20240423;101942;159.44;40;10184339883;S
20240423;101943;159.46;10;10184339955;B
20240423;101945;159.44;10;10184340575;S
20240423;101947;159.44;100;10184340810;S
20240423;101947;159.46;30;10184340858;B
20240423;101948;159.46;10;10184341055;B
20240423;101949;159.46;30;10184341160;B
20240423;101949;159.46;50;10184341207;B
20240423;101949;159.46;10;10184341254;B
20240423;101950;159.46;30;10184341310;B
20240423;101951;159.46;10;10184341509;B
20240423;101953;159.46;10;10184341696;B
20240423;101953;159.46;10;10184341710;B
20240423;101955;159.46;30;10184342066;B
20240423;101958;159.46;10;10184342579;B
20240423;101959;159.44;100;10184342752;S
20240423;102001;159.44;10;10184343165;S
20240423;102001;159.42;10;10184343166;S
20240423;102001;159.42;280;10184343167;S
20240423;102001;159.42;10;10184343168;S
20240423;102001;159.42;150;10184343169;S
20240423;102001;159.42;50;10184343170;S
20240423;102001;159.42;440;10184343171;S
20240423;102001;159.42;10;10184343172;S
20240423;102001;159.42;3500;10184343173;S
20240423;102001;159.4;4790;10184343174;S
20240423;102002;159.4;4230;10184343324;S
20240423;102007;159.44;150;10184344109;B
20240423;102007;159.44;1520;10184344110;B
20240423;102007;159.44;1080;10184344328;B
20240423;102007;159.46;200;10184344329;B
20240423;102007;159.46;390;10184344330;B
20240423;102008;159.46;1650;10184344433;B
20240423;102008;159.46;1530;10184344529;B
20240423;102008;159.46;1530;10184344645;B
20240423;102029;159.42;100;10184349470;S
20240423;102030;159.44;450;10184349744;B
20240423;102035;159.44;10;10184353991;B
20240423;102038;159.42;510;10184354692;S
20240423;102038;159.42;1570;10184354693;S
20240423;102038;159.42;1260;10184354694;S
20240423;102038;159.42;20;10184354695;S
20240423;102038;159.4;140;10184354696;S
20240423;102044;159.44;10;10184356716;B
20240423;102046;159.44;10;10184357084;B
20240423;102050;159.44;10;10184359518;B
20240423;102056;159.42;1570;10184360920;S
20240423;102056;159.42;1260;10184360921;S
20240423;102056;159.42;20;10184360922;S
20240423;102056;159.42;530;10184360923;S
20240423;102056;159.42;20;10184360933;B
20240423;102056;159.42;20;10184360938;B
20240423;102056;159.42;20;10184360941;B
20240423;102056;159.42;20;10184360952;B
20240423;102056;159.42;20;10184360955;B
20240423;102056;159.42;20;10184360963;B
20240423;102056;159.42;10;10184360970;B
20240423;102057;159.42;100;10184361749;B
20240423;102057;159.42;50;10184362115;B
20240423;102107;159.42;70;10184364667;B
20240423;102107;159.4;1380;10184364725;S
20240423;102110;159.4;200;10184366107;S
20240423;102112;159.42;600;10184366270;B
20240423;102115;159.42;20;10184367296;B
20240423;102119;159.4;2400;10184368809;S
20240423;102124;159.42;710;10184369857;B
20240423;102127;159.42;10;10184370112;B
20240423;102127;159.42;930;10184370199;B
20240423;102127;159.44;530;10184370200;B
20240423;102127;159.44;3540;10184370201;B
20240423;102129;159.46;20;10184371395;B
20240423;102132;159.46;150;10184372377;B
20240423;102140;159.46;180;10184373914;B
20240423;102141;159.46;2400;10184374844;B
20240423;102143;159.42;1570;10184374984;S
20240423;102143;159.42;530;10184374985;S
20240423;102203;159.44;1570;10184383652;S
20240423;102203;159.44;430;10184383653;S
20240423;102204;159.44;1340;10184383837;S
20240423;102205;159.46;60;10184384151;B
20240423;102206;159.46;50;10184384629;B
20240423;102211;159.44;20;10184386020;S
20240423;102212;159.46;10;10184386689;B
20240423;102214;159.44;30;10184387666;S
20240423;102215;159.46;10;10184387851;B
20240423;102216;159.44;70;10184388086;S
20240423;102217;159.46;50;10184388256;B
20240423;102222;159.44;250;10184390434;S
20240423;102224;159.46;60;10184390907;B
20240423;102225;159.46;400;10184391779;B
20240423;102230;159.46;100;10184394315;B
20240423;102232;159.46;20;10184395098;B
20240423;102233;159.46;10;10184395322;B
20240423;102238;159.46;10;10184397054;B
20240423;102244;159.46;10;10184399314;B
20240423;102245;159.46;120;10184399459;B
20240423;102255;159.46;10;10184404585;B
20240423;102256;159.46;50;10184405200;B
20240423;102257;159.46;10;10184405402;B
20240423;102258;159.46;20;10184405657;B
20240423;102300;159.46;10;10184406064;B
20240423;102300;159.46;10;10184406082;B
20240423;102303;159.46;5000;10184408253;B
20240423;102304;159.46;10;10184408272;B
20240423;102304;159.46;20;10184408355;B
20240423;102311;159.46;30;10184410458;B
20240423;102312;159.44;10;10184410811;S
20240423;102313;159.46;20;10184410956;B
20240423;102315;159.46;10;10184411321;B
20240423;102319;159.46;10;10184412997;B
20240423;102326;159.46;10;10184413805;B
20240423;102329;159.46;10;10184414958;B
20240423;102331;159.46;10;10184416190;B
20240423;102333;159.46;60;10184416759;B
20240423;102334;159.46;10;10184416775;B
20240423;102343;159.44;500;10184418845;S
20240423;102347;159.46;500;10184420807;B
20240423;102351;159.46;40;10184421409;B
20240423;102352;159.44;500;10184421444;S
20240423;102401;159.42;1560;10184424894;S
20240423;102401;159.42;390;10184424895;S
20240423;102402;159.42;800;10184425109;S
20240423;102402;159.42;1930;10184425110;S
20240423;102404;159.44;300;10184425517;B
20240423;102406;159.44;10;10184426142;B
20240423;102408;159.44;10;10184426855;B
20240423;102410;159.42;1070;10184427679;S
20240423;102410;159.42;10;10184427680;S
20240423;102410;159.42;10;10184427681;S
20240423;102410;159.42;590;10184427682;S
20240423;102410;159.42;200;10184427683;S
20240423;102412;159.4;10;10184428336;S
20240423;102413;159.42;10;10184428433;B
20240423;102414;159.42;10;10184428498;B
20240423;102418;159.42;10;10184429080;B
20240423;102420;159.4;90;10184429457;S
20240423;102420;159.4;10;10184429458;S
20240423;102420;159.4;30;10184429459;S
20240423;102420;159.4;100;10184429460;S
20240423;102420;159.4;10;10184429461;S
20240423;102420;159.4;10;10184429462;S
20240423;102420;159.4;1510;10184429463;S
20240423;102420;159.4;60;10184429464;S
20240423;102420;159.4;50;10184429465;S
20240423;102420;159.4;160;10184429466;S
20240423;102420;159.4;50;10184429467;S
20240423;102420;159.4;440;10184429468;S
20240423;102423;159.4;40;10184430777;S
20240423;102424;159.42;10;10184430940;B
20240423;102426;159.4;420;10184433283;S
20240423;102426;159.4;230;10184433284;S
20240423;102429;159.4;470;10184433994;S
20240423;102429;159.4;210;10184433995;S
20240423;102429;159.4;30;10184433996;S
20240423;102429;159.4;10;10184433997;S
20240423;102429;159.4;700;10184433998;S
20240423;102429;159.4;3580;10184433999;S
20240423;102429;159.4;30;10184434030;S
20240423;102429;159.42;10;10184434094;B
20240423;102438;159.4;5000;10184436412;S
20240423;102453;159.4;2500;10184442622;S
20240423;102454;159.4;20;10184442964;S
20240423;102500;159.42;10;10184446384;B
20240423;102501;159.4;1380;10184446786;S
20240423;102501;159.4;190;10184446790;S
20240423;102501;159.4;10;10184446791;S
20240423;102505;159.42;10;10184448036;B
20240423;102509;159.42;10;10184449548;B
20240423;102511;159.42;100;10184449973;B
20240423;102511;159.4;100;10184450045;S
20240423;102512;159.42;10;10184451212;B
20240423;102512;159.42;10;10184451412;B
20240423;102513;159.4;90;10184452634;S
20240423;102513;159.4;100;10184452635;S
20240423;102513;159.4;10;10184452636;S
20240423;102515;159.4;10;10184453261;B
20240423;102515;159.4;10;10184453323;B
20240423;102515;159.4;30;10184453421;B
20240423;102517;159.38;150;10184454223;S
20240423;102517;159.38;10;10184454224;S
20240423;102517;159.38;10;10184454225;S
20240423;102517;159.38;30;10184454226;S
20240423;102517;159.38;140;10184454264;S
20240423;102517;159.38;20;10184454265;S
20240423;102517;159.36;10;10184454266;S
20240423;102517;159.36;830;10184454267;S
20240423;102517;159.36;100;10184454360;S
20240423;102518;159.38;10;10184454659;B
20240423;102519;159.38;40;10184454877;B
20240423;102519;159.38;30;10184454878;B
20240423;102520;159.36;100;10184455165;S
20240423;102520;159.38;10000;10184455240;B
20240423;102521;159.38;10;10184455734;B
20240423;102523;159.38;50;10184456463;B
20240423;102523;159.38;10;10184456529;B
20240423;102524;159.38;10;10184456702;B
20240423;102524;159.36;30;10184456813;S
20240423;102526;159.38;20;10184458136;B
20240423;102531;159.38;10;10184460205;B
20240423;102531;159.36;20;10184460209;S
20240423;102531;159.36;100;10184460349;S
20240423;102531;159.38;60;10184460388;B
20240423;102532;159.38;300;10184460476;B
20240423;102534;159.38;10;10184460922;B
20240423;102535;159.38;10;10184461074;B
20240423;102537;159.38;700;10184462313;B
20240423;102539;159.38;10;10184463158;B
20240423;102546;159.38;10;10184464751;B
20240423;102554;159.38;10;10184467151;B
20240423;102557;159.36;10;10184467575;S
20240423;102557;159.38;10;10184467691;B
20240423;102558;159.38;10;10184468235;B
20240423;102601;159.36;1080;10184469817;S
20240423;102604;159.38;20;10184470220;B
20240423;102604;159.38;10;10184470228;B
20240423;102605;159.38;60;10184470630;B
20240423;102606;159.38;70;10184470678;B
20240423;102607;159.38;60;10184470897;B
20240423;102610;159.38;40;10184472321;B
20240423;102611;159.38;10;10184472533;B
20240423;102611;159.38;570;10184472631;B
20240423;102613;159.38;10;10184473259;B
20240423;102613;159.38;10;10184473295;B
20240423;102615;159.38;10;10184473689;B
20240423;102617;159.36;1280;10184473870;S
20240423;102617;159.36;50;10184473871;S
20240423;102617;159.36;10;10184473872;S
20240423;102617;159.36;10;10184473873;S
20240423;102617;159.34;50;10184473874;S
20240423;102617;159.32;20;10184473875;S
20240423;102617;159.32;40;10184473876;S
20240423;102617;159.32;30;10184473877;S
20240423;102617;159.32;150;10184473878;S
20240423;102617;159.32;50;10184473879;S
20240423;102617;159.32;230;10184473880;S
20240423;102617;159.3;580;10184473881;S
20240423;102617;159.34;150;10184473903;B
20240423;102617;159.34;50;10184473904;B
20240423;102617;159.34;10;10184473907;B
20240423;102631;159.34;140;10184477615;B
20240423;102631;159.36;50;10184477616;B
20240423;102631;159.36;600;10184477617;B
20240423;102631;159.38;280;10184477618;B
20240423;102631;159.38;250;10184477619;B
20240423;102631;159.38;1570;10184477620;B
20240423;102631;159.38;50;10184477621;B
20240423;102631;159.38;1260;10184477622;B
20240423;102631;159.4;1350;10184477623;B
20240423;102631;159.4;2810;10184477624;B
20240423;102631;159.4;1400;10184477625;B
20240423;102631;159.4;50;10184477626;B
20240423;102653;159.42;150;10184484618;B
20240423;102655;159.42;20;10184485234;B
20240423;102701;159.4;190;10184486313;S
20240423;102702;159.38;60;10184486579;B
20240423;102703;159.36;50;10184486648;B
20240423;102703;159.38;40;10184486649;B
20240423;102703;159.38;10;10184486650;B
20240423;102704;159.36;50;10184486731;B
20240423;102704;159.38;10;10184486742;B
20240423;102706;159.38;500;10184488091;B
20240423;102707;159.36;20;10184488300;S
20240423;102713;159.38;500;10184490157;B
20240423;102717;159.36;480;10184491910;S
20240423;102719;159.38;720;10184492173;B
20240423;102719;159.38;1570;10184492174;B
20240423;102719;159.38;50;10184492175;B
20240423;102719;159.4;10;10184492176;B
20240423;102719;159.4;1450;10184492177;B
20240423;102719;159.4;1380;10184492178;B
20240423;102719;159.4;50;10184492179;B
20240423;102719;159.4;590;10184492180;B
20240423;102719;159.4;10;10184492181;B
20240423;102723;159.42;150;10184493884;B
20240423;102723;159.42;10;10184493887;B
20240423;102730;159.4;10;10184494998;S
20240423;102730;159.4;1650;10184495586;S
20240423;102735;159.42;10;10184497577;B
20240423;102742;159.4;200;10184499321;S
20240423;102743;159.4;310;10184499415;S
20240423;102743;159.4;10;10184499416;S
20240423;102746;159.4;10;10184500189;B
20240423;102753;159.38;20;10184502909;S
20240423;102755;159.4;160;10184503148;B
20240423;102759;159.4;30;10184503663;B
20240423;102759;159.4;200;10184503664;B
20240423;102759;159.42;20;10184503667;B
20240423;102800;159.42;10;10184503863;B
20240423;102801;159.4;370;10184504885;S
20240423;102814;159.4;50;10184507773;B
20240423;102815;159.38;130;10184508089;S
20240423;102815;159.38;40;10184508090;S
20240423;102815;159.38;20;10184508091;S
20240423;102815;159.38;20;10184508092;S
20240423;102815;159.34;50;10184508093;S
20240423;102815;159.34;60;10184508094;S
20240423;102826;159.34;150;10184509471;S
20240423;102826;159.34;10;10184509472;S
20240423;102826;159.34;590;10184509473;S
20240423;102826;159.32;580;10184509474;S
20240423;102826;159.32;20;10184509475;S
20240423;102838;159.38;20;10184510848;B
20240423;102841;159.34;50;10184511192;S
20240423;102841;159.34;60;10184511193;S
20240423;102841;159.38;30;10184511246;B
20240423;102850;159.38;10;10184512160;B
20240423;102851;159.36;10;10184512307;S
20240423;102858;159.38;10;10184513249;B
20240423;102859;159.36;580;10184513393;S
20240423;102859;159.36;1050;10184513394;S
20240423;102912;159.34;1670;10184515181;S
20240423;102912;159.34;1660;10184515267;S
20240423;102913;159.34;600;10184515298;S
20240423;102913;159.34;2470;10184515428;S
20240423;102919;159.36;50;10184516243;B
20240423;102924;159.34;1670;10184516737;S
20240423;102924;159.36;10;10184516884;B
20240423;102929;159.34;100;10184517471;S
20240423;102930;159.34;50;10184517669;S
20240423;102931;159.36;10;10184517721;B
20240423;102934;159.36;10;10184518056;B
20240423;102934;159.36;10;10184518057;B
20240423;102936;159.38;30;10184518213;B
20240423;102939;159.36;10;10184518599;B
20240423;102939;159.36;10;10184518615;B
20240423;102940;159.34;1670;10184518693;S
20240423;102941;159.36;10;10184518766;B
20240423;102944;159.34;10;10184519025;S
20240423;102945;159.34;100;10184519261;S
20240423;102945;159.34;10;10184519262;S
20240423;102945;159.34;100;10184519263;S
20240423;102945;159.34;1460;10184519264;S
20240423;102948;159.34;10;10184519654;S
20240423;102951;159.34;1670;10184520020;S
20240423;102952;159.34;400;10184520094;S
20240423;103004;159.34;300;10184521571;S
20240423;103004;159.34;1400;10184521604;S
20240423;103004;159.34;750;10184521636;S
20240423;103004;159.34;1270;10184521637;S
20240423;103004;159.34;540;10184521638;S
20240423;103004;159.34;1360;10184521641;S
20240423;103007;159.36;20;10184521957;B
20240423;103011;159.36;10;10184522297;B
20240423;103014;159.34;120;10184522644;S
20240423;103014;159.36;40;10184522738;B
20240423;103014;159.36;20;10184522739;B
20240423;103016;159.36;50;10184523038;B
20240423;103016;159.36;260;10184523039;B
20240423;103018;159.34;700;10184523253;S
20240423;103023;159.36;10;10184523940;B
20240423;103023;159.36;50;10184523991;B
20240423;103025;159.34;20;10184524149;S
20240423;103025;159.32;10;10184524150;S
20240423;103028;159.34;550;10184524481;B
20240423;103032;159.34;1260;10184524798;B
20240423;103032;159.36;50;10184524799;B
20240423;103032;159.36;590;10184524800;B
20240423;103034;159.36;1190;10184525043;B
20240423;103041;159.36;20;10184526361;S
20240423;103041;159.36;500;10184526497;S
20240423;103049;159.38;50;10184529033;B
20240423;103049;159.38;10;10184529034;B
20240423;103049;159.4;10;10184529035;B
20240423;103049;159.4;130;10184529036;B
20240423;103050;159.38;40;10184529250;S
20240423;103055;159.38;10;10184530749;S
20240423;103055;159.36;20;10184530750;S
20240423;103058;159.4;10;10184531796;B
20240423;103100;159.4;10;10184532108;B
20240423;103101;159.4;60;10184532505;B
20240423;103108;159.4;10;10184534294;B
20240423;103108;159.36;50;10184534387;S
20240423;103108;159.36;10;10184534388;S
20240423;103108;159.36;150;10184534389;S
20240423;103108;159.36;90;10184534390;S
20240423;103109;159.4;10;10184534556;B
20240423;103113;159.36;100;10184535351;S
20240423;103113;159.36;80;10184535378;S
20240423;103117;159.4;10;10184536095;B
20240423;103119;159.4;650;10184536285;B
20240423;103124;159.4;20;10184537513;B
20240423;103124;159.38;10;10184537528;S
20240423;103126;159.4;20;10184538205;B
20240423;103130;159.4;460;10184538842;B
20240423;103130;159.4;10;10184538843;B
20240423;103130;159.4;1000;10184538844;B
20240423;103130;159.4;150;10184538845;B
20240423;103130;159.4;40;10184538846;B
20240423;103130;159.4;20;10184539004;B
20240423;103133;159.4;120;10184539439;B
20240423;103137;159.4;120;10184540136;B
20240423;103138;159.4;10;10184540345;B
20240423;103140;159.4;10;10184540630;B
20240423;103142;159.4;200;10184541541;B
20240423;103147;159.4;1050;10184542279;B
20240423;103147;159.4;460;10184542280;B
20240423;103147;159.4;30;10184542281;B
20240423;103148;159.4;20;10184542433;S
20240423;103150;159.42;10;10184542683;B
20240423;103150;159.42;10;10184542699;B
20240423;103155;159.42;10;10184543304;B
20240423;103155;159.42;10;10184543317;B
20240423;103155;159.42;50;10184543356;B
20240423;103156;159.42;10;10184543399;B
20240423;103200;159.42;10;10184543991;B
20240423;103200;159.42;10;10184543996;B
20240423;103201;159.4;1410;10184544137;S
20240423;103207;159.42;10;10184545028;B
20240423;103212;159.4;40;10184545630;S
20240423;103214;159.42;10;10184545826;B
20240423;103215;159.42;150;10184545967;B
20240423;103216;159.42;140;10184546148;B
20240423;103217;159.42;80;10184546386;B
20240423;103223;159.42;10;10184547016;B
20240423;103224;159.42;50;10184547159;B
20240423;103229;159.4;10;10184547954;S
20240423;103233;159.4;300;10184548588;S
20240423;103235;159.42;100;10184548771;B
20240423;103236;159.42;10;10184548863;B
20240423;103240;159.42;20;10184549585;B
20240423;103244;159.4;40;10184550139;S
20240423;103248;159.42;10;10184551702;B
20240423;103248;159.42;20;10184551855;B
20240423;103253;159.42;30;10184552747;B
20240423;103305;159.42;10;10184554731;B
20240423;103305;159.4;1400;10184554915;S
20240423;103307;159.4;1120;10184555402;S
20240423;103308;159.4;100;10184555526;S
20240423;103313;159.42;130;10184556735;B
20240423;103316;159.42;90;10184557765;B
20240423;103323;159.4;410;10184559357;S
20240423;103325;159.4;100;10184559578;S
20240423;103329;159.42;20;10184560252;B
20240423;103329;159.42;90;10184560266;B
20240423;103339;159.42;10;10184561259;B
20240423;103340;159.4;310;10184561354;S
20240423;103343;159.42;10;10184561629;B
20240423;103348;159.42;10;10184562307;B
20240423;103348;159.4;50;10184562435;S
20240423;103349;159.4;920;10184562615;S
20240423;103349;159.4;560;10184562616;S
20240423;103349;159.4;20;10184562617;S
20240423;103349;159.4;150;10184562618;S
20240423;103349;159.4;250;10184562619;S
20240423;103349;159.4;100;10184562620;S
20240423;103353;159.42;50;10184563317;B
20240423;103356;159.42;80;10184563644;B
20240423;103402;159.42;100;10184564426;B
20240423;103403;159.4;400;10184564561;S
20240423;103403;159.4;10;10184564562;S
20240423;103403;159.4;10;10184564563;S
20240423;103403;159.4;10;10184564564;B
20240423;103403;159.4;10;10184564650;B
20240423;103406;159.4;70;10184565042;B
20240423;103407;159.38;10;10184565323;S
20240423;103409;159.4;20;10184565637;B
20240423;103410;159.4;10;10184565751;B
20240423;103410;159.4;10;10184565802;B
20240423;103411;159.38;10;10184565882;S
20240423;103416;159.4;10;10184566783;B
20240423;103417;159.4;20;10184566957;B
20240423;103420;159.38;80;10184567321;S
20240423;103420;159.38;90;10184567322;S
20240423;103420;159.38;1430;10184567323;S
20240423;103420;159.36;1000;10184567324;S
20240423;103420;159.36;150;10184567325;S
20240423;103420;159.36;10;10184567326;S
20240423;103420;159.36;10;10184567327;S
20240423;103420;159.36;230;10184567328;S
20240423;103421;159.36;700;10184567445;S
20240423;103439;159.36;300;10184570310;S
20240423;103439;159.36;3200;10184570311;S
20240423;103440;159.36;200;10184570478;S
20240423;103440;159.36;100;10184570514;S
20240423;103440;159.34;200;10184570515;S
20240423;103443;159.4;420;10184570774;B
20240423;103443;159.4;80;10184570775;B
20240423;103447;159.4;1000;10184571460;B
20240423;103447;159.4;10;10184571509;B
20240423;103448;159.4;10;10184571610;B
20240423;103448;159.4;140;10184571617;B
20240423;103448;159.4;20;10184571618;B
20240423;103449;159.38;50;10184571796;S
20240423;103449;159.38;40;10184571797;S
20240423;103449;159.38;10;10184571798;S
20240423;103449;159.38;20;10184571875;S
20240423;103450;159.4;10;10184571906;B
20240423;103451;159.38;30;10184572137;S
20240423;103451;159.36;50;10184572138;S
20240423;103451;159.36;120;10184572139;S
20240423;103452;159.36;200;10184572244;S
20240423;103452;159.36;200;10184572448;S
20240423;103452;159.36;200;10184572459;S
20240423;103455;159.4;10;10184572927;B
20240423;103456;159.38;10;10184573054;S
20240423;103456;159.38;150;10184573055;S
20240423;103456;159.36;2790;10184573056;S
20240423;103458;159.4;290;10184573604;B
20240423;103458;159.4;10;10184573627;B
20240423;103500;159.4;10;10184573967;B
20240423;103505;159.4;10;10184574665;B
20240423;103507;159.4;140;10184574891;B
20240423;103509;159.36;100;10184575083;S
20240423;103510;159.4;60;10184575196;B
20240423;103512;159.4;30;10184575444;B
20240423;103515;159.4;10;10184575726;B
20240423;103515;159.4;10;10184575792;B
20240423;103520;159.4;10;10184576542;B
20240423;103521;159.4;50;10184576650;B
20240423;103527;159.4;10;10184577241;B
20240423;103545;159.36;1000;10184580214;S
20240423;103547;159.4;20;10184580500;B
20240423;103547;159.4;20;10184580593;B
20240423;103547;159.4;10;10184580594;B
20240423;103554;159.38;10;10184581813;B
20240423;103556;159.36;10;10184582395;S
20240423;103559;159.38;20;10184583200;B
20240423;103559;159.4;300;10184583201;B
20240423;103601;159.4;360;10184583727;B
20240423;103602;159.36;10;10184583885;S
20240423;103602;159.4;10;10184583966;B
20240423;103605;159.4;10;10184584649;B
20240423;103608;159.38;10;10184585433;S
20240423;103608;159.36;20;10184585434;S
20240423;103609;159.36;10;10184585771;S
20240423;103609;159.4;10;10184585785;B
20240423;103612;159.4;420;10184586205;B
20240423;103612;159.4;740;10184586206;B
20240423;103614;159.4;30;10184586838;B
20240423;103616;159.38;10;10184587152;S
20240423;103621;159.4;990;10184587811;B
20240423;103621;159.4;10;10184587812;B
20240423;103623;159.4;30;10184588066;B
20240423;103625;159.4;100;10184588360;B
20240423;103628;159.4;10;10184588612;B
20240423;103630;159.4;40;10184588959;B
20240423;103635;159.4;930;10184589537;B
20240423;103635;159.4;10;10184589538;B
20240423;103635;159.4;1200;10184589539;B
20240423;103635;159.42;40;10184589540;B
20240423;103640;159.42;10;10184590172;B
20240423;103640;159.42;10;10184590186;B
20240423;103640;159.42;10;10184590232;B
20240423;103643;159.42;10;10184590768;B
20240423;103655;159.42;510;10184593073;B
20240423;103656;159.42;10;10184593131;B
20240423;103656;159.42;330;10184593137;B
20240423;103700;159.42;2640;10184593654;B
20240423;103700;159.4;1420;10184593707;S
20240423;103703;159.42;20;10184593909;B
20240423;103703;159.42;20;10184593924;B
20240423;103707;159.42;70;10184594349;B
20240423;103710;159.42;30;10184594655;B
20240423;103713;159.4;10;10184594868;S
20240423;103717;159.42;10;10184595184;B
20240423;103719;159.4;4500;10184595388;S
20240423;103720;159.4;300;10184595427;S
20240423;103720;159.4;60;10184595454;S
20240423;103722;159.4;20;10184595574;S
20240423;103726;159.42;30;10184595892;B
20240423;103727;159.42;120;10184596012;B
20240423;103734;159.42;20;10184596800;B
20240423;103737;159.42;100;10184597078;B
20240423;103743;159.42;450;10184597600;B
20240423;103744;159.42;10;10184597692;B
20240423;103746;159.42;500;10184597854;B
20240423;103747;159.42;1240;10184597898;B
20240423;103747;159.42;770;10184597899;B
20240423;103749;159.42;20;10184598132;B
20240423;103754;159.4;30;10184598468;S
20240423;103800;159.42;80;10184599044;B
20240423;103800;159.42;50;10184599105;B
20240423;103801;159.4;1430;10184599157;S
20240423;103806;159.42;20;10184599864;B
20240423;103809;159.42;10;10184600131;B
20240423;103810;159.42;100;10184600191;B
20240423;103812;159.42;10;10184600404;B
20240423;103816;159.42;10;10184600717;B
20240423;103817;159.42;20;10184600802;B
20240423;103818;159.4;40;10184601041;S
20240423;103820;159.42;10;10184601165;B
20240423;103820;159.42;10;10184601250;B
20240423;103826;159.42;600;10184601819;B
20240423;103827;159.42;310;10184601844;B
20240423;103827;159.42;1350;10184601845;B
20240423;103830;159.42;10;10184602316;B
20240423;103837;159.42;940;10184602934;B
20240423;103841;159.42;300;10184603251;B
20240423;103842;159.4;10;10184603296;S
20240423;103845;159.42;400;10184603550;B
20240423;103845;159.42;200;10184603551;B
20240423;103845;159.42;400;10184603552;B
20240423;103848;159.4;40;10184603748;S
20240423;103848;159.4;10;10184603749;S
20240423;103851;159.42;50;10184603980;B
20240423;103858;159.4;170;10184604771;S
20240423;103858;159.4;50;10184604772;S
20240423;103858;159.4;600;10184604773;S
20240423;103858;159.38;50;10184604774;S
20240423;103858;159.38;750;10184604775;S
20240423;103859;159.4;70;10184604837;B
20240423;103900;159.38;400;10184604989;S
20240423;103902;159.4;60;10184605269;B
20240423;103904;159.4;70;10184605455;B
20240423;103908;159.4;130;10184605868;B
20240423;103918;159.38;20;10184608124;S
20240423;103923;159.4;20;10184608703;B
20240423;103925;159.38;30;10184608963;S
20240423;103925;159.38;10;10184608964;S
20240423;103925;159.38;160;10184608965;S
20240423;103925;159.38;30;10184608988;S
20240423;103925;159.38;590;10184608989;S
20240423;103925;159.38;10;10184608990;S
20240423;103926;159.36;200;10184609039;S
20240423;103926;159.36;140;10184609051;S
20240423;103926;159.36;60;10184609052;S
20240423;103927;159.36;10;10184609065;S
20240423;103927;159.36;100;10184609066;S
20240423;103927;159.36;10;10184609067;S
20240423;103927;159.36;40;10184609068;S
20240423;103927;159.36;40;10184609069;S
20240423;103928;159.38;60;10184609119;B
20240423;103928;159.36;10;10184609170;S
20240423;103929;159.38;30;10184609257;B
20240423;103931;159.36;200;10184609431;S
20240423;103931;159.36;200;10184609474;S
20240423;103932;159.38;20;10184609537;B
20240423;103932;159.36;50;10184609557;S
20240423;103932;159.36;10;10184609558;S
20240423;103932;159.36;590;10184609559;S
20240423;103932;159.34;18550;10184609560;S
20240423;103932;159.36;30;10184609561;B
20240423;103934;159.36;20;10184609681;B
20240423;103935;159.36;740;10184609763;B
20240423;103935;159.34;210;10184609808;S
20240423;103936;159.34;100;10184609901;S
20240423;103945;159.36;10;10184610573;B
20240423;103952;159.36;50;10184611149;B
20240423;103952;159.36;660;10184611150;B
20240423;103957;159.36;10;10184611528;B
20240423;103958;159.34;940;10184611627;S
20240423;103958;159.34;60;10184611628;S
20240423;104000;159.34;10;10184611793;S
20240423;104000;159.34;330;10184611818;S
20240423;104000;159.34;2510;10184611819;S
20240423;104002;159.34;10;10184611963;S
20240423;104003;159.36;10;10184612016;B
20240423;104005;159.34;480;10184612207;S
20240423;104005;159.34;10;10184612208;S
20240423;104005;159.34;10;10184612209;S
20240423;104009;159.34;10;10184612532;B
20240423;104023;159.34;410;10184613683;B
20240423;104025;159.32;40;10184613895;S
20240423;104025;159.32;60;10184613896;S
20240423;104028;159.34;150;10184614042;B
20240423;104028;159.34;570;10184614043;B
20240423;104029;159.34;10;10184614135;B
20240423;104031;159.34;20;10184614385;B
20240423;104032;159.32;20;10184614456;S
20240423;104034;159.34;20;10184614619;B
20240423;104042;159.3;40;10184615255;S
20240423;104054;159.32;250;10184616128;B
20240423;104054;159.32;580;10184616129;B
20240423;104054;159.32;2020;10184616130;B
20240423;104054;159.34;60;10184616131;B
20240423;104054;159.34;3150;10184616132;B
20240423;104054;159.34;3890;10184616133;B
20240423;104054;159.34;50;10184616134;B
20240423;104056;159.34;60;10184616283;B
20240423;104100;159.32;10;10184616627;S
20240423;104100;159.34;80;10184616633;B
20240423;104100;159.34;900;10184616634;B
20240423;104101;159.32;40;10184616700;S
20240423;104101;159.3;490;10184616701;S
20240423;104101;159.3;50;10184616702;S
20240423;104101;159.3;10;10184616703;S
20240423;104101;159.3;10;10184616704;S
20240423;104101;159.3;100;10184616705;S
20240423;104101;159.3;10;10184616706;S
20240423;104101;159.3;10;10184616707;S
20240423;104101;159.3;100;10184616708;S
20240423;104101;159.3;10;10184616709;S
20240423;104101;159.3;10;10184616710;S
20240423;104101;159.3;610;10184616711;S
20240423;104101;159.34;1050;10184616718;B
20240423;104101;159.34;8950;10184616719;B
20240423;104105;159.34;10;10184617076;B
20240423;104110;159.3;10;10184617529;S
20240423;104110;159.34;10;10184617591;B
20240423;104113;159.34;9030;10184617892;B
20240423;104113;159.34;970;10184617893;B
20240423;104114;159.32;50;10184617924;S
20240423;104114;159.3;1380;10184617925;S
20240423;104114;159.3;100;10184617926;S
20240423;104114;159.3;10;10184617927;S
20240423;104114;159.3;10;10184617928;S
20240423;104114;159.3;450;10184617929;S
20240423;104118;159.34;190;10184618261;B
20240423;104118;159.34;160;10184618262;B
20240423;104125;159.34;1070;10184619015;B
20240423;104125;159.34;210;10184619016;B
20240423;104130;159.34;100;10184619474;B
20240423;104133;159.3;20;10184619736;S
20240423;104134;159.34;60;10184620029;B
20240423;104138;159.34;10;10184620375;B
20240423;104139;159.3;30;10184620468;S
20240423;104139;159.3;100;10184620469;S
20240423;104139;159.3;40;10184620470;S
20240423;104139;159.3;10;10184620471;S
20240423;104139;159.3;20;10184620472;S
20240423;104139;159.3;1000;10184620473;S
20240423;104139;159.3;580;10184620474;S
20240423;104139;159.3;10;10184620475;S
20240423;104139;159.3;10;10184620476;S
20240423;104139;159.3;200;10184620477;S
20240423;104139;159.3;600;10184620529;B
20240423;104139;159.3;20;10184620544;B
20240423;104143;159.3;20;10184621032;B
20240423;104143;159.3;10;10184621066;B
20240423;104144;159.3;20;10184621433;B
20240423;104145;159.3;50;10184621607;B
20240423;104146;159.3;10;10184621703;B
20240423;104146;159.28;10;10184621704;S
20240423;104146;159.28;100;10184621705;S
20240423;104146;159.28;10;10184621706;S
20240423;104146;159.28;30;10184621707;B
20240423;104146;159.26;20;10184621764;S
20240423;104146;159.26;100;10184621765;S
20240423;104146;159.26;20;10184621766;S
20240423;104146;159.24;100;10184621767;S
20240423;104146;159.24;60;10184621768;S
20240423;104146;159.24;150;10184621776;S
20240423;104146;159.24;150;10184621777;S
20240423;104146;159.24;10;10184621822;S
20240423;104148;159.28;10;10184622241;B
20240423;104155;159.28;10;10184623692;B
20240423;104157;159.28;30;10184624150;B
20240423;104157;159.28;110;10184624151;B
20240423;104158;159.28;130;10184624290;B
20240423;104200;159.28;10;10184624643;B
20240423;104204;159.26;20;10184625120;B
20240423;104205;159.24;100;10184625255;S
20240423;104205;159.26;10;10184625319;B
20240423;104207;159.26;20;10184625642;B
20240423;104213;159.24;530;10184626355;S
20240423;104213;159.24;1000;10184626356;S
20240423;104213;159.24;10;10184626357;S
20240423;104213;159.24;10;10184626358;S
20240423;104213;159.24;100;10184626359;S
20240423;104213;159.24;570;10184626360;S
20240423;104213;159.24;390;10184626361;S
20240423;104213;159.24;10;10184626362;S
20240423;104213;159.22;1000;10184626363;S
20240423;104213;159.22;1000;10184626364;S
20240423;104213;159.22;10;10184626365;S
20240423;104213;159.22;10;10184626366;S
20240423;104213;159.22;50;10184626367;S
20240423;104213;159.22;200;10184626368;S
20240423;104213;159.22;50;10184626369;S
20240423;104213;159.22;40;10184626370;S
20240423;104213;159.22;100;10184626399;S
20240423;104222;159.26;10;10184627593;B
20240423;104227;159.22;30;10184628024;S
20240423;104227;159.22;470;10184628025;S
20240423;104231;159.26;180;10184628315;B
20240423;104231;159.26;320;10184628316;B
20240423;104231;159.26;30;10184628317;B
20240423;104231;159.26;150;10184628329;B
20240423;104231;159.28;830;10184628330;B
20240423;104235;159.26;10;10184628726;B
20240423;104240;159.26;10;10184629167;B
20240423;104244;159.22;10;10184629688;S
20240423;104244;159.22;20;10184629689;S
20240423;104244;159.22;360;10184629690;S
20240423;104245;159.26;20;10184629725;B
20240423;104245;159.26;180;10184629726;B
20240423;104248;159.22;500;10184630128;S
20240423;104248;159.22;30;10184630129;S
20240423;104249;159.22;360;10184630203;B
20240423;104250;159.22;10;10184630293;B
20240423;104250;159.22;10;10184630302;B
20240423;104254;159.22;20;10184630591;B
20240423;104255;159.22;10;10184630708;B
20240423;104255;159.22;10;10184630717;B
20240423;104300;159.22;10;10184631143;B
20240423;104300;159.22;10;10184631156;B
20240423;104301;159.22;10;10184631171;B
20240423;104301;159.2;10;10184631183;S
20240423;104301;159.2;10;10184631184;S
20240423;104301;159.2;50;10184631185;S
20240423;104301;159.2;10;10184631186;S
20240423;104301;159.2;50;10184631187;S
20240423;104301;159.2;40;10184631222;S
20240423;104301;159.2;10;10184631223;S
20240423;104301;159.2;10;10184631224;S
20240423;104301;159.2;10;10184631225;S
20240423;104301;159.2;10;10184631226;S
20240423;104301;159.2;10;10184631227;S
20240423;104301;159.2;20;10184631228;S
20240423;104301;159.2;10;10184631229;S
20240423;104301;159.2;10;10184631230;S
20240423;104301;159.2;470;10184631231;S
20240423;104302;159.2;100;10184631268;S
20240423;104302;159.2;150;10184631340;S
20240423;104302;159.2;500;10184631341;S
20240423;104304;159.22;160;10184631498;B
20240423;104304;159.22;50;10184631547;B
20240423;104305;159.22;10;10184631617;B
20240423;104308;159.22;10;10184631838;B
20240423;104308;159.2;3780;10184631871;S
20240423;104308;159.2;500;10184631872;S
20240423;104308;159.2;10;10184631873;S
20240423;104308;159.2;180;10184631874;S
20240423;104308;159.2;530;10184631875;S
20240423;104310;159.22;10;10184632028;B
20240423;104311;159.22;50;10184632152;B
20240423;104312;159.2;470;10184632215;S
20240423;104312;159.2;30;10184632216;S
20240423;104315;159.22;10;10184632487;B
20240423;104318;159.22;80;10184632685;B
20240423;104320;159.2;10;10184632969;S
20240423;104320;159.2;10;10184632970;S
20240423;104320;159.2;110;10184632971;S
20240423;104320;159.22;10;10184632977;B
20240423;104330;159.22;10;10184633829;B
20240423;104332;159.22;20;10184633999;B
20240423;104335;159.22;10;10184634259;B
20240423;104337;159.22;160;10184634620;B
20240423;104339;159.2;50;10184634818;S
20240423;104340;159.22;10;10184634867;B
20240423;104344;159.22;50;10184635171;B
20240423;104346;159.2;880;10184635303;S
20240423;104346;159.2;120;10184635304;S
20240423;104348;159.22;480;10184635563;B
20240423;104348;159.22;1550;10184635564;B
20240423;104348;159.22;100;10184635565;B
20240423;104348;159.22;700;10184635566;B
20240423;104348;159.22;10;10184635567;B
20240423;104348;159.22;50;10184635568;B
20240423;104348;159.24;560;10184635569;B
20240423;104348;159.24;1200;10184635570;B
20240423;104348;159.24;50;10184635571;B
20240423;104348;159.24;150;10184635572;B
20240423;104348;159.24;30;10184635573;B
20240423;104348;159.26;420;10184635574;B
20240423;104348;159.26;50;10184635575;B
20240423;104348;159.26;430;10184635576;B
20240423;104348;159.26;1940;10184635577;B
20240423;104348;159.26;1260;10184635578;B
20240423;104348;159.28;2790;10184635579;B
20240423;104348;159.28;90;10184635580;B
20240423;104356;159.22;50;10184636184;S
20240423;104356;159.22;140;10184636185;S
20240423;104401;159.24;340;10184636721;B
20240423;104401;159.22;10;10184636743;S
20240423;104401;159.22;50;10184636744;S
20240423;104401;159.2;10;10184636745;S
20240423;104401;159.2;40;10184636746;S
20240423;104404;159.24;10;10184636950;B
20240423;104411;159.24;50;10184637507;B
20240423;104416;159.24;150;10184637886;B
20240423;104418;159.24;100;10184638014;B
20240423;104420;159.22;10;10184638248;S
20240423;104420;159.22;490;10184638249;S
20240423;104435;159.22;10;10184639613;S
20240423;104435;159.22;10;10184639615;S
20240423;104435;159.22;80;10184639616;S
20240423;104441;159.22;10;10184640979;B
20240423;104452;159.22;30;10184643257;B
20240423;104452;159.22;70;10184643295;B
20240423;104454;159.2;10;10184643623;S
20240423;104454;159.2;40;10184643624;S
20240423;104502;159.22;20;10184645111;B
20240423;104503;159.2;10;10184645246;S
20240423;104503;159.2;30;10184645247;S
20240423;104503;159.2;30;10184645248;S
20240423;104509;159.22;60;10184645948;B
20240423;104509;159.2;200;10184645972;S
20240423;104517;159.22;30;10184647300;B
20240423;104519;159.2;370;10184647415;S
20240423;104519;159.2;50;10184647416;S
20240423;104519;159.2;80;10184647417;S
20240423;104524;159.22;180;10184648095;B
20240423;104528;159.2;10;10184648464;S
20240423;104532;159.2;80;10184648855;S
20240423;104532;159.2;2500;10184648856;S
20240423;104532;159.2;20;10184648857;S
20240423;104532;159.2;80;10184648858;S
20240423;104532;159.2;530;10184648859;S
20240423;104532;159.2;10;10184648860;S
20240423;104538;159.2;90;10184649449;S
20240423;104538;159.2;10;10184649450;S
20240423;104538;159.2;230;10184649451;S
20240423;104538;159.22;50;10184649469;B
20240423;104539;159.18;10;10184649612;S
20240423;104542;159.18;10;10184649890;S
20240423;104542;159.18;10;10184649891;S
20240423;104542;159.18;10;10184649892;S
20240423;104542;159.18;10;10184649893;S
20240423;104542;159.18;360;10184649894;S
20240423;104546;159.2;50;10184650319;B
20240423;104549;159.18;50;10184650616;S
20240423;104557;159.18;100;10184651266;S
20240423;104600;159.18;200;10184651453;S
20240423;104607;159.2;100;10184651968;B
20240423;104617;159.18;10;10184652894;S
20240423;104618;159.18;100;10184652965;S
20240423;104618;159.18;250;10184652976;S
20240423;104619;159.18;2000;10184654084;S
20240423;104624;159.18;100;10184655933;S
20240423;104625;159.2;10;10184655994;B
20240423;104625;159.18;3410;10184656052;S
20240423;104625;159.2;10;10184656056;B
20240423;104626;159.2;10;10184656154;B
20240423;104627;159.2;10;10184656193;B
20240423;104627;159.2;10;10184656213;B
20240423;104630;159.2;10;10184656486;B
20240423;104633;159.18;100;10184656690;S
20240423;104639;159.2;10;10184657565;B
20240423;104640;159.2;10;10184657699;B
20240423;104643;159.2;90;10184657966;B
20240423;104644;159.2;10;10184658201;B
20240423;104645;159.2;10;10184658345;B
20240423;104647;159.2;30;10184658478;B
20240423;104648;159.18;100;10184658558;S
20240423;104650;159.2;10;10184658740;B
20240423;104700;159.2;80;10184659616;B
20240423;104700;159.2;50;10184659617;B
20240423;104700;159.2;70;10184659618;B
20240423;104700;159.2;10;10184659819;B
20240423;104701;159.2;10;10184659884;B
20240423;104702;159.2;40;10184660044;B
20240423;104704;159.2;100;10184660158;B
20240423;104706;159.18;500;10184660393;S
20240423;104711;159.2;30;10184661068;B
20240423;104716;159.18;60;10184661598;S
20240423;104723;159.2;440;10184662314;B
20240423;104723;159.2;60;10184662315;B
20240423;104726;159.2;10;10184662741;B
20240423;104730;159.2;10;10184663180;B
20240423;104733;159.2;250;10184663562;B
20240423;104733;159.2;80;10184663563;B
20240423;104733;159.2;80;10184663564;B
20240423;104743;159.2;90;10184664577;S
20240423;104743;159.2;210;10184664578;S
20240423;104748;159.22;100;10184665112;B
20240423;104753;159.2;520;10184665500;S
20240423;104803;159.2;60;10184666343;S
20240423;104803;159.2;500;10184666344;S
20240423;104803;159.2;440;10184666345;S
20240423;104803;159.18;70;10184666368;S
20240423;104808;159.18;10;10184666801;S
20240423;104812;159.2;210;10184667180;B
20240423;104812;159.2;80;10184667181;B
20240423;104819;159.2;30;10184668021;S
20240423;104822;159.22;20;10184668256;B
20240423;104833;159.2;100;10184669074;S
20240423;104834;159.22;10;10184669144;B
20240423;104835;159.2;1150;10184669192;S
20240423;104837;159.22;10;10184669320;B
20240423;104842;159.22;10;10184669757;B
20240423;104849;159.2;10;10184670319;S
20240423;104852;159.22;10;10184670498;B
20240423;104853;159.22;10;10184670604;B
20240423;104857;159.22;10;10184670877;B
20240423;104902;159.22;10;10184671341;B
20240423;104902;159.22;10;10184671364;B
20240423;104902;159.2;100;10184671367;S
20240423;104902;159.22;10;10184671381;B
20240423;104903;159.2;50;10184671450;S
20240423;104903;159.2;60;10184671451;S
20240423;104903;159.2;120;10184671454;S
20240423;104903;159.2;240;10184671464;S
20240423;104903;159.2;70;10184671465;S
20240423;104903;159.2;80;10184671466;S
20240423;104903;159.2;50;10184671467;S
20240423;104903;159.2;130;10184671471;S
20240423;104903;159.2;50;10184671475;S
20240423;104903;159.2;10;10184671476;S
20240423;104904;159.2;360;10184671500;S
20240423;104904;159.2;100;10184671501;S
20240423;104904;159.2;70;10184671553;S
20240423;104904;159.2;10;10184671563;S
20240423;104904;159.2;60;10184671564;S
20240423;104904;159.2;140;10184671565;S
20240423;104904;159.2;40;10184671566;S
20240423;104905;159.2;170;10184671567;S
20240423;104905;159.2;50;10184671574;S
20240423;104905;159.2;2270;10184671577;S
20240423;104905;159.2;60;10184671578;S
20240423;104905;159.2;50;10184671607;S
20240423;104905;159.2;490;10184671619;S
20240423;104905;159.2;50;10184671620;S
20240423;104905;159.2;50;10184671621;S
20240423;104905;159.2;60;10184671622;S
20240423;104905;159.2;50;10184671634;S
20240423;104905;159.2;60;10184671635;S
20240423;104905;159.2;20;10184671636;S
20240423;104905;159.2;70;10184671637;S
20240423;104905;159.2;110;10184671638;S
20240423;104905;159.2;100;10184671639;S
20240423;104907;159.2;20;10184671778;B
20240423;104912;159.2;10;10184672205;B
20240423;104913;159.2;20;10184672313;B
20240423;104913;159.2;10;10184672314;B
20240423;104916;159.2;10;10184672556;B
20240423;104917;159.2;10;10184672629;B
20240423;104917;159.2;20;10184672680;B
20240423;104921;159.2;10;10184672927;B
20240423;104922;159.2;10;10184673001;B
20240423;104924;159.2;50;10184673295;B
20240423;104924;159.2;70;10184673296;B
20240423;104927;159.2;10;10184673509;B
20240423;104928;159.18;10;10184673603;S
20240423;104929;159.18;50;10184673717;S
20240423;104930;159.2;10;10184673821;B
20240423;104935;159.2;20;10184674318;B
20240423;104935;159.18;10;10184674406;S
20240423;104937;159.2;10;10184674507;B
20240423;104937;159.18;100;10184674559;S
20240423;104942;159.2;10;10184674962;B
20240423;104947;159.2;10;10184675503;B
20240423;104952;159.2;100;10184675944;B
20240423;104953;159.18;10;10184676101;S
20240423;104957;159.2;10;10184676393;B
20240423;105000;159.2;20;10184676645;B
20240423;105002;159.2;10;10184676796;B
20240423;105002;159.2;30;10184676841;B
20240423;105002;159.2;10;10184677024;B
20240423;105004;159.2;680;10184677113;B
20240423;105004;159.2;240;10184677114;B
20240423;105004;159.2;10;10184677131;B
20240423;105006;159.2;10;10184677416;B
20240423;105007;159.2;10;10184677490;B
20240423;105007;159.18;50;10184677515;S
20240423;105007;159.2;10;10184677548;B
20240423;105011;159.2;10;10184678067;B
20240423;105013;159.2;30;10184678253;B
20240423;105013;159.2;20;10184678254;B
20240423;105017;159.2;10;10184678461;B
20240423;105018;159.2;20;10184678671;B
20240423;105022;159.2;10;10184678869;B
20240423;105024;159.18;90;10184679004;S
20240423;105029;159.18;100;10184679520;S
20240423;105032;159.2;10;10184679809;B
20240423;105036;159.2;10;10184680621;B
20240423;105037;159.2;10;10184680806;B
20240423;105039;159.18;500;10184681109;S
20240423;105042;159.2;10;10184681800;B
20240423;105043;159.2;10;10184682000;B
20240423;105043;159.2;30;10184682106;B
20240423;105046;159.18;200;10184682502;S
20240423;105053;159.18;180;10184683366;S
20240423;105055;159.2;10;10184683744;B
20240423;105056;159.18;20;10184683811;S
20240423;105056;159.2;10;10184683866;B
20240423;105058;159.2;30;10184683954;B
20240423;105058;159.2;20;10184683955;B
20240423;105101;159.2;10;10184684512;B
20240423;105104;159.2;40;10184684781;B
20240423;105106;159.2;10;10184685196;B
20240423;105108;159.18;140;10184685435;S
20240423;105108;159.2;40;10184685467;B
20240423;105108;159.2;10;10184685468;B
20240423;105113;159.2;20;10184686235;B
20240423;105120;159.2;10;10184687155;B
20240423;105125;159.2;10;10184687486;B
20240423;105125;159.18;10;10184687552;S
20240423;105126;159.18;20;10184687563;S
20240423;105129;159.18;10;10184687876;S
20240423;105132;159.2;10;10184688097;B
20240423;105133;159.18;90;10184688183;S
20240423;105134;159.2;10;10184688297;B
20240423;105135;159.18;200;10184688323;S
20240423;105142;159.2;10;10184688991;B
20240423;105143;159.2;10;10184689071;B
20240423;105146;159.2;90;10184689323;B
20240423;105146;159.2;110;10184689324;B
20240423;105146;159.2;50;10184689325;B
20240423;105146;159.2;60;10184689326;B
20240423;105146;159.2;50;10184689327;B
20240423;105146;159.2;110;10184689328;B
20240423;105146;159.2;30;10184689329;B
20240423;105150;159.2;20;10184689644;B
20240423;105150;159.2;80;10184689645;B
20240423;105204;159.18;140;10184690833;S
20240423;105206;159.18;100;10184691078;S
20240423;105208;159.18;550;10184691364;S
20240423;105208;159.18;10;10184691365;S
20240423;105208;159.18;10;10184691366;S
20240423;105208;159.18;10;10184691367;S
20240423;105208;159.18;1200;10184691368;S
20240423;105208;159.18;100;10184691369;S
20240423;105208;159.18;1200;10184691370;S
20240423;105208;159.18;100;10184691371;S
20240423;105208;159.18;10;10184691372;S
20240423;105208;159.18;20;10184691373;S
20240423;105208;159.18;10;10184691374;S
20240423;105208;159.18;10;10184691375;S
20240423;105208;159.18;600;10184691376;S
20240423;105208;159.18;10;10184691377;S
20240423;105208;159.18;200;10184691378;S
20240423;105208;159.18;20;10184691379;S
20240423;105208;159.18;1260;10184691380;S
20240423;105209;159.16;200;10184691462;S
20240423;105210;159.16;470;10184691494;S
20240423;105211;159.16;500;10184691580;S
20240423;105213;159.16;230;10184691866;S
20240423;105213;159.16;10;10184691867;S
20240423;105213;159.16;1300;10184691868;S
20240423;105213;159.16;700;10184691879;S
20240423;105213;159.16;10;10184691880;S
20240423;105213;159.16;150;10184691881;S
20240423;105213;159.16;570;10184691882;S
20240423;105216;159.16;10;10184692104;S
20240423;105217;159.18;40;10184692247;B
20240423;105219;159.18;10;10184692353;B
20240423;105223;159.16;1410;10184692748;S
20240423;105223;159.16;10;10184692749;S
20240423;105223;159.16;10;10184692750;S
20240423;105223;159.16;190;10184692751;S
20240423;105227;159.16;10;10184692924;B
20240423;105230;159.14;150;10184693256;S
20240423;105230;159.14;1610;10184693289;S
20240423;105230;159.14;400;10184693295;S
20240423;105230;159.14;640;10184693299;S
20240423;105230;159.14;190;10184693300;S
20240423;105232;159.16;10;10184693487;B
20240423;105234;159.16;500;10184693655;B
20240423;105234;159.16;50;10184693656;B
20240423;105234;159.16;450;10184693657;B
20240423;105236;159.14;10;10184693796;S
20240423;105236;159.14;10;10184693797;S
20240423;105236;159.14;10;10184693798;S
20240423;105236;159.14;10;10184693799;S
20240423;105236;159.14;10;10184693800;S
20240423;105237;159.14;120;10184693864;S
20240423;105238;159.14;200;10184693964;S
20240423;105240;159.16;10;10184694341;B
20240423;105240;159.14;10;10184694355;S
20240423;105240;159.16;1000;10184694407;B
20240423;105243;159.14;150;10184694538;S
20240423;105252;159.14;150;10184695200;S
20240423;105254;159.16;10;10184695325;B
20240423;105259;159.16;10;10184695623;B
20240423;105300;159.14;30;10184695811;S
20240423;105301;159.14;250;10184695864;S
20240423;105302;159.14;80;10184695972;S
20240423;105302;159.14;420;10184695973;S
20240423;105311;159.16;230;10184696668;B
20240423;105311;159.16;70;10184696669;B
20240423;105311;159.14;580;10184696673;S
20240423;105311;159.14;10;10184696674;S
20240423;105311;159.14;30;10184696675;S
20240423;105311;159.14;10;10184696676;S
20240423;105311;159.12;10;10184696677;S
20240423;105311;159.12;160;10184696678;S
20240423;105312;159.12;160;10184696701;S
20240423;105318;159.14;10;10184697270;B
20240423;105319;159.12;1000;10184697338;S
20240423;105326;159.12;800;10184697968;S
20240423;105330;159.12;10;10184698681;S
20240423;105330;159.12;200;10184698699;S
20240423;105330;159.14;20;10184698727;B
20240423;105332;159.12;10;10184698881;S
20240423;105341;159.12;10;10184701057;S
20240423;105343;159.12;10;10184701413;S
20240423;105344;159.12;640;10184701692;S
20240423;105344;159.12;100;10184701693;S
20240423;105344;159.12;10;10184701694;S
20240423;105344;159.12;10;10184701695;S
20240423;105344;159.12;100;10184701696;S
20240423;105344;159.12;240;10184701697;S
20240423;105347;159.12;300;10184702381;S
20240423;105352;159.12;10;10184703557;S
20240423;105352;159.12;450;10184703752;S
20240423;105352;159.1;100;10184703753;S
20240423;105352;159.1;500;10184703754;S
20240423;105352;159.1;10;10184703755;S
20240423;105352;159.1;10;10184703756;S
20240423;105352;159.1;10;10184703757;S
20240423;105352;159.1;100;10184703758;S
20240423;105352;159.1;20;10184703759;S
20240423;105353;159.12;50;10184703975;B
20240423;105353;159.12;50;10184703985;S
20240423;105353;159.12;60;10184703986;S
20240423;105353;159.12;200;10184703999;S
20240423;105354;159.12;2630;10184704025;S
20240423;105354;159.12;10;10184704059;B
20240423;105356;159.1;30;10184704568;S
20240423;105356;159.1;10;10184704569;S
20240423;105356;159.1;10;10184704570;S
20240423;105356;159.1;10;10184704571;S
20240423;105356;159.1;20;10184704572;S
20240423;105357;159.12;110;10184704810;B
20240423;105400;159.12;1500;10184705281;B
20240423;105400;159.1;120;10184705743;S
20240423;105401;159.12;60;10184705841;B
20240423;105410;159.1;160;10184707243;S
20240423;105410;159.1;10;10184707244;S
20240423;105410;159.1;10;10184707245;S
20240423;105410;159.1;10;10184707246;S
20240423;105410;159.1;10;10184707247;S
20240423;105410;159.1;10;10184707248;S
20240423;105410;159.1;20;10184707249;S
20240423;105410;159.1;570;10184707250;S
20240423;105413;159.1;50;10184707501;S
20240423;105413;159.12;10;10184707524;B
20240423;105414;159.1;360;10184707555;S
20240423;105415;159.12;10;10184707670;B
20240423;105420;159.12;100;10184708206;B
20240423;105422;159.12;750;10184708383;B
20240423;105427;159.1;20;10184708730;S
20240423;105427;159.1;30;10184708731;S
20240423;105427;159.1;10;10184708732;S
20240423;105427;159.1;40;10184708733;S
20240423;105429;159.1;1260;10184709008;S
20240423;105429;159.1;50;10184709009;S
20240423;105429;159.1;1570;10184709010;S
20240423;105429;159.1;660;10184709011;S
20240423;105430;159.1;40;10184709105;B
20240423;105435;159.08;30;10184709550;S
20240423;105435;159.08;100;10184709551;S
20240423;105435;159.08;10;10184709552;S
20240423;105435;159.08;40;10184709553;S
20240423;105435;159.08;10;10184709554;S
20240423;105435;159.08;100;10184709555;S
20240423;105435;159.08;10;10184709556;S
20240423;105435;159.08;10;10184709557;S
20240423;105435;159.08;90;10184709558;S
20240423;105435;159.08;910;10184709596;S
20240423;105435;159.08;500;10184709597;S
20240423;105435;159.08;10;10184709598;S
20240423;105435;159.08;1000;10184709599;S
20240423;105435;159.08;900;10184709600;S
20240423;105435;159.08;1570;10184709601;S
20240423;105435;159.08;210;10184709602;S
20240423;105436;159.08;10;10184709704;S
20240423;105436;159.08;10;10184709739;B
20240423;105437;159.08;30;10184709764;B
20240423;105437;159.1;20;10184709765;B
20240423;105437;159.1;30;10184709785;B
20240423;105444;159.08;10;10184710452;B
20240423;105445;159.08;10;10184710557;B
20240423;105447;159.08;1240;10184710728;B
20240423;105447;159.08;1570;10184710729;B
20240423;105448;159.08;2190;10184710832;S
20240423;105448;159.08;660;10184710833;S
20240423;105448;159.08;50;10184710834;S
20240423;105448;159.06;100;10184710835;S
20240423;105448;159.06;10;10184710836;S
20240423;105448;159.06;30;10184710837;S
20240423;105448;159.06;5000;10184710838;S
20240423;105448;159.06;30;10184710839;S
20240423;105448;159.06;10;10184710840;S
20240423;105448;159.06;600;10184710841;S
20240423;105448;159.06;10;10184710842;S
20240423;105448;159.06;50;10184710843;S
20240423;105448;159.04;100;10184710844;S
20240423;105448;159.04;10;10184710845;S
20240423;105448;159.04;10;10184710846;S
20240423;105448;159.04;500;10184710847;S
20240423;105448;159.04;10;10184710848;S
20240423;105448;159.04;10;10184710849;S
20240423;105448;159.04;10;10184710850;S
20240423;105448;159.04;5000;10184710851;S
20240423;105448;159.04;150;10184710852;S
20240423;105448;159.04;50;10184710853;S
20240423;105448;159.04;600;10184710854;S
20240423;105448;159.02;500;10184710855;S
20240423;105448;159.02;100;10184710856;S
20240423;105448;159.02;10;10184710857;S
20240423;105448;159.02;10;10184710858;S
20240423;105448;159.02;500;10184710859;S
20240423;105448;159.02;5000;10184710860;S
20240423;105448;159.02;10;10184710861;S
20240423;105448;159.02;500;10184710862;S
20240423;105448;159.02;50;10184710863;S
20240423;105448;159.02;10;10184710864;S
20240423;105448;159.02;10;10184710865;S
20240423;105448;159.02;500;10184710866;S
20240423;105448;159.02;10;10184710867;S
20240423;105448;159.02;10;10184710868;S
20240423;105448;159.02;10;10184710869;S
20240423;105448;159.02;50;10184710870;S
20240423;105448;159.02;10;10184710871;S
20240423;105448;159.02;10;10184710872;S
20240423;105448;159.02;50;10184710873;S
20240423;105448;159;10;10184710874;S
20240423;105448;159;10;10184710875;S
20240423;105448;159;10;10184710876;S
20240423;105448;159;4000;10184710877;S
20240423;105448;159;10;10184710878;S
20240423;105448;159;30;10184710879;S
20240423;105448;159;10;10184710880;S
20240423;105448;159;100;10184710881;S
20240423;105448;159;20;10184710882;S
20240423;105448;159;30;10184710883;S
20240423;105448;159;70;10184710884;S
20240423;105448;159;10;10184710885;S
20240423;105448;159;390;10184710886;S
20240423;105448;159;10;10184710887;S
20240423;105448;159;10;10184710888;S
20240423;105448;159;2000;10184710889;S
20240423;105448;159;10;10184710890;S
20240423;105448;159;10;10184710891;S
20240423;105448;159;10;10184710892;S
20240423;105448;159;30;10184710893;S
20240423;105448;159;50;10184710894;S
20240423;105448;159;500;10184710895;S
20240423;105448;159;130;10184710896;S
20240423;105448;159.02;30;10184710899;S
20240423;105448;159.02;300;10184710900;S
20240423;105448;159.02;40;10184710901;S
20240423;105448;159.04;50;10184710912;B
20240423;105448;159.04;200;10184710913;B
20240423;105448;159.04;60;10184710914;B
20240423;105448;159.04;10;10184710916;B
20240423;105448;159;10;10184710918;S
20240423;105448;159;40;10184710919;S
20240423;105448;159;2000;10184710920;S
20240423;105448;159;30;10184710921;S
20240423;105448;159;100;10184710922;S
20240423;105448;159;20;10184710923;S
20240423;105448;159;10;10184710924;S
20240423;105448;159;10;10184710925;S
20240423;105448;159;100;10184710926;S
20240423;105448;159;10;10184710927;S
20240423;105448;159;10;10184710928;S
20240423;105448;159;10;10184710929;S
20240423;105448;159;10;10184710930;S
20240423;105448;159;100;10184710931;S
20240423;105448;159;70;10184710932;S
20240423;105448;159;200;10184710933;S
20240423;105448;159.04;20;10184710934;B
20240423;105448;159.04;100;10184710935;B
20240423;105448;159.04;30;10184710968;B
20240423;105448;159.04;10;10184710986;B
20240423;105449;159.02;40;10184711030;S
20240423;105449;159;290;10184711031;S
20240423;105449;159;30;10184711033;S
20240423;105449;159.04;20;10184711038;B
20240423;105457;159.02;30;10184711924;B
20240423;105458;159;410;10184712067;S
20240423;105458;159;20;10184712068;S
20240423;105458;159;10;10184712069;S
20240423;105458;159;1000;10184712070;S
20240423;105458;159;10;10184712071;S
20240423;105458;159;10;10184712072;S
20240423;105458;159;200;10184712073;S
20240423;105458;159;950;10184712074;S
20240423;105458;159;300;10184712075;S
20240423;105458;159;50;10184712076;S
20240423;105458;159;10;10184712077;S
20240423;105458;159;200;10184712078;S
20240423;105458;159;30;10184712079;S
20240423;105458;159;50;10184712080;S
20240423;105458;159;50;10184712081;S
20240423;105458;159;10;10184712082;S
20240423;105458;159;10;10184712083;S
20240423;105458;159;20;10184712084;S
20240423;105458;159;10;10184712085;S
20240423;105458;159;10;10184712086;S
20240423;105458;159;10;10184712087;S
20240423;105458;159;10;10184712088;S
20240423;105458;159;130;10184712089;S
20240423;105458;159;20;10184712090;S
20240423;105458;159;100;10184712091;S
20240423;105458;159;10;10184712092;S
20240423;105458;159;100;10184712093;S
20240423;105458;159;50;10184712094;S
20240423;105458;159;10;10184712095;S
20240423;105458;159;50;10184712096;S
20240423;105458;159;10;10184712097;S
20240423;105458;159;10;10184712098;S
20240423;105458;159;10;10184712099;S
20240423;105458;159;10;10184712100;S
20240423;105458;159;100;10184712101;S
20240423;105458;159;40;10184712102;S
20240423;105459;159;110;10184712131;S
20240423;105459;159;490;10184712132;S
20240423;105502;159.02;90;10184712365;B
20240423;105503;159;60;10184712442;S
20240423;105503;159;10;10184712443;S
20240423;105503;159;10;10184712444;S
20240423;105503;159;10;10184712445;S
20240423;105503;159.02;10;10184712448;B
20240423;105506;159;20;10184712756;S
20240423;105507;159;270;10184712831;S
20240423;105507;159;10;10184712832;S
20240423;105507;159;10;10184712833;S
20240423;105507;159;10;10184712834;S
20240423;105507;159;10;10184712835;S
20240423;105507;159;50;10184712836;S
20240423;105507;159;60;10184712837;S
20240423;105507;159;30;10184712838;S
20240423;105507;159;10;10184712839;S
20240423;105507;159;20;10184712840;S
20240423;105507;159;1100;10184712841;S
20240423;105507;159;10;10184712842;S
20240423;105507;159;460;10184712843;S
20240423;105509;159;200;10184712969;S
20240423;105509;159.02;1000;10184712987;B
20240423;105512;159.02;1060;10184713306;B
20240423;105512;159.02;20;10184713362;B
20240423;105512;159.02;480;10184713363;B
20240423;105513;159.02;810;10184713422;B
20240423;105513;159.02;10;10184713494;S
20240423;105513;159.02;790;10184713495;S
20240423;105513;159;4500;10184713496;S
20240423;105514;159.02;10;10184713545;B
20240423;105529;159;10;10184715374;S
20240423;105533;159.02;10;10184715680;B
20240423;105534;159;4100;10184715764;S
20240423;105535;159;600;10184715862;S
20240423;105537;159.02;30;10184716007;B
20240423;105537;159.02;70;10184716008;B
20240423;105537;159;10;10184716036;S
20240423;105539;159.02;1430;10184716198;B
20240423;105539;159.02;100;10184716199;B
20240423;105541;159.04;1000;10184716450;B
