<DATE>;<TIME>;<LAST>;<VOL>;<ID>;<OPER>
20240418;095943;159.42;10;10142457566;S
20240418;095943;159.42;170;10142457567;S
20240418;095943;159.42;20;10142457568;S
20240418;095943;159.42;30;10142457569;B
20240418;095943;159.42;1170;10142457570;B
20240418;095943;159.42;10;10142457571;S
20240418;095943;159.42;400;10142457572;B
20240418;095943;159.42;1390;10142457573;B
20240418;095943;159.42;300;10142457574;S
20240418;095943;159.42;10;10142457575;B
20240418;095943;159.42;500;10142457576;B
20240418;095943;159.42;2800;10142457577;S
20240418;095943;159.42;50;10142457578;S
20240418;095943;159.42;10;10142457579;S
20240418;095943;159.42;10;10142457580;S
20240418;095943;159.42;500;10142457581;S
20240418;095943;159.42;10;10142457582;S
20240418;095943;159.42;10;10142457583;S
20240418;095943;159.42;410;10142457584;S
20240418;095943;159.42;10;10142457585;B
20240418;095943;159.42;300;10142457586;S
20240418;095943;159.42;30;10142457587;S
20240418;095943;159.42;60;10142457588;S
20240418;095943;159.42;140;10142457589;S
20240418;095943;159.42;10;10142457590;S
20240418;095943;159.42;20;10142457591;S
20240418;095943;159.42;10;10142457592;S
20240418;095943;159.42;400;10142457593;S
20240418;095943;159.42;30;10142457594;S
20240418;095943;159.42;20;10142457595;S
20240418;095943;159.42;10;10142457596;S
20240418;095943;159.42;20;10142457597;S
20240418;095943;159.42;10;10142457598;S
20240418;095943;159.42;10;10142457599;S
20240418;095943;159.42;100;10142457600;B
20240418;100000;159.42;60;10142461755;B
20240418;100000;159.42;40;10142461756;B
20240418;100000;159.42;10;10142461773;B
20240418;100000;159.42;50;10142461774;B
20240418;100000;159.42;50;10142461865;B
20240418;100000;159.42;10;10142461940;B
20240418;100000;159.42;40;10142461984;B
20240418;100000;159.42;10;10142461985;B
20240418;100001;159.44;50;10142462715;S
20240418;100001;159.44;120;10142462716;S
20240418;100001;159.44;140;10142462717;S
20240418;100001;159.5;10;10142462718;B
20240418;100001;159.58;40;10142462719;S
20240418;100001;159.58;40;10142462720;S
20240418;100001;159.58;10;10142462721;S
20240418;100001;159.6;100;10142462722;B
20240418;100005;159.58;10;10142466093;B
20240418;100006;159.6;10;10142466411;B
20240418;100006;159.6;50;10142466445;B
20240418;100006;159.6;50;10142466448;B
20240418;100006;159.62;50;10142466449;B
20240418;100007;159.6;50;10142467543;B
20240418;100007;159.62;140;10142467544;B
20240418;100007;159.62;50;10142467545;B
20240418;100007;159.64;50;10142467546;B
20240418;100007;159.64;300;10142467547;B
20240418;100007;159.64;400;10142467551;S
20240418;100007;159.68;10;10142467571;B
20240418;100007;159.7;50;10142467679;B
20240418;100007;159.72;50;10142467680;B
20240418;100007;159.7;10;10142467683;B
20240418;100007;159.7;10;10142467690;B
20240418;100007;159.7;10;10142467693;B
20240418;100007;159.52;50;10142467794;S
20240418;100007;159.52;50;10142467795;S
20240418;100008;159.62;10;10142468267;B
20240418;100008;159.58;50;10142468423;B
20240418;100008;159.6;50;10142468424;B
20240418;100008;159.6;50;10142468425;B
20240418;100008;159.6;120;10142468426;B
20240418;100008;159.62;40;10142468427;B
20240418;100008;159.64;300;10142468441;B
20240418;100009;159.68;10;10142469137;B
20240418;100009;159.68;10;10142469643;B
20240418;100009;159.76;10;10142469645;B
20240418;100009;159.64;50;10142469843;S
20240418;100009;159.64;150;10142469844;S
20240418;100009;159.62;800;10142469845;S
20240418;100009;159.76;10;10142469846;B
20240418;100010;159.68;20;10142470414;S
20240418;100010;159.68;30;10142471440;S
20240418;100010;159.66;50;10142471441;S
20240418;100010;159.66;50;10142471442;S
20240418;100010;159.64;50;10142471443;S
20240418;100010;159.64;140;10142471444;S
20240418;100010;159.76;20;10142471449;B
20240418;100011;159.66;50;10142472187;S
20240418;100011;159.64;10;10142472188;S
20240418;100011;159.64;50;10142472189;S
20240418;100011;159.62;90;10142472190;S
20240418;100011;159.66;50;10142472268;S
20240418;100011;159.64;50;10142472269;S
20240418;100011;159.64;150;10142472270;S
20240418;100011;159.62;60;10142472271;S
20240418;100011;159.74;20;10142472277;B
20240418;100012;159.68;10;10142472822;B
20240418;100012;159.68;140;10142472955;B
20240418;100012;159.72;50;10142472956;B
20240418;100012;159.74;30;10142472957;B
20240418;100012;159.76;50;10142472958;B
20240418;100012;159.76;40;10142472959;B
20240418;100014;159.76;50;10142473359;B
20240418;100014;159.78;150;10142473360;B
20240418;100014;159.78;50;10142473361;B
20240418;100014;159.78;60;10142473362;B
20240418;100017;159.7;10;10142474396;S
20240418;100017;159.72;10;10142474465;B
20240418;100017;159.76;130;10142474466;B
20240418;100017;159.78;500;10142474467;B
20240418;100017;159.8;50;10142474468;B
20240418;100017;159.8;910;10142474469;B
20240418;100018;159.7;20;10142474521;S
20240418;100018;159.7;20;10142474523;S
20240418;100018;159.8;50;10142474597;B
20240418;100018;159.82;50;10142474598;B
20240418;100019;159.68;10;10142474796;S
20240418;100020;159.68;30;10142475076;S
20240418;100020;159.68;10;10142475099;S
20240418;100020;159.68;150;10142475100;S
20240418;100020;159.66;50;10142475101;S
20240418;100020;159.64;50;10142475102;S
20240418;100020;159.64;1010;10142475103;S
20240418;100020;159.64;690;10142475104;S
20240418;100021;159.76;20;10142475353;B
20240418;100024;159.68;30;10142476023;B
20240418;100025;159.68;20;10142476205;B
20240418;100025;159.68;1260;10142476206;B
20240418;100025;159.68;50;10142476215;S
20240418;100025;159.68;50;10142476224;S
20240418;100025;159.68;50;10142476226;B
20240418;100025;159.68;50;10142476228;B
20240418;100025;159.68;1260;10142476229;B
20240418;100025;159.68;150;10142476230;S
20240418;100025;159.68;1100;10142476233;S
20240418;100025;159.7;120;10142476347;B
20240418;100027;159.7;40;10142476933;B
20240418;100027;159.68;130;10142477126;B
20240418;100027;159.66;150;10142477130;S
20240418;100028;159.64;10;10142477304;S
20240418;100035;159.62;300;10142479020;S
20240418;100036;159.6;130;10142479158;B
20240418;100036;159.56;50;10142479221;S
20240418;100036;159.54;150;10142479222;S
20240418;100036;159.54;50;10142479223;S
20240418;100036;159.52;50;10142479293;S
20240418;100036;159.5;390;10142479295;S
20240418;100036;159.5;610;10142479438;S
20240418;100037;159.46;200;10142479487;B
20240418;100037;159.48;150;10142479488;B
20240418;100037;159.48;50;10142479491;S
20240418;100037;159.46;150;10142479496;S
20240418;100037;159.44;200;10142479511;S
20240418;100037;159.46;120;10142479680;B
20240418;100037;159.48;20;10142479681;B
20240418;100037;159.48;50;10142479682;B
20240418;100037;159.5;50;10142479683;B
20240418;100037;159.5;1260;10142479684;B
20240418;100037;159.5;500;10142479685;B
20240418;100040;159.46;10;10142480607;B
20240418;100041;159.46;10;10142480897;B
20240418;100042;159.44;800;10142480966;S
20240418;100042;159.44;50;10142480967;S
20240418;100042;159.42;90;10142480968;S
20240418;100042;159.42;10;10142480969;S
20240418;100042;159.42;10;10142480970;S
20240418;100042;159.42;50;10142480971;S
20240418;100042;159.4;770;10142480972;S
20240418;100042;159.42;20;10142480981;S
20240418;100042;159.42;20;10142480996;S
20240418;100044;159.44;10;10142481674;B
20240418;100047;159.42;10;10142482405;S
20240418;100047;159.4;60;10142482406;S
20240418;100053;159.44;70;10142483907;B
20240418;100054;159.44;340;10142484069;B
20240418;100054;159.44;1660;10142484070;B
20240418;100055;159.42;10;10142484244;S
20240418;100057;159.44;10;10142484915;B
20240418;100058;159.42;40;10142485524;S
20240418;100058;159.4;100;10142485525;S
20240418;100100;159.42;50;10142486118;S
20240418;100100;159.4;1070;10142486119;S
20240418;100101;159.42;50;10142486530;S
20240418;100101;159.42;50;10142486531;S
20240418;100101;159.42;50;10142486534;S
20240418;100101;159.4;500;10142486535;S
20240418;100101;159.42;50;10142486583;S
20240418;100101;159.4;140;10142486584;S
20240418;100101;159.42;50;10142486602;S
20240418;100101;159.4;360;10142486603;S
20240418;100101;159.4;100;10142486646;S
20240418;100101;159.42;50;10142486751;S
20240418;100101;159.4;650;10142486752;S
20240418;100102;159.42;50;10142486788;S
20240418;100102;159.42;150;10142486789;S
20240418;100102;159.4;690;10142486954;S
20240418;100103;159.4;190;10142487298;S
20240418;100104;159.4;40;10142487454;S
20240418;100104;159.4;240;10142487500;S
20240418;100106;159.42;40;10142487866;B
20240418;100106;159.4;100;10142487914;S
20240418;100109;159.42;10;10142488462;B
20240418;100110;159.4;300;10142488636;S
20240418;100111;159.42;1000;10142488807;B
20240418;100114;159.42;300;10142489397;B
20240418;100115;159.4;370;10142489677;S
20240418;100116;159.4;10;10142489750;S
20240418;100116;159.4;40;10142489774;S
20240418;100116;159.4;280;10142489842;S
20240418;100119;159.42;10;10142490380;B
20240418;100120;159.42;190;10142490665;B
20240418;100123;159.4;10;10142491458;S
20240418;100124;159.4;20;10142491554;S
20240418;100126;159.42;50;10142491840;B
20240418;100127;159.44;30;10142492111;B
20240418;100133;159.42;20;10142493162;S
20240418;100136;159.42;30;10142493695;S
20240418;100136;159.42;10;10142493696;S
20240418;100136;159.4;460;10142493697;S
20240418;100137;159.44;100;10142493727;B
20240418;100139;159.44;20;10142494131;B
20240418;100139;159.44;10;10142494183;B
20240418;100139;159.44;60;10142494320;B
20240418;100147;159.42;50;10142496291;S
20240418;100147;159.4;320;10142496292;S
20240418;100151;159.4;10;10142496925;S
20240418;100151;159.42;10;10142497010;B
20240418;100154;159.42;10;10142497659;B
20240418;100155;159.42;30;10142497791;B
20240418;100207;159.4;10;10142500482;S
20240418;100207;159.4;190;10142500487;S
20240418;100207;159.4;10;10142500488;S
20240418;100207;159.4;10;10142500489;S
20240418;100207;159.4;10;10142500490;S
20240418;100207;159.4;60;10142500491;S
20240418;100207;159.4;80;10142500492;S
20240418;100207;159.42;10;10142500497;B
20240418;100207;159.4;10;10142500547;S
20240418;100208;159.42;580;10142500753;B
20240418;100214;159.42;700;10142502058;B
20240418;100220;159.48;50;10142503503;S
20240418;100220;159.5;10;10142503524;B
20240418;100220;159.52;40;10142503525;B
20240418;100220;159.48;50;10142503629;S
20240418;100220;159.5;50;10142503632;S
20240418;100220;159.52;50;10142503633;S
20240418;100220;159.5;50;10142503634;S
20240418;100220;159.5;30;10142503635;S
20240418;100228;159.58;100;10142504795;B
20240418;100235;159.58;10;10142506286;B
20240418;100235;159.58;10;10142506287;B
20240418;100245;159.56;10;10142508011;B
20240418;100258;159.52;20;10142510472;S
20240418;100305;159.52;130;10142511540;S
20240418;100305;159.52;150;10142511541;S
20240418;100305;159.52;220;10142511542;S
20240418;100306;159.56;20;10142511710;B
20240418;100306;159.56;50;10142511711;B
20240418;100306;159.58;930;10142511712;B
20240418;100310;159.52;10;10142512477;S
20240418;100315;159.5;150;10142513498;S
20240418;100315;159.5;50;10142513499;S
20240418;100316;159.54;50;10142513834;B
20240418;100316;159.56;130;10142513835;B
20240418;100316;159.56;50;10142513836;B
20240418;100316;159.56;150;10142513837;B
20240418;100316;159.58;1120;10142513838;B
20240418;100329;159.52;10;10142516159;S
20240418;100333;159.56;150;10142516690;B
20240418;100333;159.58;150;10142516691;B
20240418;100333;159.6;600;10142516692;B
20240418;100333;159.6;50;10142516693;B
20240418;100333;159.6;660;10142516694;B
20240418;100333;159.6;50;10142516695;B
20240418;100333;159.6;120;10142516696;B
20240418;100336;159.6;100;10142517125;B
20240418;100336;159.6;1200;10142517179;B
20240418;100336;159.6;650;10142517189;B
20240418;100336;159.62;150;10142517190;B
20240418;100336;159.64;50;10142517191;B
20240418;100336;159.64;50;10142517192;B
20240418;100336;159.66;150;10142517193;B
20240418;100336;159.66;50;10142517194;B
20240418;100336;159.66;100;10142517195;B
20240418;100342;159.6;10;10142518050;S
20240418;100345;159.58;50;10142518641;S
20240418;100345;159.58;140;10142518642;S
20240418;100345;159.58;1260;10142518643;S
20240418;100345;159.56;150;10142518644;S
20240418;100345;159.56;50;10142518645;S
20240418;100345;159.56;1500;10142518646;S
20240418;100345;159.54;50;10142518647;S
20240418;100345;159.52;50;10142518648;S
20240418;100345;159.52;500;10142518649;S
20240418;100345;159.5;10;10142518650;S
20240418;100345;159.5;1000;10142518651;S
20240418;100345;159.5;50;10142518652;S
20240418;100345;159.5;1890;10142518653;S
20240418;100345;159.5;800;10142518654;S
20240418;100348;159.64;10;10142519132;B
20240418;100349;159.64;130;10142519314;B
20240418;100351;159.64;20;10142519838;B
20240418;100351;159.66;30;10142519839;B
20240418;100354;159.6;50;10142520357;S
20240418;100354;159.6;140;10142520358;S
20240418;100354;159.58;310;10142520359;S
20240418;100404;159.58;10;10142522211;S
20240418;100408;159.6;200;10142523071;S
20240418;100409;159.64;50;10142523267;B
20240418;100409;159.66;130;10142523268;B
20240418;100414;159.64;10;10142524143;B
20240418;100419;159.6;180;10142525074;S
20240418;100419;159.6;130;10142525075;S
20240418;100419;159.58;20;10142525076;S
20240418;100419;159.66;10;10142525137;B
20240418;100421;159.66;10;10142525421;B
20240418;100421;159.6;50;10142525513;S
20240418;100421;159.6;130;10142525514;S
20240418;100421;159.58;150;10142525515;S
20240418;100435;159.64;20;10142527369;B
20240418;100437;159.6;10;10142527634;S
20240418;100439;159.64;10;10142528030;B
20240418;100448;159.64;70;10142529322;B
20240418;100448;159.64;1000;10142529323;B
20240418;100448;159.64;20;10142529324;B
20240418;100448;159.66;160;10142529325;B
20240418;100501;159.62;10;10142531403;S
20240418;100503;159.64;10;10142531655;S
20240418;100504;159.64;150;10142531951;S
20240418;100505;159.66;10;10142532025;B
20240418;100505;159.66;10;10142532141;B
20240418;100506;159.66;310;10142532218;B
20240418;100506;159.66;30;10142532219;B
20240418;100506;159.66;20;10142532220;B
20240418;100507;159.68;40;10142532462;B
20240418;100508;159.68;20;10142532603;B
20240418;100508;159.66;1000;10142532710;S
20240418;100509;159.66;40;10142532862;S
20240418;100509;159.66;130;10142532863;S
20240418;100509;159.64;330;10142532864;S
20240418;100528;159.66;30;10142536131;S
20240418;100529;159.66;10;10142536162;S
20240418;100529;159.68;10;10142536179;B
20240418;100532;159.68;20;10142536578;B
20240418;100533;159.68;20;10142536858;B
20240418;100538;159.68;40;10142537775;B
20240418;100538;159.68;20;10142537776;B
20240418;100538;159.7;1450;10142537777;B
20240418;100538;159.7;20;10142537778;B
20240418;100538;159.7;130;10142537779;B
20240418;100538;159.72;20;10142537780;B
20240418;100538;159.72;50;10142537781;B
20240418;100538;159.72;1900;10142537782;B
20240418;100538;159.74;50;10142537783;B
20240418;100538;159.74;20;10142537784;B
20240418;100538;159.74;3300;10142537785;B
20240418;100539;159.76;20;10142537931;B
20240418;100539;159.78;20;10142537932;B
20240418;100539;159.78;160;10142537933;B
20240418;100542;159.7;30;10142538249;S
20240418;100552;159.78;50;10142539849;B
20240418;100552;159.78;950;10142539850;B
20240418;100602;159.76;10;10142541575;B
20240418;100603;159.7;10;10142542014;S
20240418;100604;159.76;40;10142542114;B
20240418;100604;159.78;250;10142542115;B
20240418;100604;159.78;50;10142542116;B
20240418;100604;159.78;130;10142542117;B
20240418;100604;159.78;10;10142542118;B
20240418;100604;159.78;50;10142542126;S
20240418;100604;159.78;20;10142542165;S
20240418;100607;159.78;450;10142542763;S
20240418;100607;159.78;120;10142542764;S
20240418;100607;159.78;50;10142542765;S
20240418;100607;159.76;150;10142542766;S
20240418;100607;159.76;50;10142542767;S
20240418;100607;159.74;50;10142542768;S
20240418;100607;159.74;130;10142542769;S
20240418;100610;159.8;10;10142543353;B
20240418;100617;159.8;10;10142544934;B
20240418;100619;159.82;10;10142545260;B
20240418;100620;159.8;10;10142545471;B
20240418;100625;159.8;200;10142546430;S
20240418;100627;159.78;20;10142546857;S
20240418;100627;159.76;10;10142546858;S
20240418;100627;159.76;300;10142546859;S
20240418;100629;159.74;100;10142547239;S
20240418;100637;159.78;10;10142548900;B
20240418;100641;159.78;10;10142549771;B
20240418;100642;159.78;10;10142549859;B
20240418;100645;159.78;30;10142550372;B
20240418;100647;159.8;30;10142550761;B
20240418;100648;159.8;20;10142550851;B
20240418;100650;159.8;270;10142551250;B
20240418;100704;159.8;480;10142553385;B
20240418;100704;159.8;120;10142553386;B
20240418;100713;159.8;30;10142555041;S
20240418;100713;159.8;20;10142555042;S
20240418;100713;159.8;420;10142555126;S
20240418;100713;159.8;420;10142555137;S
20240418;100714;159.8;200;10142555462;S
20240418;100720;159.8;30;10142556336;S
20240418;100726;159.8;50;10142557132;S
20240418;100726;159.8;30;10142557211;S
20240418;100728;159.82;10;10142557394;B
20240418;100728;159.82;10;10142557395;B
20240418;100730;159.8;60;10142557670;S
20240418;100732;159.82;50;10142558103;B
20240418;100735;159.82;90;10142558505;B
20240418;100735;159.82;330;10142558506;B
20240418;100735;159.84;200;10142558507;B
20240418;100735;159.84;120;10142558508;B
20240418;100735;159.86;10;10142558509;B
20240418;100735;159.86;690;10142558510;B
20240418;100735;159.86;50;10142558511;B
20240418;100735;159.88;510;10142558512;B
20240418;100735;159.82;10;10142558556;S
20240418;100736;159.82;20;10142558630;S
20240418;100737;159.82;120;10142558742;S
20240418;100737;159.82;50;10142558743;S
20240418;100740;159.82;640;10142559186;B
20240418;100746;159.82;250;10142560094;B
20240418;100748;159.8;110;10142560235;S
20240418;100749;159.82;1940;10142560379;B
20240418;100749;159.82;120;10142560380;B
20240418;100749;159.84;50;10142560381;B
20240418;100749;159.86;10;10142560382;B
20240418;100749;159.86;50;10142560383;B
20240418;100749;159.88;1490;10142560384;B
20240418;100749;159.88;50;10142560385;B
20240418;100749;159.88;3780;10142560386;B
20240418;100749;159.9;20;10142560387;B
20240418;100749;159.9;1000;10142560388;B
20240418;100749;159.9;10000;10142560389;B
20240418;100749;159.9;50;10142560390;B
20240418;100749;159.9;50;10142560391;B
20240418;100749;159.9;10000;10142560392;B
20240418;100749;159.9;10;10142560393;B
20240418;100749;159.9;300;10142560394;B
20240418;100749;159.92;50;10142560395;B
20240418;100749;159.94;50;10142560396;B
20240418;100749;159.94;2000;10142560397;B
20240418;100749;159.94;40;10142560398;B
20240418;100749;159.96;50;10142560399;B
20240418;100749;159.96;10000;10142560400;B
20240418;100749;159.96;1000;10142560401;B
20240418;100749;159.96;10000;10142560402;B
20240418;100749;159.98;50;10142560403;B
20240418;100749;159.98;20;10142560404;B
20240418;100749;159.98;50;10142560405;B
20240418;100749;159.98;10;10142560406;B
20240418;100749;159.98;20;10142560407;B
20240418;100749;159.98;10;10142560408;B
20240418;100749;159.98;50;10142560409;B
20240418;100749;160;10;10142560410;B
20240418;100749;160;10;10142560411;B
20240418;100749;160;550;10142560412;B
20240418;100749;160;1210;10142560413;B
20240418;100749;160;200;10142560414;B
20240418;100749;160;10;10142560415;B
20240418;100749;160;10;10142560416;B
20240418;100749;160;2000;10142560417;B
20240418;100749;160;10;10142560418;B
20240418;100749;160;10;10142560419;B
20240418;100749;160;10;10142560420;B
20240418;100749;160;20;10142560421;B
20240418;100749;160;20;10142560422;B
20240418;100749;160;10;10142560423;B
20240418;100749;160;60;10142560424;B
20240418;100749;160;50;10142560425;B
20240418;100749;160.02;100;10142560426;B
20240418;100749;160.02;50;10142560427;B
20240418;100749;160.04;10;10142560428;B
20240418;100749;160.06;10;10142560429;B
20240418;100749;160.08;100;10142560430;B
20240418;100749;160.08;300;10142560431;B
20240418;100749;160.1;10;10142560432;B
20240418;100749;160.1;20;10142560433;B
20240418;100749;160.1;1260;10142560434;B
20240418;100749;160.1;2600;10142560435;B
20240418;100749;160.12;950;10142560436;B
20240418;100749;160.12;50;10142560437;B
20240418;100749;160.12;1330;10142560438;B
20240418;100749;160.12;9000;10142560439;B
20240418;100749;160.14;1600;10142560440;B
20240418;100749;160.14;500;10142560441;B
20240418;100749;160.16;10;10142560442;B
20240418;100749;160.16;150;10142560443;B
20240418;100749;160.16;440;10142560444;B
20240418;100749;160.14;140;10142560510;B
20240418;100749;160.14;10;10142560511;B
20240418;100749;160.14;490;10142560519;B
20240418;100749;160.16;110;10142560520;B
20240418;100749;160.16;310;10142560521;B
20240418;100749;160.16;10;10142560529;B
20240418;100749;160.14;100;10142560545;S
20240418;100749;160.14;30;10142560551;S
20240418;100749;160.12;20;10142560552;S
20240418;100749;160.12;20;10142560556;S
20240418;100749;160.12;10;10142560557;S
20240418;100749;160.12;490;10142560558;S
20240418;100749;160.12;500;10142560559;S
20240418;100749;160.12;20;10142560560;S
20240418;100749;160.12;500;10142560561;S
20240418;100749;160.12;500;10142560562;S
20240418;100749;160.12;360;10142560564;S
20240418;100749;160.12;10;10142560565;S
20240418;100749;160.12;10;10142560566;S
20240418;100749;160.12;10;10142560568;S
20240418;100749;160.12;10;10142560569;S
20240418;100749;160.12;10;10142560570;S
20240418;100749;160.12;10;10142560571;S
20240418;100749;160.12;20;10142560572;S
20240418;100749;160.12;10;10142560583;S
20240418;100749;160.12;20;10142560586;S
20240418;100749;160.14;1000;10142560587;B
20240418;100750;160.14;1000;10142560658;B
20240418;100750;160.16;80;10142560668;B
20240418;100750;160.16;20;10142560780;B
20240418;100752;160.14;10;10142560954;S
20240418;100756;160.14;20;10142561804;S
20240418;100756;160.14;120;10142561805;S
20240418;100756;160.14;20;10142561806;S
20240418;100756;160.12;740;10142561807;S
20240418;100806;160.14;20;10142563133;B
20240418;100807;160.12;20;10142563246;S
20240418;100809;160.12;20;10142563507;B
20240418;100810;160.1;200;10142563627;S
20240418;100811;160.1;120;10142563793;S
20240418;100811;160.1;10;10142563794;S
20240418;100812;160.1;10;10142563852;B
20240418;100813;160.1;500;10142563991;B
20240418;100816;160.08;20;10142564493;S
20240418;100816;160.08;50;10142564564;B
20240418;100816;160.08;180;10142564565;B
20240418;100816;160.1;100;10142564595;B
20240418;100817;160.1;200;10142564618;B
20240418;100817;160.1;30;10142564659;B
20240418;100817;160.1;10;10142564698;B
20240418;100818;160.08;300;10142564801;S
20240418;100819;160.1;60;10142564942;B
20240418;100819;160.1;50;10142564968;B
20240418;100820;160.1;10;10142565044;B
20240418;100821;160.08;100;10142565260;S
20240418;100823;160.1;890;10142565596;B
20240418;100823;160.1;50;10142565597;B
20240418;100823;160.1;10;10142565598;B
20240418;100823;160.1;180;10142565599;B
20240418;100823;160.1;1260;10142565600;B
20240418;100823;160.12;50;10142565601;B
20240418;100823;160.12;560;10142565602;B
20240418;100824;160.08;190;10142565796;S
20240418;100826;160.1;10;10142565921;B
20240418;100827;160.1;30;10142566216;B
20240418;100829;160.1;10;10142566463;B
20240418;100829;160.1;240;10142566464;B
20240418;100829;160.08;10;10142566506;S
20240418;100829;160.1;50;10142566533;B
20240418;100829;160.1;30;10142566534;B
20240418;100830;160.1;10;10142566690;B
20240418;100832;160.1;100;10142566955;B
20240418;100833;160.1;100;10142567034;B
20240418;100833;160.08;300;10142567044;S
20240418;100835;160.1;40;10142567350;B
20240418;100835;160.08;70;10142567402;S
20240418;100835;160.06;2080;10142567403;S
20240418;100835;160.06;180;10142567404;S
20240418;100835;160.04;170;10142567405;S
20240418;100837;160.06;100;10142567613;S
20240418;100838;160.06;940;10142567638;S
20240418;100838;160.04;2060;10142567639;S
20240418;100838;160.04;940;10142567735;S
20240418;100838;160.04;500;10142567736;S
20240418;100838;160.04;60;10142567737;S
20240418;100839;160.04;50;10142567829;B
20240418;100839;160.04;50;10142567853;B
20240418;100839;160.04;500;10142567854;B
20240418;100839;160.04;180;10142567855;B
20240418;100844;160.06;20;10142568438;B
20240418;100844;160.04;100;10142568479;S
20240418;100844;160.06;10;10142568492;B
20240418;100848;160.06;20;10142569611;B
20240418;100848;160.06;180;10142569612;B
20240418;100848;160.08;50;10142569613;B
20240418;100848;160.08;500;10142569614;B
20240418;100848;160.1;210;10142569615;B
20240418;100848;160.1;50;10142569616;B
20240418;100848;160.1;210;10142569617;B
20240418;100848;160.1;1260;10142569618;B
20240418;100848;160.1;500;10142569619;B
20240418;100848;160.1;1570;10142569620;B
20240418;100848;160.1;1060;10142569621;B
20240418;100848;160.08;500;10142569622;B
20240418;100849;160.04;420;10142569754;S
20240418;100849;160.04;200;10142569755;S
20240418;100849;160.02;380;10142569756;S
20240418;100851;160.06;200;10142569972;B
20240418;100851;160.08;180;10142569973;B
20240418;100851;160.1;1620;10142569974;B
20240418;100857;160.1;150;10142570779;B
20240418;100857;160.1;10;10142570875;B
20240418;100858;160.1;160;10142570896;B
20240418;100903;160.1;70;10142571662;B
20240418;100903;160.06;100;10142571677;S
20240418;100903;160.1;150;10142571683;B
20240418;100904;160.1;20;10142571698;B
20240418;100904;160.1;760;10142571702;B
20240418;100904;160.1;20;10142571703;B
20240418;100904;160.1;1720;10142571704;B
20240418;100905;160.1;60;10142571998;B
20240418;100906;160.1;10;10142572098;B
20240418;100906;160.1;780;10142572100;B
20240418;100906;160.1;150;10142572171;B
20240418;100906;160.1;480;10142572172;B
20240418;100906;160.1;20;10142572200;B
20240418;100906;160.12;10;10142572201;B
20240418;100906;160.12;430;10142572218;B
20240418;100906;160.12;2000;10142572219;B
20240418;100906;160.14;860;10142572220;B
20240418;100907;160.14;160;10142572345;B
20240418;100908;160.14;620;10142572491;B
20240418;100910;160.14;250;10142572706;B
20240418;100910;160.14;370;10142572712;B
20240418;100910;160.16;1570;10142572713;B
20240418;100910;160.14;10;10142572773;S
20240418;100910;160.14;110;10142572774;S
20240418;100910;160.16;500;10142572777;B
20240418;100911;160.16;1000;10142572806;B
20240418;100911;160.16;120;10142572828;B
20240418;100912;160.14;20;10142572981;S
20240418;100912;160.16;100;10142572994;B
20240418;100912;160.16;1000;10142573006;B
20240418;100912;160.16;500;10142573018;B
20240418;100913;160.14;20;10142573090;S
20240418;100914;160.16;10;10142573174;B
20240418;100914;160.16;2000;10142573205;B
20240418;100914;160.16;750;10142573213;B
20240418;100915;160.14;60;10142573258;S
20240418;100915;160.14;190;10142573259;S
20240418;100915;160.16;340;10142573263;B
20240418;100916;160.16;400;10142573453;B
20240418;100916;160.16;20;10142573497;B
20240418;100917;160.16;450;10142573639;B
20240418;100918;160.16;270;10142573684;B
20240418;100918;160.16;10;10142573685;B
20240418;100918;160.16;200;10142573686;B
20240418;100918;160.16;50;10142573687;B
20240418;100918;160.18;50;10142573688;B
20240418;100918;160.18;10;10142573689;B
20240418;100918;160.18;410;10142573690;B
20240418;100918;160.16;50;10142573704;S
20240418;100918;160.16;150;10142573705;S
20240418;100918;160.16;40;10142573748;S
20240418;100918;160.14;620;10142573777;S
20240418;100918;160.14;20;10142573778;S
20240418;100918;160.14;50;10142573779;S
20240418;100918;160.14;10;10142573838;S
20240418;100918;160.14;260;10142573839;S
20240418;100918;160.12;1260;10142573840;S
20240418;100918;160.12;200;10142573841;S
20240418;100918;160.12;190;10142573842;S
20240418;100918;160.12;160;10142573970;B
20240418;100918;160.14;190;10142573971;B
20240418;100918;160.16;350;10142573972;B
20240418;100919;160.1;690;10142574108;S
20240418;100919;160.14;10;10142574254;B
20240418;100919;160.16;40;10142574255;B
20240418;100920;160.12;270;10142574285;B
20240418;100920;160.12;90;10142574286;B
20240418;100920;160.16;310;10142574287;B
20240418;100920;160.16;200;10142574288;B
20240418;100920;160.16;130;10142574289;B
20240418;100920;160.14;50;10142574323;B
20240418;100920;160.14;20;10142574355;B
20240418;100920;160.14;260;10142574425;B
20240418;100920;160.16;2240;10142574426;B
20240418;100921;160.16;450;10142574529;B
20240418;100921;160.16;30;10142574537;B
20240418;100921;160.18;970;10142574538;B
20240418;100922;160.14;50;10142574584;S
20240418;100922;160.16;50;10142574669;B
20240418;100922;160.18;250;10142574670;B
20240418;100923;160.16;30;10142574846;B
20240418;100923;160.16;50;10142574847;B
20240418;100924;160.18;210;10142574892;B
20240418;100925;160.18;250;10142575026;B
20240418;100925;160.18;50;10142575082;B
20240418;100928;160.18;30;10142575592;B
20240418;100928;160.18;250;10142575630;B
20240418;100929;160.18;580;10142575664;B
20240418;100929;160.18;10;10142575665;B
20240418;100929;160.18;300;10142575666;B
20240418;100929;160.18;110;10142575667;B
20240418;100929;160.18;20;10142575690;B
20240418;100929;160.18;310;10142575712;B
20240418;100929;160.18;200;10142575730;B
20240418;100930;160.18;10;10142575798;B
20240418;100931;160.18;10;10142575856;B
20240418;100931;160.18;340;10142575960;B
20240418;100931;160.18;10;10142575961;B
20240418;100931;160.18;50;10142575962;B
20240418;100931;160.18;100;10142575963;B
20240418;100931;160.18;120;10142575964;B
20240418;100933;160.16;470;10142576169;S
20240418;100934;160.16;20;10142576234;S
20240418;100934;160.18;200;10142576244;B
20240418;100934;160.18;10;10142576309;B
20240418;100934;160.18;1670;10142576316;B
20240418;100934;160.18;100;10142576317;B
20240418;100934;160.18;300;10142576318;B
20240418;100934;160.18;20;10142576319;B
20240418;100934;160.2;910;10142576320;B
20240418;100935;160.2;1000;10142576332;B
20240418;100935;160.16;10;10142576359;S
20240418;100935;160.18;80;10142576472;B
20240418;100936;160.16;10;10142576492;S
20240418;100936;160.18;100;10142576543;B
20240418;100936;160.18;320;10142576571;B
20240418;100936;160.2;450;10142576572;B
20240418;100937;160.2;2000;10142576650;B
20240418;100938;160.2;1000;10142576717;B
20240418;100938;160.2;500;10142576724;B
20240418;100938;160.18;200;10142576725;S
20240418;100938;160.18;200;10142576726;S
20240418;100938;160.16;410;10142576727;S
20240418;100938;160.16;80;10142576728;S
20240418;100938;160.16;600;10142576729;S
20240418;100938;160.16;50;10142576730;S
20240418;100938;160.16;130;10142576731;S
20240418;100938;160.16;50;10142576732;S
20240418;100938;160.14;1210;10142576733;S
20240418;100938;160.14;200;10142576734;S
20240418;100938;160.14;20;10142576735;S
20240418;100938;160.14;400;10142576736;S
20240418;100938;160.14;50;10142576737;S
20240418;100938;160.18;190;10142576760;B
20240418;100938;160.2;1310;10142576761;B
20240418;100938;160.2;2830;10142576769;B
20240418;100938;160.2;100;10142576770;B
20240418;100938;160.2;500;10142576771;B
20240418;100938;160.2;100;10142576772;B
20240418;100938;160.2;10;10142576773;B
20240418;100938;160.2;1200;10142576774;B
20240418;100938;160.2;260;10142576775;B
20240418;100938;160.2;190;10142576778;B
20240418;100938;160.2;500;10142576779;B
20240418;100938;160.2;50;10142576780;B
20240418;100938;160.2;400;10142576781;B
20240418;100938;160.2;10;10142576782;B
20240418;100938;160.22;50;10142576783;B
20240418;100938;160.22;50;10142576784;B
20240418;100938;160.22;250;10142576785;B
20240418;100938;160.22;250;10142576799;B
20240418;100938;160.24;30;10142576800;B
20240418;100938;160.24;400;10142576801;B
20240418;100938;160.24;10;10142576802;B
20240418;100938;160.24;50;10142576803;B
20240418;100938;160.24;760;10142576804;B
20240418;100938;160.22;500;10142576828;B
20240418;100938;160.24;640;10142576829;B
20240418;100938;160.24;360;10142576830;B
20240418;100939;160.2;400;10142576852;B
20240418;100939;160.2;10;10142576853;B
20240418;100939;160.22;30;10142576854;B
20240418;100939;160.24;560;10142576855;B
20240418;100940;160.2;50;10142576995;B
20240418;100940;160.24;80;10142576996;B
20240418;100940;160.24;500;10142576997;B
20240418;100940;160.24;200;10142576998;B
20240418;100940;160.26;170;10142576999;B
20240418;100940;160.2;10;10142577011;S
20240418;100941;160.22;10;10142577154;S
20240418;100942;160.22;10;10142577261;S
20240418;100942;160.2;40;10142577262;S
20240418;100943;160.24;50;10142577399;B
20240418;100943;160.26;950;10142577400;B
20240418;100943;160.26;210;10142577491;B
20240418;100943;160.26;1000;10142577501;B
20240418;100944;160.24;260;10142577564;B
20240418;100944;160.26;7670;10142577565;B
20240418;100944;160.26;130;10142577566;B
20240418;100944;160.26;10;10142577567;B
20240418;100944;160.26;20;10142577568;B
20240418;100944;160.26;990;10142577569;B
20240418;100944;160.26;200;10142577570;B
20240418;100944;160.28;10;10142577571;B
20240418;100944;160.28;100;10142577572;B
20240418;100944;160.28;10;10142577573;B
20240418;100944;160.28;120;10142577574;B
20240418;100944;160.28;500;10142577575;B
20240418;100944;160.28;2980;10142577576;B
20240418;100944;160.26;200;10142577598;B
20240418;100944;160.28;740;10142577599;B
20240418;100945;160.26;30;10142577702;S
20240418;100947;160.28;1000;10142578003;B
20240418;100948;160.26;500;10142578333;S
20240418;100948;160.26;330;10142578335;S
20240418;100948;160.26;170;10142578336;S
20240418;100948;160.26;30;10142578337;S
20240418;100948;160.26;20;10142578344;B
20240418;100948;160.24;200;10142578389;S
20240418;100948;160.24;100;10142578390;S
20240418;100949;160.24;100;10142578406;S
20240418;100949;160.24;70;10142578407;S
20240418;100949;160.22;180;10142578408;S
20240418;100949;160.22;150;10142578409;S
20240418;100949;160.26;100;10142578420;B
20240418;100949;160.26;30;10142578489;B
20240418;100949;160.26;1130;10142578507;B
20240418;100949;160.26;450;10142578508;B
20240418;100949;160.28;280;10142578509;B
20240418;100949;160.28;1000;10142578510;B
20240418;100949;160.28;20;10142578511;B
20240418;100949;160.28;500;10142578512;B
20240418;100949;160.28;50;10142578513;B
20240418;100949;160.28;500;10142578514;B
20240418;100949;160.28;200;10142578515;B
20240418;100949;160.28;200;10142578516;B
20240418;100949;160.3;670;10142578517;B
20240418;100949;160.28;150;10142578518;B
20240418;100949;160.28;600;10142578519;B
20240418;100950;160.26;20;10142578600;S
20240418;100950;160.24;150;10142578601;S
20240418;100950;160.24;30;10142578602;S
20240418;100950;160.22;680;10142578603;S
20240418;100950;160.22;20;10142578604;S
20240418;100950;160.2;60;10142578605;S
20240418;100950;160.2;1000;10142578606;S
20240418;100950;160.2;200;10142578607;S
20240418;100950;160.2;50;10142578608;S
20240418;100950;160.2;8000;10142578609;S
20240418;100950;160.18;50;10142578610;S
20240418;100950;160.18;200;10142578611;S
20240418;100950;160.18;10000;10142578612;S
20240418;100950;160.18;120;10142578613;S
20240418;100950;160.16;50;10142578614;S
20240418;100950;160.16;8500;10142578615;S
20240418;100950;160.16;870;10142578616;S
20240418;100950;160.24;50;10142578649;B
20240418;100950;160.26;10;10142578650;B
20240418;100951;160.24;50;10142578772;B
20240418;100951;160.26;450;10142578773;B
20240418;100952;160.24;50;10142578816;B
20240418;100952;160.24;210;10142578817;B
20240418;100952;160.26;120;10142578818;B
20240418;100952;160.2;20;10142578943;S
20240418;100952;160.18;80;10142578944;S
20240418;100952;160.18;120;10142578949;S
20240418;100952;160.18;80;10142578950;S
20240418;100952;160.18;210;10142578951;S
20240418;100952;160.18;20;10142578952;S
20240418;100952;160.18;50;10142578953;S
20240418;100952;160.16;170;10142578954;S
20240418;100952;160.16;50;10142578955;S
20240418;100952;160.16;20;10142578956;S
20240418;100952;160.14;280;10142578957;S
20240418;100953;160.24;10;10142578997;B
20240418;100954;160.2;20;10142579240;B
20240418;100955;160.2;30;10142579422;B
20240418;100955;160.2;50;10142579423;B
20240418;100955;160.2;100;10142579424;B
20240418;100955;160.22;20;10142579425;B
20240418;100958;160.22;150;10142579947;B
20240418;100958;160.22;50;10142579948;B
20240418;100958;160.22;200;10142579949;B
20240418;100958;160.22;50;10142579950;B
20240418;100958;160.24;40;10142579951;B
20240418;100958;160.24;1260;10142579952;B
20240418;100958;160.24;1570;10142579953;B
20240418;100958;160.24;50;10142579954;B
20240418;100958;160.26;10;10142579955;B
20240418;100958;160.26;50;10142579956;B
20240418;100958;160.26;50;10142579957;B
20240418;100958;160.26;3120;10142579958;B
20240418;100958;160.26;620;10142579959;B
20240418;100958;160.28;2780;10142579960;B
20240418;101000;160.2;20;10142580229;S
20240418;101000;160.26;30;10142580358;B
20240418;101003;160.24;10;10142580684;S
20240418;101003;160.24;10;10142580685;S
20240418;101003;160.24;90;10142580826;B
20240418;101003;160.24;90;10142580838;B
20240418;101003;160.26;120;10142580839;B
20240418;101003;160.26;190;10142580840;B
20240418;101004;160.2;60;10142580869;S
20240418;101004;160.2;20;10142580870;S
20240418;101004;160.2;20;10142580871;S
20240418;101006;160.26;1070;10142581144;B
20240418;101006;160.28;10;10142581145;B
20240418;101006;160.28;2500;10142581146;B
20240418;101006;160.28;2000;10142581147;B
20240418;101006;160.28;100;10142581148;B
20240418;101006;160.28;400;10142581149;B
20240418;101006;160.3;3920;10142581150;B
20240418;101008;160.26;10;10142581624;S
20240418;101012;160.24;100;10142582189;S
20240418;101014;160.26;160;10142582330;B
20240418;101015;160.28;60;10142582503;B
20240418;101015;160.28;50;10142582504;B
20240418;101015;160.28;90;10142582505;B
20240418;101015;160.28;70;10142582528;B
20240418;101015;160.28;80;10142582529;B
20240418;101016;160.28;80;10142582742;B
20240418;101016;160.28;210;10142582743;B
20240418;101016;160.3;1010;10142582744;B
20240418;101016;160.3;600;10142582774;B
20240418;101018;160.28;200;10142582958;B
20240418;101018;160.28;10;10142582975;B
20240418;101019;160.28;10;10142583199;B
20240418;101019;160.28;190;10142583200;B
20240418;101019;160.28;430;10142583217;B
20240418;101019;160.3;13800;10142583218;B
20240418;101019;160.3;10;10142583219;B
20240418;101019;160.3;50;10142583220;B
20240418;101019;160.3;10;10142583221;B
20240418;101019;160.3;10;10142583222;B
20240418;101019;160.3;2690;10142583223;B
20240418;101021;160.3;830;10142583378;B
20240418;101021;160.3;30;10142583379;B
20240418;101021;160.3;10;10142583380;B
20240418;101021;160.3;100;10142583381;B
20240418;101021;160.3;20;10142583382;B
20240418;101021;160.3;50;10142583383;B
20240418;101021;160.3;3960;10142583384;B
20240418;101021;160.3;10;10142583428;B
20240418;101022;160.28;50;10142583497;S
20240418;101022;160.28;220;10142583498;S
20240418;101022;160.28;30;10142583499;S
20240418;101023;160.28;30;10142583681;S
20240418;101023;160.3;10;10142583716;B
20240418;101026;160.3;620;10142584127;B
20240418;101027;160.28;10;10142584284;S
20240418;101031;160.28;120;10142584933;S
20240418;101031;160.26;140;10142584970;S
20240418;101031;160.26;60;10142584971;S
20240418;101031;160.26;300;10142584972;S
20240418;101032;160.3;200;10142585111;B
20240418;101032;160.3;30;10142585121;B
20240418;101034;160.28;250;10142585419;B
20240418;101034;160.3;960;10142585420;B
20240418;101034;160.3;10;10142585421;B
20240418;101034;160.3;20;10142585422;B
20240418;101034;160.3;50;10142585423;B
20240418;101034;160.3;200;10142585424;B
20240418;101034;160.3;50;10142585425;B
20240418;101034;160.3;1460;10142585426;B
20240418;101035;160.3;8540;10142585455;B
20240418;101035;160.32;40;10142585456;B
20240418;101035;160.32;300;10142585457;B
20240418;101035;160.32;50;10142585458;B
20240418;101035;160.32;1000;10142585459;B
20240418;101035;160.32;70;10142585460;B
20240418;101036;160.34;20;10142585544;B
20240418;101036;160.34;20;10142585545;B
20240418;101036;160.34;10;10142585546;B
20240418;101036;160.34;40;10142585584;B
20240418;101036;160.34;10;10142585585;B
20240418;101036;160.3;50;10142585593;S
20240418;101036;160.28;50;10142585594;S
20240418;101036;160.28;50;10142585595;S
20240418;101036;160.26;70;10142585596;S
20240418;101036;160.26;80;10142585597;S
20240418;101037;160.34;100;10142585833;B
20240418;101038;160.34;120;10142585882;B
20240418;101039;160.32;50;10142586113;S
20240418;101040;160.34;50;10142586190;B
20240418;101040;160.34;10;10142586201;B
20240418;101041;160.34;40;10142586236;B
20240418;101041;160.34;10;10142586237;B
20240418;101041;160.34;50;10142586267;B
20240418;101041;160.28;50;10142586304;S
20240418;101041;160.28;220;10142586305;S
20240418;101041;160.26;50;10142586306;S
20240418;101041;160.26;10;10142586307;S
20240418;101041;160.26;200;10142586308;S
20240418;101041;160.26;10;10142586309;S
20240418;101041;160.24;300;10142586310;S
20240418;101041;160.24;50;10142586311;S
20240418;101041;160.24;110;10142586312;S
20240418;101041;160.32;50;10142586335;B
20240418;101042;160.32;50;10142586405;B
20240418;101042;160.34;40;10142586490;B
20240418;101042;160.34;10;10142586491;B
20240418;101042;160.34;50;10142586510;B
20240418;101043;160.34;50;10142586562;B
20240418;101043;160.34;10;10142586579;B
20240418;101043;160.34;40;10142586580;B
20240418;101043;160.34;50;10142586634;B
20240418;101044;160.34;50;10142586703;B
20240418;101044;160.34;50;10142586754;B
20240418;101044;160.34;10;10142586825;B
20240418;101044;160.34;40;10142586826;B
20240418;101045;160.34;10;10142586893;B
20240418;101046;160.34;40;10142587062;S
20240418;101046;160.34;50;10142587063;S
20240418;101048;160.34;10;10142587285;B
20240418;101048;160.34;40;10142587286;B
20240418;101048;160.34;10;10142587404;B
20240418;101048;160.34;40;10142587405;B
20240418;101049;160.34;10;10142587659;B
20240418;101049;160.34;40;10142587660;B
20240418;101050;160.34;10;10142587753;B
20240418;101050;160.36;10;10142587922;B
20240418;101051;160.34;40;10142587974;S
20240418;101051;160.34;100;10142587975;S
20240418;101051;160.32;160;10142587976;S
20240418;101052;160.34;1000;10142588066;B
20240418;101052;160.3;30;10142588082;S
20240418;101053;160.34;100;10142588170;B
20240418;101053;160.34;10;10142588171;B
20240418;101053;160.34;390;10142588172;B
20240418;101055;160.34;410;10142588339;B
20240418;101055;160.34;590;10142588340;B
20240418;101055;160.34;1410;10142588383;B
20240418;101055;160.34;50;10142588384;B
20240418;101055;160.36;630;10142588385;B
20240418;101058;160.34;10;10142588801;B
20240418;101058;160.34;1990;10142588809;B
20240418;101058;160.34;10;10142588810;B
20240418;101058;160.34;1000;10142588811;B
20240418;101058;160.34;1260;10142588812;B
20240418;101058;160.36;19360;10142588813;B
20240418;101058;160.36;10;10142588814;B
20240418;101058;160.36;30;10142588815;B
20240418;101058;160.36;80;10142588816;B
20240418;101058;160.38;50;10142588817;B
20240418;101058;160.38;10;10142588818;B
20240418;101058;160.38;50;10142588819;B
20240418;101058;160.38;240;10142588820;B
20240418;101058;160.4;10;10142588821;B
20240418;101058;160.4;20;10142588822;B
20240418;101058;160.4;50;10142588823;B
20240418;101058;160.4;50;10142588824;B
20240418;101058;160.4;1000;10142588825;B
20240418;101058;160.4;400;10142588826;B
20240418;101058;160.42;10000;10142588827;B
20240418;101058;160.42;2400;10142588828;B
20240418;101058;160.44;170;10142588829;B
20240418;101058;160.46;100;10142588830;B
20240418;101058;160.46;500;10142588831;B
20240418;101058;160.46;50;10142588832;B
20240418;101058;160.48;20;10142588833;B
20240418;101058;160.48;10;10142588834;B
20240418;101058;160.48;100;10142588835;B
20240418;101058;160.48;4000;10142588836;B
20240418;101058;160.48;4000;10142588837;B
20240418;101058;160.48;1000;10142588838;B
20240418;101058;160.48;10;10142588839;B
20240418;101058;160.48;10;10142588840;B
20240418;101058;160.48;50;10142588841;B
20240418;101058;160.48;30;10142588842;B
20240418;101058;160.48;50;10142588843;B
20240418;101058;160.48;800;10142588844;B
20240418;101058;160.5;300;10142588845;B
20240418;101058;160.5;10;10142588846;B
20240418;101058;160.5;100;10142588847;B
20240418;101058;160.5;10;10142588848;B
20240418;101058;160.5;400;10142588849;B
20240418;101058;160.5;260;10142588850;B
20240418;101058;160.46;10;10142588855;B
20240418;101059;160.42;20;10142588882;S
20240418;101059;160.42;30;10142588883;S
20240418;101059;160.4;20;10142588884;S
20240418;101059;160.4;90;10142588885;S
20240418;101059;160.42;50;10142588886;S
20240418;101059;160.4;30;10142588887;S
20240418;101059;160.46;150;10142588890;B
20240418;101059;160.46;20;10142588891;B
20240418;101059;160.46;220;10142588921;B
20240418;101059;160.48;150;10142588922;B
20240418;101059;160.48;40;10142588931;B
20240418;101059;160.48;40;10142588932;B
20240418;101059;160.48;400;10142588933;B
20240418;101059;160.48;630;10142588934;B
20240418;101059;160.48;50;10142588935;B
20240418;101059;160.48;270;10142588936;B
20240418;101059;160.48;40;10142588937;B
20240418;101059;160.48;40;10142588938;B
20240418;101059;160.48;90;10142588939;B
20240418;101059;160.46;10;10142588945;S
20240418;101059;160.4;20;10142588946;S
20240418;101059;160.4;10;10142588947;S
20240418;101059;160.38;50;10142588948;S
20240418;101059;160.38;10;10142588949;S
20240418;101059;160.48;1260;10142588950;B
20240418;101059;160.48;50;10142588951;B
20240418;101059;160.5;40;10142588952;B
20240418;101059;160.5;1500;10142588953;B
20240418;101059;160.5;150;10142588954;B
20240418;101059;160.48;140;10142588956;B
20240418;101059;160.38;10;10142588957;S
20240418;101059;160.48;40;10142588959;B
20240418;101059;160.42;10;10142588962;B
20240418;101059;160.4;60;10142588965;B
20240418;101059;160.38;10;10142588972;S
20240418;101059;160.4;10;10142588973;B
20240418;101059;160.48;1000;10142588998;B
20240418;101100;160.48;50;10142589107;B
20240418;101100;160.48;40;10142589108;B
20240418;101100;160.44;10;10142589130;S
20240418;101101;160.46;50;10142589150;B
20240418;101101;160.48;1530;10142589151;B
20240418;101101;160.48;70;10142589152;B
20240418;101101;160.46;10;10142589315;B
20240418;101101;160.46;40;10142589316;B
20240418;101101;160.48;210;10142589317;B
20240418;101101;160.48;40;10142589326;B
20240418;101102;160.48;10;10142589341;B
20240418;101102;160.48;1570;10142589342;B
20240418;101102;160.48;50;10142589343;B
20240418;101102;160.5;350;10142589344;B
20240418;101102;160.5;10;10142589345;B
20240418;101102;160.5;10;10142589346;B
20240418;101102;160.5;10;10142589347;B
20240418;101102;160.5;10;10142589348;B
20240418;101102;160.5;4000;10142589349;B
20240418;101102;160.5;1000;10142589350;B
20240418;101102;160.5;10;10142589351;B
20240418;101102;160.5;100;10142589352;B
20240418;101102;160.5;20;10142589353;B
20240418;101102;160.5;10;10142589354;B
20240418;101102;160.5;100;10142589355;B
20240418;101102;160.5;1000;10142589356;B
20240418;101102;160.5;11980;10142589357;B
20240418;101102;160.44;20;10142589445;S
20240418;101102;160.44;10;10142589459;S
20240418;101102;160.46;20;10142589461;B
20240418;101102;160.5;8020;10142589462;B
20240418;101102;160.5;10;10142589463;B
20240418;101102;160.5;240;10142589464;B
20240418;101102;160.54;70;10142589465;B
20240418;101102;160.54;10;10142589466;B
20240418;101102;160.54;280;10142589467;B
20240418;101102;160.54;500;10142589468;B
20240418;101102;160.54;500;10142589469;B
20240418;101102;160.54;200;10142589470;B
20240418;101102;160.56;10;10142589471;B
20240418;101102;160.56;500;10142589472;B
20240418;101102;160.56;10;10142589473;B
20240418;101102;160.58;120;10142589486;B
20240418;101102;160.58;100;10142589487;B
20240418;101102;160.58;10;10142589488;B
20240418;101102;160.58;20;10142589489;B
20240418;101102;160.6;10;10142589490;B
20240418;101102;160.6;100;10142589491;B
20240418;101102;160.6;10;10142589492;B
20240418;101102;160.6;20;10142589493;B
20240418;101102;160.6;50;10142589494;B
20240418;101102;160.6;1490;10142589495;B
20240418;101102;160.6;70;10142589496;B
20240418;101102;160.6;120;10142589497;B
20240418;101102;160.6;310;10142589498;B
20240418;101102;160.6;10;10142589499;B
20240418;101102;160.6;90;10142589500;B
20240418;101102;160.64;10;10142589501;B
20240418;101102;160.68;100;10142589512;B
20240418;101102;160.68;20;10142589550;B
20240418;101102;160.68;20;10142589551;B
20240418;101102;160.68;10;10142589552;B
20240418;101103;160.64;50;10142589638;S
20240418;101103;160.64;230;10142589639;S
20240418;101103;160.62;50;10142589640;S
20240418;101103;160.62;200;10142589641;S
20240418;101103;160.62;470;10142589642;S
20240418;101103;160.68;20;10142589656;B
20240418;101103;160.68;10;10142589657;B
20240418;101103;160.68;180;10142589658;B
20240418;101103;160.68;500;10142589659;B
20240418;101103;160.68;200;10142589660;B
20240418;101103;160.7;750;10142589661;B
20240418;101103;160.7;10;10142589662;B
20240418;101103;160.7;220;10142589663;B
20240418;101103;160.7;10;10142589664;B
20240418;101103;160.7;50;10142589665;B
20240418;101103;160.72;20;10142589666;B
20240418;101103;160.72;50;10142589667;B
20240418;101103;160.72;230;10142589668;B
20240418;101103;160.74;10;10142589669;B
20240418;101103;160.74;50;10142589670;B
20240418;101103;160.76;50;10142589671;B
20240418;101103;160.76;1570;10142589672;B
20240418;101103;160.76;1000;10142589673;B
20240418;101103;160.76;50;10142589674;B
20240418;101103;160.76;2020;10142589675;B
20240418;101103;160.68;100;10142589676;B
20240418;101103;160.66;50;10142589678;S
20240418;101103;160.64;50;10142589679;S
20240418;101103;160.66;50;10142589720;S
20240418;101103;160.64;50;10142589721;S
20240418;101103;160.64;60;10142589722;S
20240418;101103;160.64;70;10142589725;S
20240418;101103;160.64;70;10142589728;S
20240418;101103;160.64;50;10142589729;S
20240418;101103;160.62;50;10142589730;S
20240418;101103;160.62;1000;10142589731;S
20240418;101103;160.6;50;10142589732;S
20240418;101103;160.6;10;10142589733;S
20240418;101103;160.58;50;10142589734;S
20240418;101103;160.58;780;10142589735;S
20240418;101103;160.56;50;10142589736;S
20240418;101103;160.54;50;10142589737;S
20240418;101103;160.54;840;10142589738;S
20240418;101103;160.56;10;10142589756;S
20240418;101104;160.64;10;10142589878;S
20240418;101105;160.68;10;10142589962;B
20240418;101105;160.68;50;10142589963;B
20240418;101105;160.68;50;10142589964;B
20240418;101105;160.68;200;10142589965;B
20240418;101105;160.7;50;10142589966;B
20240418;101105;160.72;50;10142589967;B
20240418;101105;160.72;590;10142589968;B
20240418;101106;160.7;10;10142590134;B
20240418;101106;160.72;140;10142590135;B
20240418;101106;160.64;10;10142590159;S
20240418;101107;160.64;40;10142590431;S
20240418;101107;160.64;50;10142590432;S
20240418;101107;160.64;230;10142590433;S
20240418;101107;160.64;300;10142590434;S
20240418;101107;160.64;380;10142590435;S
20240418;101108;160.7;10;10142590682;B
20240418;101109;160.64;150;10142590877;S
20240418;101110;160.66;100;10142590983;S
20240418;101111;160.64;470;10142591062;S
20240418;101111;160.64;500;10142591063;S
20240418;101111;160.62;30;10142591064;S
20240418;101111;160.68;10;10142591067;B
20240418;101111;160.68;10;10142591068;B
20240418;101112;160.62;200;10142591157;S
20240418;101112;160.62;800;10142591158;S
20240418;101112;160.66;20;10142591279;B
20240418;101113;160.68;50;10142591393;B
20240418;101113;160.68;50;10142591394;B
20240418;101114;160.68;60;10142591491;B
20240418;101114;160.68;90;10142591501;B
20240418;101114;160.68;50;10142591502;B
20240418;101115;160.7;40;10142591566;B
20240418;101115;160.7;60;10142591567;B
20240418;101115;160.66;50;10142591624;S
20240418;101116;160.68;550;10142591681;B
20240418;101116;160.68;1500;10142591726;B
20240418;101116;160.68;450;10142591739;B
20240418;101116;160.68;50;10142591740;B
20240418;101116;160.68;20;10142591741;B
20240418;101116;160.7;380;10142591742;B
20240418;101120;160.68;1570;10142592096;B
20240418;101120;160.68;50;10142592097;B
20240418;101120;160.68;330;10142592098;B
20240418;101120;160.68;50;10142592173;B
20240418;101121;160.66;50;10142592186;S
20240418;101121;160.68;20;10142592206;B
20240418;101121;160.68;50;10142592237;B
20240418;101121;160.68;650;10142592254;B
20240418;101122;160.68;120;10142592435;B
20240418;101122;160.68;500;10142592436;B
20240418;101123;160.68;10;10142592565;B
20240418;101124;160.66;50;10142592646;S
20240418;101124;160.64;220;10142592647;S
20240418;101124;160.64;730;10142592648;B
20240418;101124;160.68;10;10142592681;B
20240418;101126;160.64;20;10142592869;B
20240418;101126;160.66;980;10142592870;B
20240418;101127;160.66;10;10142592977;B
20240418;101128;160.66;450;10142593112;B
20240418;101128;160.66;150;10142593118;B
20240418;101128;160.66;240;10142593154;B
20240418;101129;160.66;50;10142593214;B
20240418;101131;160.66;120;10142593441;B
20240418;101131;160.66;20;10142593442;B
20240418;101131;160.66;360;10142593443;B
20240418;101132;160.64;80;10142593596;S
20240418;101132;160.62;220;10142593597;S
20240418;101132;160.6;200;10142593598;S
20240418;101132;160.6;620;10142593599;S
20240418;101132;160.6;50;10142593600;S
20240418;101132;160.6;2650;10142593601;B
20240418;101133;160.6;20;10142593653;B
20240418;101133;160.62;10;10142593672;B
20240418;101136;160.6;10;10142594122;S
20240418;101137;160.6;50;10142594181;S
20240418;101137;160.62;190;10142594195;B
20240418;101137;160.62;100;10142594196;B
20240418;101137;160.62;50;10142594197;B
20240418;101137;160.62;10;10142594198;B
20240418;101137;160.64;50;10142594199;B
20240418;101137;160.64;10;10142594200;B
20240418;101137;160.64;150;10142594201;B
20240418;101137;160.64;300;10142594202;B
20240418;101137;160.64;2000;10142594203;B
20240418;101137;160.66;1860;10142594204;B
20240418;101137;160.66;10;10142594205;B
20240418;101137;160.66;50;10142594206;B
20240418;101137;160.66;220;10142594207;B
20240418;101138;160.66;30;10142594381;B
20240418;101138;160.66;20;10142594382;B
20240418;101138;160.66;200;10142594383;B
20240418;101138;160.68;750;10142594384;B
20240418;101141;160.64;50;10142594740;S
20240418;101142;160.66;20;10142594851;B
20240418;101149;160.66;10;10142595591;B
20240418;101154;160.62;20;10142596124;S
20240418;101156;160.64;20;10142596345;B
20240418;101158;160.64;1000;10142596559;B
20240418;101158;160.62;60;10142596644;S
20240418;101159;160.64;20;10142596791;B
20240418;101201;160.62;2220;10142597094;S
20240418;101201;160.62;220;10142597095;S
20240418;101201;160.62;560;10142597096;S
20240418;101201;160.62;10;10142597112;S
20240418;101201;160.6;50;10142597113;S
20240418;101202;160.62;50;10142597214;B
20240418;101202;160.64;1100;10142597215;B
20240418;101202;160.64;10;10142597216;B
20240418;101202;160.64;50;10142597217;B
20240418;101202;160.64;2000;10142597218;B
20240418;101202;160.64;1250;10142597219;B
20240418;101202;160.64;20;10142597225;S
20240418;101202;160.66;20;10142597259;B
20240418;101204;160.66;20;10142597472;B
20240418;101206;160.66;610;10142597639;B
20240418;101207;160.64;10;10142597784;S
20240418;101208;160.66;500;10142597812;B
20240418;101208;160.64;100;10142597817;S
20240418;101208;160.64;410;10142597819;S
20240418;101208;160.64;1000;10142597820;S
20240418;101208;160.64;50;10142597821;S
20240418;101208;160.64;230;10142597822;S
20240418;101208;160.6;70;10142597823;S
20240418;101208;160.6;50;10142597824;S
20240418;101208;160.6;10;10142597825;S
20240418;101208;160.6;50;10142597826;S
20240418;101208;160.6;100;10142597841;B
20240418;101209;160.58;10;10142597976;S
20240418;101209;160.58;190;10142597977;S
20240418;101209;160.58;50;10142597978;S
20240418;101209;160.56;50;10142597979;S
20240418;101209;160.56;100;10142597980;S
20240418;101209;160.54;110;10142597981;S
20240418;101212;160.6;20;10142598253;B
20240418;101214;160.56;10;10142598577;S
20240418;101214;160.58;50;10142598578;B
20240418;101214;160.6;30;10142598579;B
20240418;101218;160.6;100;10142599114;B
20240418;101220;160.6;380;10142599550;B
20240418;101220;160.6;50;10142599551;B
20240418;101220;160.6;1960;10142599552;B
20240418;101220;160.6;100;10142599662;B
20240418;101222;160.6;50;10142599994;B
20240418;101224;160.6;20;10142600247;B
20240418;101224;160.6;10;10142600409;B
20240418;101224;160.6;100;10142600473;B
20240418;101229;160.58;60;10142601277;B
20240418;101229;160.58;570;10142601281;B
20240418;101229;160.58;30;10142601305;B
20240418;101231;160.58;100;10142601571;B
20240418;101231;160.58;50;10142601677;B
20240418;101232;160.58;20;10142601811;B
20240418;101232;160.56;10;10142601813;S
20240418;101232;160.56;510;10142601837;S
20240418;101232;160.56;110;10142601838;S
20240418;101232;160.54;10;10142601846;S
20240418;101232;160.58;100;10142601871;B
20240418;101235;160.56;20;10142602188;B
20240418;101235;160.58;80;10142602189;B
20240418;101235;160.56;100;10142602223;B
20240418;101235;160.56;800;10142602260;B
20240418;101237;160.56;10;10142602446;B
20240418;101237;160.54;30;10142602457;S
20240418;101237;160.56;90;10142602507;B
20240418;101237;160.56;10;10142602508;B
20240418;101238;160.56;100;10142602563;B
20240418;101239;160.54;50;10142602738;S
20240418;101239;160.54;50;10142602796;S
20240418;101239;160.54;600;10142602797;S
20240418;101239;160.54;220;10142602798;S
20240418;101239;160.5;50;10142602799;S
20240418;101239;160.5;80;10142602800;S
20240418;101239;160.5;50;10142602821;S
20240418;101240;160.5;10;10142602935;S
20240418;101240;160.5;360;10142602947;S
20240418;101240;160.5;200;10142602948;S
20240418;101240;160.5;50;10142602949;S
20240418;101240;160.5;50;10142602950;S
20240418;101242;160.46;50;10142603172;S
20240418;101242;160.46;50;10142603173;S
20240418;101243;160.48;50;10142603321;B
20240418;101243;160.48;50;10142603322;B
20240418;101245;160.44;100;10142603639;S
20240418;101245;160.44;50;10142603640;S
20240418;101245;160.44;50;10142603641;S
20240418;101245;160.44;50;10142603698;S
20240418;101245;160.44;50;10142603699;S
20240418;101245;160.42;50;10142603700;S
20240418;101245;160.42;50;10142603701;S
20240418;101246;160.48;100;10142603731;B
20240418;101246;160.48;20;10142603766;B
20240418;101246;160.5;80;10142603767;B
20240418;101246;160.5;100;10142603769;B
20240418;101246;160.5;100;10142603799;B
20240418;101246;160.5;100;10142603806;B
20240418;101247;160.5;100;10142603834;B
20240418;101247;160.5;100;10142603856;B
20240418;101247;160.5;100;10142603906;B
20240418;101247;160.5;100;10142603908;B
20240418;101247;160.5;60;10142603921;B
20240418;101247;160.5;40;10142603922;B
20240418;101248;160.5;100;10142603952;B
20240418;101248;160.5;100;10142603982;B
20240418;101248;160.5;70;10142604009;B
20240418;101248;160.52;30;10142604010;B
20240418;101249;160.52;50;10142604038;B
20240418;101249;160.54;50;10142604039;B
20240418;101249;160.54;20;10142604063;B
20240418;101249;160.54;20;10142604064;B
20240418;101249;160.54;60;10142604065;B
20240418;101249;160.54;100;10142604090;B
20240418;101250;160.5;500;10142604218;B
20240418;101250;160.5;100;10142604242;S
20240418;101251;160.54;10;10142604249;B
20240418;101251;160.52;20;10142604332;S
20240418;101252;160.56;100;10142604406;B
20240418;101252;160.56;100;10142604436;B
20240418;101252;160.56;100;10142604472;B
20240418;101253;160.56;100;10142604512;B
20240418;101253;160.56;100;10142604547;B
20240418;101253;160.56;100;10142604564;B
20240418;101253;160.56;100;10142604596;B
20240418;101255;160.52;50;10142604768;S
20240418;101255;160.54;10;10142604779;B
20240418;101256;160.54;90;10142604972;B
20240418;101256;160.56;10;10142604973;B
20240418;101256;160.56;100;10142604989;B
20240418;101257;160.56;100;10142605035;B
20240418;101257;160.56;100;10142605106;B
20240418;101257;160.56;100;10142605166;B
20240418;101257;160.56;100;10142605170;B
20240418;101257;160.56;100;10142605193;B
20240418;101258;160.56;100;10142605223;B
20240418;101258;160.56;10;10142605236;B
20240418;101258;160.5;310;10142605260;S
20240418;101258;160.5;2000;10142605297;S
20240418;101258;160.54;40;10142605356;B
20240418;101259;160.5;50;10142605445;S
20240418;101301;160.54;210;10142605756;B
20240418;101301;160.5;10;10142605814;S
20240418;101303;160.56;10;10142606100;B
20240418;101303;160.56;10;10142606139;B
20240418;101305;160.54;10;10142606305;B
20240418;101305;160.52;20;10142606350;S
20240418;101305;160.54;10;10142606355;B
20240418;101305;160.56;10;10142606358;B
20240418;101305;160.56;10;10142606382;B
20240418;101305;160.56;10;10142606388;B
20240418;101306;160.56;10;10142606467;B
20240418;101307;160.56;400;10142606583;B
20240418;101308;160.56;10;10142606704;B
20240418;101308;160.56;50;10142606705;B
20240418;101308;160.56;340;10142606706;B
20240418;101309;160.54;10;10142607135;S
20240418;101310;160.54;150;10142607210;S
20240418;101310;160.54;10;10142607213;S
20240418;101310;160.54;100;10142607214;S
20240418;101315;160.56;150;10142608044;B
20240418;101315;160.56;100;10142608048;B
20240418;101315;160.54;30;10142608113;S
20240418;101315;160.54;50;10142608114;S
20240418;101316;160.56;50;10142608359;B
20240418;101317;160.56;20;10142608540;B
20240418;101318;160.56;10;10142608791;B
20240418;101318;160.52;190;10142608917;S
20240418;101318;160.52;20;10142608918;S
20240418;101318;160.52;790;10142608919;S
20240418;101319;160.56;100;10142609095;B
20240418;101320;160.52;30;10142609131;S
20240418;101321;160.56;250;10142609171;B
20240418;101321;160.56;580;10142609223;B
20240418;101322;160.52;50;10142609412;S
20240418;101323;160.54;10;10142609503;S
20240418;101323;160.54;10;10142609539;B
20240418;101323;160.52;20;10142609615;S
20240418;101326;160.54;10;10142610145;B
20240418;101326;160.54;40;10142610146;B
20240418;101327;160.54;20;10142610205;B
20240418;101328;160.52;110;10142610397;S
20240418;101328;160.52;10;10142610398;S
20240418;101328;160.52;240;10142610399;S
20240418;101328;160.5;340;10142610400;S
20240418;101329;160.5;700;10142610625;S
20240418;101330;160.52;50;10142610704;B
20240418;101330;160.52;10;10142610705;B
20240418;101331;160.5;580;10142610913;S
20240418;101332;160.52;250;10142610985;B
20240418;101332;160.5;20;10142611007;S
20240418;101334;160.52;30;10142611234;B
20240418;101336;160.5;370;10142611417;S
20240418;101336;160.5;370;10142611439;S
20240418;101336;160.5;2000;10142611568;S
20240418;101337;160.5;320;10142611774;S
20240418;101337;160.5;320;10142611786;S
20240418;101337;160.5;4010;10142611853;S
20240418;101337;160.5;160;10142611854;S
20240418;101337;160.5;30;10142611855;S
20240418;101337;160.5;4000;10142611856;S
20240418;101337;160.5;10;10142611857;S
20240418;101337;160.5;30;10142611858;S
20240418;101337;160.48;20;10142611859;S
20240418;101337;160.48;50;10142611860;S
20240418;101337;160.48;240;10142611861;S
20240418;101337;160.48;20;10142611871;B
20240418;101337;160.46;10;10142611877;S
20240418;101337;160.42;500;10142611878;S
20240418;101337;160.44;100;10142611881;B
20240418;101340;160.44;50;10142612180;B
20240418;101340;160.44;10;10142612181;B
20240418;101340;160.44;270;10142612182;B
20240418;101340;160.46;50;10142612183;B
20240418;101340;160.46;120;10142612184;B
20240418;101340;160.42;620;10142612268;S
20240418;101341;160.42;620;10142612289;S
20240418;101344;160.44;10;10142612917;B
20240418;101346;160.42;700;10142613077;S
20240418;101346;160.42;10;10142613078;S
20240418;101346;160.42;100;10142613079;S
20240418;101346;160.4;270;10142613080;S
20240418;101346;160.4;50;10142613081;S
20240418;101346;160.4;10;10142613082;S
20240418;101346;160.4;10;10142613083;S
20240418;101346;160.4;150;10142613084;S
20240418;101346;160.4;200;10142613085;S
20240418;101348;160.4;50;10142613425;S
20240418;101350;160.42;150;10142613652;B
20240418;101350;160.42;10;10142613653;B
20240418;101350;160.44;10;10142613654;B
20240418;101350;160.44;260;10142613655;B
20240418;101350;160.44;1000;10142613656;B
20240418;101350;160.46;50;10142613736;B
20240418;101350;160.44;10;10142613743;S
20240418;101351;160.44;50;10142613880;S
20240418;101353;160.44;10;10142614088;S
20240418;101353;160.42;140;10142614089;S
20240418;101355;160.4;300;10142614340;S
20240418;101355;160.4;150;10142614394;S
20240418;101356;160.4;80;10142614492;S
20240418;101357;160.44;10;10142614569;B
20240418;101359;160.4;1000;10142614761;S
20240418;101359;160.44;100;10142614821;B
20240418;101400;160.44;100;10142614935;B
20240418;101404;160.4;190;10142615468;S
20240418;101406;160.4;50;10142615804;S
20240418;101407;160.4;3180;10142616062;S
20240418;101407;160.4;200;10142616063;S
20240418;101407;160.4;20;10142616064;S
20240418;101407;160.38;50;10142616065;S
20240418;101407;160.38;100;10142616066;S
20240418;101407;160.36;50;10142616067;S
20240418;101407;160.36;6470;10142616068;S
20240418;101409;160.36;50;10142616203;B
20240418;101409;160.38;50;10142616204;B
20240418;101409;160.36;50;10142616239;B
20240418;101409;160.36;20;10142616240;B
20240418;101409;160.38;150;10142616241;B
20240418;101409;160.38;50;10142616242;B
20240418;101409;160.4;50;10142616243;B
20240418;101409;160.4;260;10142616244;B
20240418;101409;160.42;50;10142616245;B
20240418;101409;160.42;190;10142616246;B
20240418;101409;160.42;1570;10142616247;B
20240418;101409;160.44;380;10142616248;B
20240418;101409;160.44;50;10142616249;B
20240418;101409;160.44;3240;10142616250;B
20240418;101409;160.36;260;10142616266;S
20240418;101409;160.36;1500;10142616288;B
20240418;101412;160.36;200;10142616707;B
20240418;101413;160.34;50;10142616877;S
20240418;101414;160.34;200;10142616912;S
20240418;101414;160.34;10;10142616913;S
20240418;101414;160.34;150;10142616914;S
20240418;101414;160.34;260;10142616915;S
20240418;101417;160.34;10;10142617266;B
20240418;101418;160.34;340;10142617441;B
20240418;101418;160.34;120;10142617442;B
20240418;101424;160.36;50;10142618658;B
20240418;101424;160.34;40;10142618691;S
20240418;101424;160.32;10;10142618692;S
20240418;101424;160.32;90;10142618693;S
20240418;101426;160.3;20;10142618912;S
20240418;101426;160.3;40;10142618913;S
20240418;101426;160.3;100;10142618914;S
20240418;101427;160.3;380;10142619065;S
20240418;101437;160.32;130;10142620637;B
20240418;101437;160.32;20;10142620638;B
20240418;101439;160.34;150;10142621079;B
20240418;101439;160.34;20;10142621080;B
20240418;101439;160.36;570;10142621081;B
20240418;101439;160.36;10;10142621082;B
20240418;101439;160.36;20;10142621083;B
20240418;101439;160.38;90;10142621084;B
20240418;101439;160.38;20;10142621085;B
20240418;101439;160.38;270;10142621086;B
20240418;101439;160.4;20;10142621087;B
20240418;101439;160.4;270;10142621088;B
20240418;101445;160.42;20;10142623034;B
20240418;101445;160.44;20;10142623035;B
20240418;101445;160.44;10;10142623036;B
20240418;101445;160.46;20;10142623037;B
20240418;101445;160.46;270;10142623038;B
20240418;101445;160.48;20;10142623039;B
20240418;101445;160.48;640;10142623040;B
20240418;101446;160.38;10;10142623108;S
20240418;101448;160.48;100;10142623461;B
20240418;101449;160.4;20;10142623558;S
20240418;101449;160.4;30;10142623559;S
20240418;101449;160.4;20;10142623567;B
20240418;101449;160.38;150;10142623633;S
20240418;101449;160.38;40;10142623658;B
20240418;101453;160.38;200;10142624213;B
20240418;101455;160.38;40;10142624493;B
20240418;101500;160.38;30;10142625396;B
20240418;101500;160.34;100;10142625424;S
20240418;101500;160.38;100;10142625476;B
20240418;101500;160.38;10;10142625504;B
20240418;101503;160.38;410;10142625981;B
20240418;101503;160.38;100;10142625982;B
20240418;101503;160.38;240;10142625983;B
20240418;101503;160.38;840;10142625984;B
20240418;101503;160.38;270;10142625985;B
20240418;101505;160.38;140;10142626252;S
20240418;101505;160.36;10;10142626253;S
20240418;101505;160.34;50;10142626275;S
20240418;101505;160.34;100;10142626276;S
20240418;101505;160.34;220;10142626318;S
20240418;101505;160.34;220;10142626464;S
20240418;101506;160.34;70;10142626598;S
20240418;101506;160.34;1030;10142626602;S
20240418;101506;160.34;150;10142626603;S
20240418;101508;160.34;670;10142627095;B
20240418;101508;160.34;270;10142627096;B
20240418;101508;160.34;1810;10142627097;B
20240418;101508;160.38;50;10142627098;B
20240418;101508;160.38;1520;10142627099;B
20240418;101509;160.36;50;10142627370;B
20240418;101511;160.32;50;10142628112;S
20240418;101511;160.32;950;10142628113;S
20240418;101513;160.36;100;10142628527;B
20240418;101513;160.38;400;10142628528;B
20240418;101514;160.36;100;10142629007;S
20240418;101516;160.34;10;10142629487;B
20240418;101517;160.34;200;10142630005;B
20240418;101523;160.34;380;10142631856;B
20240418;101524;160.34;10;10142632055;B
20240418;101525;160.34;10;10142632301;B
20240418;101525;160.32;10;10142632422;S
20240418;101526;160.34;8150;10142632636;B
20240418;101526;160.34;270;10142632637;B
20240418;101526;160.38;1240;10142632638;B
20240418;101526;160.38;150;10142632639;B
20240418;101526;160.4;190;10142632640;B
20240418;101528;160.4;9740;10142633105;B
20240418;101528;160.4;260;10142633106;B
20240418;101531;160.36;150;10142633630;S
20240418;101531;160.36;50;10142633631;S
20240418;101531;160.36;280;10142633632;S
20240418;101531;160.36;50;10142633633;S
20240418;101531;160.34;50;10142633634;S
20240418;101531;160.34;50;10142633635;S
20240418;101531;160.34;120;10142633636;S
20240418;101531;160.36;50;10142633687;S
20240418;101531;160.34;300;10142633742;S
20240418;101534;160.38;150;10142634180;B
20240418;101534;160.38;250;10142634181;B
20240418;101535;160.38;10;10142634455;B
20240418;101538;160.36;50;10142635121;B
20240418;101541;160.34;10;10142636423;S
20240418;101543;160.34;90;10142636858;S
20240418;101543;160.34;70;10142636859;S
20240418;101546;160.36;2630;10142637705;B
20240418;101546;160.36;280;10142637706;B
20240418;101546;160.36;90;10142637707;B
20240418;101546;160.34;100;10142637772;S
20240418;101546;160.34;280;10142637773;S
20240418;101546;160.34;620;10142637774;S
20240418;101547;160.36;110;10142637986;B
20240418;101547;160.38;880;10142637987;B
20240418;101549;160.34;60;10142638413;S
20240418;101549;160.38;30;10142638415;B
20240418;101549;160.38;830;10142638416;B
20240418;101549;160.38;70;10142638417;B
20240418;101549;160.38;500;10142638418;B
20240418;101550;160.36;280;10142638714;S
20240418;101550;160.36;20;10142638715;S
20240418;101554;160.4;500;10142639479;B
20240418;101554;160.4;1240;10142639480;B
20240418;101554;160.4;20;10142639481;B
20240418;101554;160.4;100;10142639482;B
20240418;101554;160.42;20;10142639483;B
20240418;101555;160.4;10;10142639625;S
20240418;101558;160.38;70;10142640308;S
20240418;101604;160.44;20;10142641506;B
20240418;101604;160.44;150;10142641507;B
20240418;101604;160.44;1000;10142641595;B
20240418;101606;160.44;460;10142642058;B
20240418;101606;160.38;50;10142642092;S
20240418;101607;160.38;280;10142642205;S
20240418;101607;160.38;50;10142642206;S
20240418;101607;160.36;30;10142642207;S
20240418;101607;160.36;950;10142642208;S
20240418;101607;160.36;2520;10142642209;S
20240418;101607;160.34;100;10142642210;S
20240418;101607;160.34;50;10142642211;S
20240418;101607;160.34;160;10142642212;S
20240418;101607;160.34;10;10142642213;S
20240418;101607;160.34;2850;10142642214;S
20240418;101611;160.42;10;10142643403;B
20240418;101612;160.44;100;10142643748;B
20240418;101618;160.42;100;10142644718;S
20240418;101618;160.42;40;10142644719;S
20240418;101618;160.4;90;10142644720;S
20240418;101618;160.4;100;10142644751;B
20240418;101618;160.4;10;10142644757;B
20240418;101619;160.4;20;10142644931;B
20240418;101619;160.44;30;10142644932;B
20240418;101626;160.38;50;10142645889;S
20240418;101626;160.38;270;10142645890;S
20240418;101626;160.36;50;10142645891;S
20240418;101626;160.36;230;10142645892;S
20240418;101628;160.36;50;10142646098;S
20240418;101628;160.34;50;10142646099;S
20240418;101629;160.36;10;10142646243;S
20240418;101629;160.42;20;10142646287;B
20240418;101635;160.4;10;10142647036;S
20240418;101635;160.38;10;10142647037;S
20240418;101635;160.38;10;10142647038;S
20240418;101636;160.38;520;10142647188;B
20240418;101636;160.4;50;10142647189;B
20240418;101636;160.42;30;10142647190;B
20240418;101636;160.42;20;10142647191;B
20240418;101636;160.42;20;10142647192;B
20240418;101636;160.42;150;10142647193;B
20240418;101636;160.44;260;10142647194;B
20240418;101636;160.44;10;10142647195;B
20240418;101636;160.44;200;10142647196;B
20240418;101636;160.44;50;10142647197;B
20240418;101636;160.44;2720;10142647198;B
20240418;101636;160.44;10;10142647199;B
20240418;101636;160.44;270;10142647200;B
20240418;101636;160.46;690;10142647201;B
20240418;101640;160.44;10;10142647697;B
20240418;101641;160.4;270;10142647880;S
20240418;101641;160.4;30;10142647881;S
20240418;101641;160.44;30;10142647914;B
20240418;101641;160.46;70;10142647915;B
20240418;101642;160.46;30;10142648214;B
20240418;101645;160.44;100;10142648941;S
20240418;101645;160.4;130;10142648942;S
20240418;101645;160.38;50;10142648943;S
20240418;101645;160.38;20;10142648944;S
20240418;101645;160.38;110;10142648945;S
20240418;101645;160.38;50;10142648981;S
20240418;101645;160.38;110;10142648982;S
20240418;101645;160.38;40;10142648998;S
20240418;101645;160.36;50;10142649004;S
20240418;101645;160.36;30;10142649005;S
20240418;101647;160.38;10;10142649558;S
20240418;101647;160.4;270;10142649565;S
20240418;101647;160.38;9990;10142649566;S
20240418;101647;160.38;50;10142649567;S
20240418;101647;160.36;50;10142649568;S
20240418;101647;160.34;50;10142649569;S
20240418;101647;160.34;150;10142649570;S
20240418;101647;160.34;1260;10142649571;S
20240418;101647;160.34;1360;10142649572;S
20240418;101648;160.32;40;10142649822;S
20240418;101648;160.32;50;10142649823;S
20240418;101649;160.4;50;10142649989;B
20240418;101649;160.42;20;10142649990;B
20240418;101649;160.42;50;10142649991;B
20240418;101649;160.42;880;10142649992;B
20240418;101653;160.4;250;10142650644;S
20240418;101656;160.36;20;10142651352;S
20240418;101656;160.36;20;10142651353;S
20240418;101656;160.36;10;10142651354;S
20240418;101658;160.4;10;10142651580;B
20240418;101701;160.4;100;10142652021;B
20240418;101701;160.4;70;10142652066;B
20240418;101701;160.4;10;10142652114;B
20240418;101702;160.36;100;10142652223;S
20240418;101705;160.36;140;10142652518;S
20240418;101705;160.36;220;10142652623;S
20240418;101705;160.36;50;10142652624;S
20240418;101705;160.34;50;10142652625;S
20240418;101705;160.34;1680;10142652626;S
20240418;101707;160.34;10;10142652945;B
20240418;101708;160.34;30;10142653081;B
20240418;101708;160.32;30;10142653113;S
20240418;101708;160.32;50;10142653114;S
20240418;101708;160.32;930;10142653115;S
20240418;101708;160.32;1000;10142653116;S
20240418;101708;160.32;260;10142653117;S
20240418;101708;160.3;230;10142653118;S
20240418;101708;160.32;100;10142653120;S
20240418;101709;160.36;20;10142653151;B
20240418;101709;160.3;50;10142653220;S
20240418;101711;160.3;100;10142653596;S
20240418;101715;160.36;60;10142654082;B
20240418;101717;160.3;100;10142654595;S
20240418;101718;160.3;40;10142654876;S
20240418;101718;160.36;40;10142654961;B
20240418;101722;160.3;10;10142655642;S
20240418;101725;160.36;10;10142656094;B
20240418;101729;160.3;150;10142656675;S
20240418;101729;160.32;140;10142656677;S
20240418;101732;160.34;10;10142657292;B
20240418;101733;160.32;60;10142657433;S
20240418;101733;160.3;140;10142657434;S
20240418;101733;160.34;10;10142657500;B
20240418;101736;160.32;80;10142657973;S
20240418;101736;160.34;20;10142658009;B
20240418;101736;160.36;100;10142658010;B
20240418;101739;160.3;630;10142658530;S
20240418;101740;160.32;40;10142658739;B
20240418;101747;160.3;10;10142660048;S
20240418;101748;160.32;20;10142660252;B
20240418;101751;160.32;10;10142660827;B
20240418;101754;160.3;400;10142661412;S
20240418;101759;160.3;200;10142662380;S
20240418;101801;160.3;100;10142662729;S
20240418;101801;160.3;9320;10142662791;S
20240418;101801;160.3;400;10142662792;S
20240418;101801;160.3;10;10142662793;S
20240418;101801;160.3;270;10142662794;S
20240418;101801;160.32;100;10142662853;B
20240418;101803;160.3;100;10142663127;S
20240418;101805;160.32;350;10142663421;B
20240418;101806;160.32;10;10142663585;B
20240418;101806;160.32;110;10142663652;B
20240418;101807;160.3;130;10142663693;S
20240418;101807;160.3;210;10142663694;S
20240418;101807;160.32;30;10142663743;B
20240418;101809;160.32;20;10142663978;B
20240418;101809;160.3;30;10142663998;S
20240418;101809;160.32;190;10142664029;B
20240418;101810;160.32;10;10142664101;B
20240418;101811;160.32;30;10142664310;B
20240418;101815;160.32;20;10142664774;B
20240418;101819;160.32;10;10142665305;B
20240418;101822;160.32;310;10142665776;B
20240418;101822;160.32;90;10142665777;B
20240418;101822;160.3;500;10142665794;S
20240418;101822;160.32;60;10142665809;B
20240418;101823;160.32;250;10142665951;B
20240418;101825;160.32;10;10142666475;B
20240418;101828;160.32;10;10142667269;B
20240418;101829;160.3;10;10142667277;S
20240418;101833;160.32;60;10142667978;B
20240418;101835;160.32;10;10142668241;B
20240418;101839;160.3;30;10142668872;S
20240418;101841;160.3;200;10142669090;S
20240418;101846;160.32;180;10142669686;B
20240418;101851;160.32;100;10142671249;B
20240418;101855;160.32;400;10142671895;B
20240418;101855;160.3;10;10142671910;S
20240418;101859;160.3;10;10142672454;S
20240418;101859;160.3;10;10142672455;S
20240418;101859;160.3;10;10142672456;S
20240418;101859;160.3;80;10142672457;S
20240418;101859;160.3;10;10142672458;S
20240418;101859;160.3;110;10142672459;S
20240418;101859;160.3;10;10142672460;S
20240418;101859;160.3;60;10142672461;S
20240418;101859;160.3;770;10142672462;S
20240418;101859;160.3;10;10142672477;B
20240418;101900;160.3;10;10142672553;B
20240418;101901;160.3;810;10142672855;B
20240418;101901;160.3;290;10142672856;B
20240418;101901;160.32;190;10142672857;B
20240418;101901;160.32;350;10142672858;B
20240418;101901;160.32;50;10142672859;B
20240418;101901;160.32;100;10142672860;B
20240418;101901;160.32;40;10142672861;B
20240418;101901;160.32;100;10142672862;B
20240418;101901;160.32;20;10142672863;B
20240418;101901;160.32;150;10142672864;B
20240418;101901;160.32;900;10142672865;B
20240418;101906;160.28;100;10142674109;S
20240418;101906;160.28;100;10142674110;S
20240418;101906;160.28;260;10142674111;S
20240418;101906;160.28;540;10142674112;S
20240418;101915;160.32;150;10142675687;B
20240418;101915;160.32;170;10142675688;B
20240418;101930;160.3;10;10142678299;B
20240418;101932;160.3;10;10142678597;S
20240418;101933;160.3;2530;10142678780;S
20240418;101933;160.3;50;10142678781;S
20240418;101933;160.3;300;10142678782;S
20240418;101933;160.28;7120;10142678783;S
20240418;101933;160.28;2340;10142678796;S
20240418;101933;160.28;220;10142678797;S
20240418;101933;160.28;200;10142678798;S
20240418;101933;160.26;1150;10142678799;S
20240418;101933;160.26;50;10142678800;S
20240418;101933;160.26;300;10142678801;S
20240418;101933;160.24;100;10142678802;S
20240418;101933;160.24;300;10142678803;S
20240418;101933;160.24;50;10142678804;S
20240418;101933;160.24;150;10142678805;S
20240418;101933;160.22;50;10142678806;S
20240418;101933;160.22;2790;10142678807;S
20240418;101935;160.3;50;10142678991;B
20240418;101935;160.3;50;10142678992;B
20240418;101941;160.26;10;10142680038;B
20240418;101942;160.26;10;10142680312;B
20240418;101950;160.26;10;10142682280;B
20240418;101952;160.22;500;10142682844;S
20240418;101956;160.22;500;10142683615;S
20240418;101956;160.22;100;10142683616;S
20240418;102001;160.22;10;10142684574;B
20240418;102002;160.22;170;10142684767;B
20240418;102002;160.24;290;10142684768;B
20240418;102002;160.26;120;10142684769;B
20240418;102002;160.26;50;10142684770;B
20240418;102002;160.26;1440;10142684771;B
20240418;102002;160.26;10;10142684772;B
20240418;102002;160.28;70;10142684773;B
20240418;102002;160.28;50;10142684774;B
20240418;102002;160.28;2890;10142684775;B
20240418;102002;160.28;910;10142684776;B
20240418;102005;160.26;10;10142685052;B
20240418;102005;160.26;120;10142685072;B
20240418;102005;160.26;180;10142685073;B
20240418;102016;160.22;20;10142687130;B
20240418;102020;160.2;50;10142688850;S
20240418;102020;160.22;10;10142688933;B
20240418;102021;160.2;10;10142689001;S
20240418;102024;160.2;30;10142689519;S
20240418;102025;160.22;10;10142689655;B
20240418;102034;160.2;30;10142693739;S
20240418;102034;160.2;80;10142694135;S
20240418;102034;160.2;50;10142694136;S
20240418;102034;160.2;310;10142694137;S
20240418;102034;160.2;50;10142694138;S
20240418;102034;160.2;1000;10142694139;S
20240418;102034;160.2;500;10142694140;S
20240418;102034;160.2;150;10142694141;S
20240418;102034;160.2;1000;10142694142;S
20240418;102034;160.2;100;10142694143;S
20240418;102034;160.2;50;10142694144;S
20240418;102034;160.2;150;10142694145;S
20240418;102034;160.2;20;10142694146;S
20240418;102034;160.2;10;10142694147;S
20240418;102034;160.2;10;10142694148;S
20240418;102034;160.2;290;10142694149;S
20240418;102034;160.18;500;10142694150;S
20240418;102034;160.18;10;10142694151;S
20240418;102034;160.18;50;10142694152;S
20240418;102034;160.18;3850;10142694153;S
20240418;102034;160.16;2000;10142694154;S
20240418;102034;160.16;1680;10142694155;S
20240418;102034;160.16;4860;10142694156;S
20240418;102034;160.2;10;10142694167;B
20240418;102035;160.16;140;10142694170;S
20240418;102035;160.16;160;10142694171;S
20240418;102035;160.2;10;10142694195;B
20240418;102035;160.2;10;10142694202;B
20240418;102035;160.2;10;10142694216;S
20240418;102035;160.18;330;10142694217;S
20240418;102035;160.2;90;10142694219;B
20240418;102035;160.2;10;10142694227;B
20240418;102035;160.2;10;10142694234;B
20240418;102035;160.2;10;10142694240;B
20240418;102035;160.2;10;10142694250;B
20240418;102035;160.2;10;10142694258;B
20240418;102035;160.2;10;10142694293;B
20240418;102035;160.2;10;10142694309;B
20240418;102035;160.2;10;10142694331;B
20240418;102035;160.2;10;10142694343;B
20240418;102035;160.18;140;10142694794;S
20240418;102035;160.16;40;10142694795;S
20240418;102035;160.14;910;10142694796;S
20240418;102035;160.14;10;10142694797;S
20240418;102035;160.14;500;10142694798;S
20240418;102036;160.16;100;10142695473;B
20240418;102038;160.16;10;10142695639;B
20240418;102039;160.14;50;10142695733;S
20240418;102039;160.14;290;10142695734;S
20240418;102039;160.12;770;10142695735;S
20240418;102040;160.16;80;10142695819;B
20240418;102040;160.18;20;10142695820;B
20240418;102040;160.18;100;10142695853;B
20240418;102042;160.14;50;10142697638;S
20240418;102042;160.14;190;10142697639;S
20240418;102042;160.14;10;10142697640;S
20240418;102042;160.14;180;10142697641;S
20240418;102043;160.14;50;10142697995;S
20240418;102044;160.14;10;10142698067;B
20240418;102047;160.12;5230;10142698517;S
20240418;102047;160.12;1270;10142698518;S
20240418;102047;160.12;7770;10142698555;S
20240418;102051;160.14;30;10142699510;B
20240418;102054;160.12;10;10142699993;S
20240418;102057;160.12;50;10142701457;S
20240418;102100;160.12;900;10142702882;S
20240418;102100;160.12;100;10142702883;S
20240418;102102;160.14;950;10142703209;B
20240418;102102;160.14;500;10142703210;B
20240418;102102;160.14;300;10142703211;B
20240418;102102;160.16;20;10142703235;B
20240418;102102;160.14;690;10142703268;S
20240418;102103;160.14;100;10142703498;S
20240418;102107;160.14;70;10142705628;S
20240418;102107;160.14;20;10142705657;S
20240418;102108;160.16;30;10142705839;B
20240418;102109;160.16;20;10142705906;B
20240418;102110;160.14;90;10142706023;S
20240418;102110;160.14;40;10142706024;S
20240418;102110;160.12;70;10142706025;S
20240418;102113;160.12;20;10142706938;S
20240418;102118;160.16;270;10142707842;B
20240418;102123;160.14;50;10142709548;S
20240418;102123;160.14;1000;10142709549;S
20240418;102123;160.12;810;10142709550;S
20240418;102123;160.12;300;10142709551;S
20240418;102123;160.12;500;10142709552;S
20240418;102123;160.12;180;10142709553;S
20240418;102123;160.12;50;10142709554;S
20240418;102123;160.12;400;10142709555;S
20240418;102123;160.12;2600;10142709556;S
20240418;102123;160.12;1000;10142709557;S
20240418;102123;160.12;50;10142709558;S
20240418;102123;160.12;200;10142709559;S
20240418;102123;160.12;300;10142709560;S
20240418;102123;160.1;310;10142709561;S
20240418;102123;160.1;1000;10142709562;S
20240418;102123;160.1;1000;10142709563;S
20240418;102123;160.1;5000;10142709564;S
20240418;102123;160.1;200;10142709565;S
20240418;102123;160.1;100;10142709566;S
20240418;102123;160.1;550;10142709567;S
20240418;102123;160.1;3000;10142709568;S
20240418;102123;160.1;1870;10142709569;S
20240418;102123;160.1;10;10142709570;S
20240418;102123;160.1;560;10142709571;S
20240418;102123;160.1;10;10142709572;S
20240418;102123;160.1;10;10142709573;S
20240418;102123;160.1;20;10142709574;S
20240418;102123;160.1;200;10142709575;S
20240418;102123;160.1;10;10142709576;S
20240418;102123;160.1;2710;10142709577;S
20240418;102123;160.14;30;10142709590;B
20240418;102123;160.1;7290;10142709592;S
20240418;102123;160.1;60;10142709593;S
20240418;102123;160.08;30;10142709594;S
20240418;102123;160.08;50;10142709595;S
20240418;102123;160.06;1200;10142709596;S
20240418;102123;160.06;50;10142709597;S
20240418;102123;160.04;10;10142709598;S
20240418;102123;160.04;50;10142709599;S
20240418;102123;160.04;200;10142709600;S
20240418;102123;160.04;3000;10142709601;S
20240418;102123;160.04;2000;10142709602;S
20240418;102123;160.02;10;10142709603;S
20240418;102123;160.02;100;10142709604;S
20240418;102123;160.02;50;10142709605;S
20240418;102123;160.02;5900;10142709606;S
20240418;102123;160;10;10142709656;S
20240418;102123;160;10;10142709657;S
20240418;102124;160;40;10142709704;S
20240418;102124;160;40;10142709705;S
20240418;102124;160;10;10142709706;S
20240418;102124;160;50;10142709707;S
20240418;102124;160;50;10142709708;S
20240418;102124;160;10;10142709709;S
20240418;102124;160;2000;10142709710;S
20240418;102124;160;10;10142709711;S
20240418;102124;160;10;10142709712;S
20240418;102124;160;10;10142709713;S
20240418;102124;160;10;10142709714;S
20240418;102124;160;30;10142709715;S
20240418;102124;160;20;10142709716;S
20240418;102124;160;90;10142709717;S
20240418;102124;160;10;10142709718;S
20240418;102124;160;10;10142709719;S
20240418;102124;160;50;10142709720;S
20240418;102124;160;10;10142709721;S
20240418;102124;160;10;10142709722;S
20240418;102124;160;200;10142709723;S
20240418;102124;160;40;10142709724;S
20240418;102124;160;10;10142709725;S
20240418;102124;159.98;10;10142709726;S
20240418;102124;159.98;2700;10142709727;S
20240418;102124;159.98;1790;10142709776;S
20240418;102124;159.96;3210;10142709777;S
20240418;102125;160.06;50;10142709806;B
20240418;102125;160.06;200;10142709807;B
20240418;102125;160.08;50;10142709808;B
20240418;102125;160.08;200;10142709809;B
20240418;102125;159.96;200;10142709810;S
20240418;102125;160.02;10;10142710758;B
20240418;102126;160.02;30;10142710880;B
20240418;102126;160.02;10;10142710900;B
20240418;102127;160.02;10;10142711856;B
20240418;102127;160.02;30;10142711910;B
20240418;102128;160.02;20;10142711984;B
20240418;102128;160.04;120;10142711985;B
20240418;102128;160.02;50;10142711995;B
20240418;102128;160.04;80;10142711999;B
20240418;102128;160.04;50;10142712000;B
20240418;102128;160.04;50;10142712001;B
20240418;102128;160.04;200;10142712002;B
20240418;102128;160.04;50;10142712003;B
20240418;102128;160.06;50;10142712004;B
20240418;102128;160.06;240;10142712005;B
20240418;102128;160.06;60;10142712006;B
20240418;102128;160.04;50;10142712007;B
20240418;102128;160.06;70;10142712008;B
20240418;102128;160.06;120;10142712009;B
20240418;102128;160.06;40;10142712010;B
20240418;102128;160.06;190;10142712011;B
20240418;102128;160.06;230;10142712012;B
20240418;102128;160.06;210;10142712013;B
20240418;102128;160.06;30;10142712014;B
20240418;102132;160.08;10;10142712646;B
20240418;102133;160.08;710;10142712701;B
20240418;102133;160.1;50;10142712702;B
20240418;102133;160.1;290;10142712703;B
20240418;102133;160.12;50;10142712704;B
20240418;102133;160.12;400;10142712705;B
20240418;102133;160.14;20;10142712787;B
20240418;102134;160.14;30;10142712831;B
20240418;102134;160.14;70;10142712832;B
20240418;102136;160.14;10;10142713990;B
20240418;102141;160.02;20;10142714902;S
20240418;102153;160.08;590;10142718394;B
20240418;102153;160.1;1260;10142718395;B
20240418;102154;160.1;20;10142718455;B
20240418;102200;160.06;50;10142719981;S
20240418;102200;160.06;500;10142719982;S
20240418;102200;160.04;50;10142719983;S
20240418;102200;160.04;290;10142719984;S
20240418;102200;160.02;30;10142719985;S
20240418;102200;160.02;80;10142719986;S
20240418;102200;160.04;50;10142720050;S
20240418;102200;160.02;120;10142720051;S
20240418;102200;160.02;40;10142720052;S
20240418;102200;160.02;90;10142720053;S
20240418;102201;160.04;50;10142720160;S
20240418;102201;160.02;70;10142720161;S
20240418;102205;160.06;40;10142722440;B
20240418;102205;160.06;290;10142722441;B
20240418;102205;160.08;80;10142722442;B
20240418;102205;160.08;1100;10142722443;B
20240418;102205;160.1;990;10142722444;B
20240418;102207;160.08;10;10142723172;B
20240418;102208;160.06;1000;10142723298;S
20240418;102212;160.06;50;10142724162;S
20240418;102212;160.06;50;10142724163;S
20240418;102213;160.06;20;10142725192;S
20240418;102219;160.08;60;10142726349;B
20240418;102221;160.04;50;10142726645;S
20240418;102221;160.04;50;10142726646;S
20240418;102228;160.08;50;10142728184;B
20240418;102228;160.1;90;10142728185;B
20240418;102231;160.04;120;10142730371;S
20240418;102239;160.04;1090;10142731612;S
20240418;102239;160.04;50;10142731613;S
20240418;102239;160.02;60;10142731614;S
20240418;102240;160.1;650;10142732271;B
20240418;102242;160.1;10;10142732407;B
20240418;102244;160.1;100;10142733292;B
20240418;102251;160.08;1260;10142735943;S
20240418;102251;160.08;50;10142735944;S
20240418;102251;160.08;1190;10142735945;S
20240418;102252;160.08;100;10142736290;S
20240418;102256;160.1;10;10142736770;B
20240418;102256;160.06;10;10142736773;S
20240418;102257;160.08;10;10142736818;B
20240418;102257;160.1;4990;10142736819;B
20240418;102259;160.1;1880;10142737216;B
20240418;102259;160.1;290;10142737217;B
20240418;102259;160.1;1800;10142737218;B
20240418;102259;160.1;10;10142737219;B
20240418;102301;160.1;120;10142737423;S
20240418;102301;160.12;50;10142737511;B
20240418;102305;160.12;50;10142739018;B
20240418;102305;160.14;10;10142739019;B
20240418;102308;160.12;50;10142740451;S
20240418;102308;160.12;200;10142740452;S
20240418;102321;160.14;10;10142743527;B
20240418;102323;160.1;10;10142744745;S
20240418;102323;160.1;290;10142744746;S
20240418;102323;160.1;200;10142744747;S
20240418;102324;160.14;10;10142744789;B
20240418;102324;160.1;150;10142744834;S
20240418;102324;160.14;70;10142744843;B
20240418;102330;160.14;120;10142747586;B
20240418;102330;160.14;700;10142747587;B
20240418;102330;160.16;30;10142747588;B
20240418;102330;160.16;150;10142747589;B
20240418;102330;160.16;1500;10142747590;B
20240418;102330;160.16;30;10142747608;B
20240418;102331;160.12;120;10142747614;S
20240418;102331;160.12;30;10142747664;S
20240418;102331;160.1;1110;10142747665;S
20240418;102331;160.1;640;10142747666;S
20240418;102331;160.1;50;10142747667;S
20240418;102331;160.1;80;10142747668;S
20240418;102333;160.1;40;10142748151;S
20240418;102336;160.16;10;10142748600;B
20240418;102341;160.1;1220;10142751240;S
20240418;102341;160.1;2040;10142751241;S
20240418;102341;160.1;290;10142751242;S
20240418;102341;160.08;1310;10142751243;S
20240418;102341;160.08;140;10142751244;S
20240418;102346;160.06;10;10142752173;S
20240418;102350;160.14;50;10142753378;B
20240418;102350;160.14;20;10142753379;B
20240418;102352;160.14;50;10142753893;B
20240418;102352;160.14;50;10142753894;B
20240418;102357;160.08;10;10142756148;S
20240418;102359;160.08;40;10142756795;S
20240418;102359;160.08;150;10142756796;S
20240418;102401;160.04;10;10142757105;S
20240418;102401;160.04;110;10142757106;S
20240418;102402;160.08;10;10142757513;B
20240418;102410;160.08;10;10142760379;B
20240418;102412;160.08;10;10142760889;B
20240418;102418;160.08;70;10142763574;B
20240418;102425;160.08;10;10142766620;B
20240418;102427;160.04;100;10142767145;S
20240418;102429;160.08;100;10142767625;B
20240418;102431;160.04;120;10142768037;S
20240418;102440;160.04;50;10142774600;S
20240418;102442;160.04;880;10142777019;S
20240418;102442;160.04;1570;10142777020;S
20240418;102442;160.04;100;10142777021;S
20240418;102442;160.04;2600;10142777022;S
20240418;102442;160.02;850;10142777023;S
20240418;102444;160.02;60;10142780148;S
20240418;102447;160.02;50;10142783683;S
20240418;102451;160.04;10;10142786752;B
20240418;102453;160.02;10;10142788160;S
20240418;102454;160.02;10;10142789541;S
20240418;102456;160.04;40;10142791681;B
20240418;102501;160.02;20;10142795867;S
20240418;102501;160.02;100;10142795868;S
20240418;102503;160.02;200;10142797581;S
20240418;102503;160.02;1000;10142797582;S
20240418;102503;160.02;10;10142797583;S
20240418;102503;160.02;660;10142797584;S
20240418;102504;160.04;1000;10142799136;B
20240418;102505;160.04;40;10142799721;B
20240418;102509;160.04;20;10142803681;B
20240418;102510;160.04;10;10142805137;B
20240418;102515;160.04;50;10142809662;B
20240418;102518;160.04;40;10142812391;B
20240418;102523;160.02;20;10142816981;S
20240418;102529;160.04;10;10142823058;B
20240418;102531;160.02;120;10142824473;S
20240418;102532;160.04;10;10142825859;B
20240418;102535;160.02;10;10142828384;S
20240418;102536;160.02;190;10142829200;S
20240418;102536;160.02;10;10142829201;S
20240418;102536;160.02;10;10142829202;S
20240418;102536;160.02;100;10142829203;S
20240418;102536;160.02;890;10142829204;S
20240418;102540;160.04;10;10142832297;B
20240418;102543;160.02;710;10142836051;S
20240418;102543;160.02;320;10142836052;S
20240418;102543;160.02;350;10142836053;S
20240418;102545;160.04;50;10142837865;B
20240418;102546;160.04;10;10142838610;B
20240418;102546;160.04;330;10142838611;B
20240418;102546;160.04;1680;10142838612;B
20240418;102547;160.04;1250;10142839101;S
20240418;102548;160.04;100;10142840191;S
20240418;102550;160.04;500;10142841551;S
20240418;102551;160.04;2460;10142843185;S
20240418;102551;160.04;50;10142843186;S
20240418;102551;160.02;680;10142843187;S
20240418;102551;160.02;50;10142843188;S
20240418;102551;160.02;330;10142843189;S
20240418;102551;160.02;500;10142843190;S
20240418;102554;160.04;10;10142845878;B
20240418;102601;160;10;10142851811;S
20240418;102601;160;110;10142851812;S
20240418;102602;160.04;140;10142852831;B
20240418;102602;160.04;330;10142852832;B
20240418;102602;160.06;10;10142852833;B
20240418;102602;160.06;20;10142852834;B
20240418;102604;160.04;150;10142855433;B
20240418;102604;160.06;700;10142855434;B
20240418;102604;160.06;3200;10142855435;B
20240418;102604;160.08;6870;10142855436;B
20240418;102604;160.06;90;10142855543;B
20240418;102604;160.08;910;10142855544;B
20240418;102607;160.06;10;10142858654;S
20240418;102609;160.08;20;10142860580;B
20240418;102611;160.08;1000;10142863455;B
20240418;102613;160.06;200;10142865154;S
20240418;102615;160.06;280;10142866465;S
20240418;102615;160.08;1110;10142867306;B
20240418;102618;160.08;1000;10142869772;B
20240418;102619;160.08;1000;10142871111;B
20240418;102619;160.06;230;10142871265;S
20240418;102620;160.08;30;10142871589;B
20240418;102621;160.08;100;10142872968;B
20240418;102622;160.08;200;10142874012;B
20240418;102623;160.08;30;10142874116;B
20240418;102623;160.08;2840;10142874785;B
20240418;102625;160.08;10;10142876576;B
20240418;102627;160.08;100;10142878256;B
20240418;102629;160.08;1500;10142880015;B
20240418;102630;160.08;50;10142881533;B
20240418;102631;160.06;120;10142881659;S
20240418;102633;160.08;510;10142883517;B
20240418;102633;160.08;30;10142883525;B
20240418;102636;160.06;910;10142887011;S
20240418;102657;160.08;50;10142905522;B
20240418;102658;160.08;300;10142906782;B
20240418;102659;160.08;40;10142907860;B
20240418;102700;160.08;30;10142908435;B
20240418;102701;160.06;120;10142909162;S
20240418;102701;160.08;5000;10142909280;B
20240418;102701;160.08;200;10142909322;B
20240418;102702;160.08;50;10142910654;B
20240418;102707;160.08;10;10142914680;B
20240418;102707;160.08;40;10142915134;B
20240418;102708;160.08;20;10142916535;B
20240418;102712;160.08;10;10142920126;B
20240418;102712;160.08;9870;10142920170;B
20240418;102712;160.12;60;10142920171;B
20240418;102712;160.12;380;10142920172;B
20240418;102712;160.14;100;10142920173;B
20240418;102714;160.1;130;10142921271;S
20240418;102714;160.08;40;10142921272;S
20240418;102716;160.08;20;10142923943;S
20240418;102717;160.14;40;10142924167;B
20240418;102717;160.16;400;10142924168;B
20240418;102719;160.1;40;10142926310;S
20240418;102724;160.16;910;10142931054;B
20240418;102724;160.16;10;10142931055;B
20240418;102724;160.16;1500;10142931056;B
20240418;102724;160.18;10;10142931057;B
20240418;102724;160.18;50;10142931058;B
20240418;102724;160.18;20;10142931059;B
20240418;102724;160.18;380;10142931060;B
20240418;102724;160.2;120;10142931061;B
20240418;102725;160.18;50;10142931836;B
20240418;102725;160.2;380;10142931837;B
20240418;102725;160.2;1070;10142931838;B
20240418;102725;160.14;180;10142932535;S
20240418;102725;160.12;30;10142932536;S
20240418;102729;160.18;180;10142935918;B
20240418;102729;160.18;20;10142935919;B
20240418;102731;160.16;100;10142937675;S
20240418;102731;160.16;20;10142937676;S
20240418;102731;160.18;20;10142937947;B
20240418;102741;160.18;10;10142947661;B
20240418;102742;160.18;10;10142949144;S
20240418;102744;160.18;540;10142950937;S
20240418;102745;160.2;3000;10142951441;B
20240418;102750;160.2;30;10142956841;B
20240418;102750;160.2;190;10142956842;B
20240418;102750;160.22;180;10142956843;B
20240418;102750;160.22;40;10142956844;B
20240418;102754;160.22;10;10142959329;B
20240418;102801;160.2;120;10142966218;S
20240418;102801;160.18;1390;10142967101;S
20240418;102804;160.2;10;10142969938;B
20240418;102809;160.2;40;10142974977;B
20240418;102809;160.22;550;10142974978;B
20240418;102809;160.22;10;10142974979;B
20240418;102809;160.22;50;10142974980;B
20240418;102809;160.22;100;10142974981;B
20240418;102811;160.22;10;10142976877;B
20240418;102811;160.22;50;10142976878;B
20240418;102811;160.24;140;10142976879;B
20240418;102812;160.24;30;10142978363;B
20240418;102825;160.24;100;10142989079;B
20240418;102830;160.24;20;10142993363;B
20240418;102830;160.24;100;10142993364;B
20240418;102830;160.24;10;10142993365;B
20240418;102830;160.24;10;10142993366;B
20240418;102830;160.26;40;10142993367;B
20240418;102831;160.24;120;10142993766;S
20240418;102839;160.26;10;10143000878;B
20240418;102844;160.26;10;10143004255;S
20240418;102845;160.24;30;10143005766;S
20240418;102845;160.24;500;10143005767;S
20240418;102849;160.24;30;10143008772;B
20240418;102850;160.22;20;10143009691;S
20240418;102850;160.22;10;10143009692;S
20240418;102850;160.2;10;10143009693;S
20240418;102850;160.2;50;10143009694;S
20240418;102850;160.2;120;10143009695;S
20240418;102850;160.2;1000;10143009696;S
20240418;102850;160.2;10;10143009697;S
20240418;102850;160.2;100;10143009698;S
20240418;102850;160.2;60;10143009699;S
20240418;102858;160.2;1280;10143015144;B
20240418;102859;160.2;100;10143015748;B
20240418;102901;160.18;50;10143017346;S
20240418;102901;160.18;10;10143017347;S
20240418;102901;160.18;60;10143017348;S
20240418;102905;160.18;10;10143020823;S
20240418;102906;160.18;10;10143021311;S
20240418;102906;160.2;800;10143021321;B
20240418;102908;160.2;20;10143022980;B
20240418;102915;160.2;4790;10143029058;B
20240418;102915;160.22;150;10143029059;B
20240418;102915;160.22;350;10143029060;B
20240418;102915;160.22;50;10143029061;B
20240418;102915;160.24;14600;10143029062;B
20240418;102915;160.24;50;10143029063;B
20240418;102915;160.24;10;10143029064;B
20240418;102922;160.22;50;10143036244;S
20240418;102922;160.22;50;10143036245;S
20240418;102924;160.24;100;10143037902;B
20240418;102930;160.24;30;10143043610;B
20240418;102931;160.22;120;10143044105;S
