<DATE>;<TIME>;<LAST>;<VOL>;<ID>;<OPER>
20240514;095941;152.06;10;10355696221;B
20240514;095941;152.06;20;10355696222;B
20240514;095941;152.06;10;10355696223;B
20240514;095941;152.06;240;10355696224;B
20240514;095941;152.06;10;10355696225;B
20240514;095941;152.06;10;10355696226;B
20240514;095941;152.06;30;10355696227;B
20240514;095941;152.06;10;10355696228;B
20240514;095941;152.06;10;10355696229;B
20240514;095941;152.06;10;10355696230;B
20240514;095941;152.06;140;10355696231;B
20240514;095941;152.06;100;10355696232;S
20240514;095941;152.06;200;10355696233;S
20240514;095941;152.06;10;10355696234;B
20240514;095941;152.06;50;10355696235;B
20240514;095941;152.06;20;10355696236;B
20240514;095941;152.06;20;10355696237;B
20240514;095941;152.06;210;10355696238;B
20240514;095941;152.06;10;10355696239;B
20240514;095941;152.06;220;10355696240;B
20240514;095941;152.06;10;10355696241;B
20240514;095941;152.06;10;10355696242;B
20240514;095941;152.06;10;10355696243;B
20240514;095941;152.06;10;10355696244;B
20240514;095941;152.06;10;10355696245;B
20240514;095941;152.06;10;10355696246;B
20240514;095941;152.06;10;10355696247;B
20240514;095941;152.06;10;10355696248;B
20240514;095941;152.06;80;10355696249;B
20240514;095941;152.06;20;10355696250;B
20240514;095941;152.06;50;10355696251;B
20240514;095941;152.06;100;10355696252;B
20240514;095941;152.06;10;10355696253;B
20240514;095941;152.06;20;10355696254;B
20240514;095941;152.06;10;10355696255;S
20240514;095941;152.06;70;10355696256;S
20240514;100000;152.16;10;10355700442;B
20240514;100001;152.16;30;10355701514;B
20240514;100002;152.16;10;10355701824;B
20240514;100002;152.18;10;10355701825;B
20240514;100004;152.16;50;10355702996;B
20240514;100004;152.16;10;10355702997;B
20240514;100004;152.18;60;10355702998;B
20240514;100004;152.16;10;10355703004;B
20240514;100004;152.16;10;10355703005;B
20240514;100004;152.08;30;10355703006;S
20240514;100005;152.16;10;10355703753;B
20240514;100005;152.16;10;10355703756;B
20240514;100005;152.08;50;10355704323;S
20240514;100005;152.08;50;10355704324;S
20240514;100005;152.16;10;10355704325;B
20240514;100005;152.16;20;10355704598;B
20240514;100005;152.16;10;10355704599;B
20240514;100005;152.16;10;10355704600;B
20240514;100005;152.16;10;10355704601;B
20240514;100005;152.08;10;10355704787;S
20240514;100005;152.16;10;10355704797;B
20240514;100005;152.08;50;10355704799;S
20240514;100005;152.06;50;10355704800;S
20240514;100005;152.08;50;10355705211;S
20240514;100005;152.06;30;10355705212;S
20240514;100005;152.06;20;10355705213;S
20240514;100005;152.16;20;10355705224;B
20240514;100005;152.08;50;10355705548;S
20240514;100005;152.06;30;10355705549;S
20240514;100005;152.16;10;10355705566;B
20240514;100006;152.16;10;10355706331;B
20240514;100006;152.14;10;10355706630;B
20240514;100006;152.08;10;10355706631;S
20240514;100006;152.14;10;10355706759;B
20240514;100006;152.14;10;10355707051;B
20240514;100006;152.08;10;10355707074;S
20240514;100006;152.14;10;10355707077;B
20240514;100006;152.14;10;10355707083;B
20240514;100006;152.14;20;10355707087;B
20240514;100007;152.08;50;10355707659;S
20240514;100007;152.06;120;10355707660;S
20240514;100007;152.06;10;10355707661;S
20240514;100007;152.04;20;10355707662;S
20240514;100007;152.14;10;10355707722;B
20240514;100007;152.14;10;10355707772;B
20240514;100007;152.06;50;10355708350;S
20240514;100007;152.06;50;10355708351;S
20240514;100007;152.14;10;10355708354;B
20240514;100007;152.16;20;10355708355;B
20240514;100007;152.08;40;10355708357;S
20240514;100007;152.08;40;10355708359;S
20240514;100007;152.14;10;10355708360;B
20240514;100007;152.14;10;10355708361;B
20240514;100007;152.14;10;10355708365;B
20240514;100008;152.14;10;10355708462;B
20240514;100008;152.14;10;10355708464;B
20240514;100008;152.14;10;10355708465;B
20240514;100010;152.12;50;10355709596;B
20240514;100010;152.12;10;10355709597;B
20240514;100010;152.14;20;10355709598;B
20240514;100010;152.08;20;10355709611;S
20240514;100011;152.08;10;10355709729;S
20240514;100011;152.12;10;10355709851;B
20240514;100017;152.12;30;10355711163;B
20240514;100018;152.12;10;10355711481;B
20240514;100018;152.12;10;10355711482;B
20240514;100026;152.12;10;10355713303;B
20240514;100031;152.12;10;10355714502;B
20240514;100036;152.12;10;10355715467;B
20240514;100042;152.12;10;10355716858;B
20240514;100048;152.12;10;10355717789;B
20240514;100055;152.12;10;10355719460;B
20240514;100055;152.12;10;10355719461;B
20240514;100055;152.12;40;10355719462;B
20240514;100055;152.12;20;10355719499;B
20240514;100108;152.08;10;10355722361;S
20240514;100108;152.06;20;10355722362;S
20240514;100111;152.06;90;10355723018;S
20240514;100111;152.06;50;10355723019;S
20240514;100112;152.06;50;10355723114;S
20240514;100112;152.06;10;10355723115;S
20240514;100116;152.04;10;10355723715;S
20240514;100116;152.04;150;10355723716;S
20240514;100116;152.04;10;10355723717;S
20240514;100116;152.04;200;10355723718;S
20240514;100116;152.04;200;10355723719;S
20240514;100116;152.04;290;10355723720;S
20240514;100116;152.04;40;10355723721;S
20240514;100116;152.04;10;10355723722;S
20240514;100116;152.04;10;10355723723;S
20240514;100116;152.04;10;10355723724;S
20240514;100116;152.04;20;10355723725;S
20240514;100116;152.04;10;10355723726;S
20240514;100116;152.04;10;10355723727;S
20240514;100116;152.04;500;10355723728;S
20240514;100116;152.04;10;10355723729;S
20240514;100116;152.04;20;10355723730;S
20240514;100116;152.02;10;10355723731;S
20240514;100116;152.02;50;10355723732;S
20240514;100116;152.02;50;10355723733;S
20240514;100116;152.02;10;10355723734;S
20240514;100116;152;10;10355723745;S
20240514;100116;152;10;10355723751;S
20240514;100117;152.02;10;10355723884;B
20240514;100117;152;280;10355723885;S
20240514;100117;152;10;10355723886;S
20240514;100117;152;50;10355723887;S
20240514;100117;152;1000;10355723888;S
20240514;100117;152;60;10355723889;S
20240514;100117;152;130;10355723890;S
20240514;100117;152;10;10355723891;S
20240514;100117;152;10;10355723892;S
20240514;100117;151.98;50;10355723893;S
20240514;100117;151.98;40;10355723894;S
20240514;100117;151.98;10;10355723895;S
20240514;100117;152;10;10355723932;B
20240514;100118;151.98;10;10355724078;S
20240514;100122;151.98;30;10355724727;B
20240514;100122;151.96;10;10355724794;S
20240514;100122;151.96;10;10355724795;S
20240514;100122;151.98;10;10355724829;B
20240514;100132;151.98;10;10355726765;B
20240514;100133;151.98;290;10355726858;B
20240514;100134;151.98;250;10355727013;B
20240514;100134;151.98;120;10355727014;B
20240514;100134;152;30;10355727015;B
20240514;100134;152.02;10000;10355727016;B
20240514;100139;152.08;10;10355728139;B
20240514;100139;152.08;10;10355728152;B
20240514;100147;152.08;10;10355729891;B
20240514;100148;152.04;30;10355730045;S
20240514;100150;152.04;20;10355730314;S
20240514;100150;152.04;10;10355730315;S
20240514;100150;152.04;10;10355730316;S
20240514;100150;152.02;800;10355730317;S
20240514;100150;152.08;10;10355730345;B
20240514;100152;152.08;120;10355730725;B
20240514;100152;152.08;10;10355730726;B
20240514;100152;152.1;990;10355730727;B
20240514;100152;152.1;130;10355730728;B
20240514;100152;152.12;300;10355730729;B
20240514;100152;152.12;50;10355730730;B
20240514;100152;152.14;50;10355730731;B
20240514;100152;152.16;50;10355730732;B
20240514;100152;152.18;300;10355730733;B
20240514;100201;152.16;20;10355732727;B
20240514;100202;152.16;100;10355732971;B
20240514;100203;152.18;380;10355733289;B
20240514;100203;152.18;330;10355733290;B
20240514;100203;152.18;30;10355733291;B
20240514;100203;152.18;90;10355733292;B
20240514;100203;152.18;170;10355733293;B
20240514;100207;152.18;310;10355733905;B
20240514;100210;152.16;40;10355734540;S
20240514;100211;152.18;10;10355734752;B
20240514;100215;152.18;10;10355735510;B
20240514;100215;152.18;10;10355735511;B
20240514;100217;152.18;490;10355735819;B
20240514;100217;152.18;50;10355735820;B
20240514;100217;152.2;960;10355735821;B
20240514;100217;152.18;40;10355735887;S
20240514;100217;152.18;10;10355735896;S
20240514;100217;152.18;140;10355735897;S
20240514;100218;152.2;10;10355736206;B
20240514;100218;152.18;10;10355736241;S
20240514;100219;152.2;10;10355736404;B
20240514;100220;152.2;10;10355736530;B
20240514;100221;152.2;10;10355736640;B
20240514;100222;152.2;10;10355736842;B
20240514;100226;152.2;10;10355737853;B
20240514;100227;152.2;60;10355738010;B
20240514;100227;152.2;10;10355738016;B
20240514;100228;152.2;10;10355738312;B
20240514;100229;152.18;10;10355738462;S
20240514;100231;152.18;60;10355738699;S
20240514;100231;152.18;50;10355738700;S
20240514;100231;152.18;10;10355738701;S
20240514;100231;152.18;100;10355738702;S
20240514;100231;152.18;20;10355738703;S
20240514;100231;152.18;70;10355738704;S
20240514;100231;152.18;160;10355738705;S
20240514;100231;152.18;30;10355738706;B
20240514;100231;152.2;10;10355738718;B
20240514;100231;152.22;150;10355738719;B
20240514;100245;152.22;10;10355741302;B
20240514;100246;152.22;10;10355741371;B
20240514;100251;152.22;20;10355742291;B
20240514;100252;152.22;10;10355742368;B
20240514;100254;152.22;20;10355742935;B
20240514;100254;152.2;40;10355742952;S
20240514;100257;152.22;10;10355743606;B
20240514;100258;152.22;10;10355743738;B
20240514;100258;152.22;10;10355743903;B
20240514;100300;152.22;10;10355744261;B
20240514;100300;152.22;10;10355744299;B
20240514;100300;152.22;30;10355744322;B
20240514;100300;152.22;1410;10355744323;B
20240514;100300;152.22;30;10355744324;B
20240514;100300;152.22;170;10355744325;B
20240514;100301;152.22;500;10355744621;S
20240514;100301;152.24;10;10355744778;B
20240514;100302;152.24;10;10355745034;B
20240514;100303;152.24;480;10355745170;B
20240514;100303;152.24;270;10355745171;B
20240514;100303;152.24;10;10355745220;B
20240514;100303;152.24;50;10355745355;B
20240514;100303;152.24;10;10355745388;B
20240514;100304;152.24;20;10355745431;B
20240514;100305;152.22;200;10355745626;S
20240514;100309;152.24;60;10355746279;B
20240514;100312;152.24;10;10355746774;B
20240514;100313;152.24;50;10355746942;B
20240514;100315;152.22;230;10355747442;S
20240514;100315;152.22;270;10355747443;S
20240514;100315;152.24;20;10355747543;B
20240514;100315;152.24;80;10355747544;B
20240514;100317;152.22;450;10355748006;S
20240514;100319;152.24;160;10355748281;B
20240514;100319;152.24;20;10355748289;B
20240514;100320;152.24;20;10355748343;B
20240514;100321;152.24;10;10355748561;B
20240514;100322;152.24;30;10355748619;B
20240514;100322;152.24;3330;10355748629;B
20240514;100322;152.22;10;10355748639;S
20240514;100322;152.22;10;10355748650;S
20240514;100323;152.24;50;10355748879;B
20240514;100324;152.24;100;10355748923;B
20240514;100324;152.24;10;10355748988;B
20240514;100326;152.22;1000;10355749194;S
20240514;100328;152.24;290;10355749603;B
20240514;100328;152.24;170;10355749604;B
20240514;100328;152.24;10;10355749605;B
20240514;100328;152.24;1310;10355749653;B
20240514;100328;152.24;500;10355749654;B
20240514;100328;152.26;290;10355749655;B
20240514;100328;152.26;2900;10355749656;B
20240514;100329;152.22;100;10355749778;S
20240514;100331;152.26;10;10355750138;B
20240514;100332;152.26;10;10355750307;B
20240514;100337;152.22;860;10355751522;S
20240514;100337;152.22;140;10355751523;S
20240514;100340;152.22;10;10355752170;S
20240514;100341;152.24;440;10355752278;B
20240514;100341;152.26;60;10355752279;B
20240514;100344;152.24;10;10355753005;B
20240514;100347;152.22;10;10355753472;S
20240514;100352;152.26;170;10355754365;B
20240514;100353;152.22;130;10355754650;S
20240514;100353;152.22;50;10355754651;S
20240514;100353;152.22;460;10355754652;S
20240514;100353;152.22;600;10355754653;S
20240514;100353;152.22;10;10355754654;S
20240514;100353;152.2;1960;10355754655;S
20240514;100353;152.2;10;10355754656;S
20240514;100353;152.2;90;10355754657;S
20240514;100353;152.2;50;10355754658;S
20240514;100353;152.2;10;10355754659;S
20240514;100353;152.2;10;10355754660;S
20240514;100353;152.2;170;10355754661;S
20240514;100355;152.2;900;10355754891;B
20240514;100359;152.2;300;10355755535;B
20240514;100401;152.2;240;10355755729;B
20240514;100401;152.18;50;10355755744;S
20240514;100401;152.18;250;10355755745;S
20240514;100401;152.2;10;10355755824;B
20240514;100402;152.24;10;10355755942;B
20240514;100405;152.26;10;10355756850;B
20240514;100406;152.24;200;10355756996;S
20240514;100408;152.24;50;10355757217;S
20240514;100411;152.26;10;10355757703;B
20240514;100412;152.26;280;10355758242;B
20240514;100412;152.26;100;10355758243;B
20240514;100412;152.26;170;10355758244;B
20240514;100412;152.28;30;10355758245;B
20240514;100412;152.28;20;10355758246;B
20240514;100413;152.28;300;10355758298;B
20240514;100413;152.24;30;10355758372;S
20240514;100414;152.28;10;10355758430;B
20240514;100414;152.24;30;10355758432;S
20240514;100414;152.24;30;10355758472;S
20240514;100415;152.24;30;10355758559;S
20240514;100415;152.24;30;10355758609;S
20240514;100415;152.24;30;10355758667;S
20240514;100416;152.24;30;10355758698;S
20240514;100416;152.24;30;10355758751;S
20240514;100416;152.24;30;10355758777;S
20240514;100417;152.24;30;10355758863;S
20240514;100417;152.24;30;10355758888;S
20240514;100417;152.24;20;10355758937;S
20240514;100417;152.24;10;10355758938;S
20240514;100418;152.22;30;10355758979;S
20240514;100418;152.22;30;10355759028;S
20240514;100419;152.22;30;10355759073;S
20240514;100419;152.22;30;10355759173;S
20240514;100419;152.22;30;10355759214;S
20240514;100420;152.22;30;10355759274;S
20240514;100420;152.22;30;10355759364;S
20240514;100420;152.22;30;10355759403;S
20240514;100421;152.22;30;10355759463;S
20240514;100423;152.22;160;10355760043;S
20240514;100423;152.22;50;10355760044;S
20240514;100423;152.22;30;10355760045;S
20240514;100425;152.22;40;10355760360;S
20240514;100425;152.22;210;10355760361;S
20240514;100425;152.22;50;10355760362;S
20240514;100425;152.2;420;10355760363;S
20240514;100425;152.2;20;10355760459;S
20240514;100429;152.24;10;10355761097;B
20240514;100430;152.2;410;10355761270;S
20240514;100430;152.2;160;10355761271;S
20240514;100430;152.22;50;10355761364;B
20240514;100430;152.22;50;10355761365;B
20240514;100435;152.2;10;10355762235;B
20240514;100435;152.2;20;10355762270;B
20240514;100444;152.22;20;10355764141;B
20240514;100449;152.22;10;10355764974;B
20240514;100454;152.18;10;10355766201;S
20240514;100454;152.16;30;10355766202;S
20240514;100454;152.16;10;10355766203;S
20240514;100454;152.16;10;10355766204;S
20240514;100454;152.16;160;10355766205;S
20240514;100454;152.16;160;10355766206;S
20240514;100454;152.16;420;10355766207;S
20240514;100506;152.18;40;10355768138;S
20240514;100507;152.2;2000;10355768371;S
20240514;100507;152.18;10;10355768372;S
20240514;100507;152.18;900;10355768373;S
20240514;100507;152.18;50;10355768374;S
20240514;100507;152.18;150;10355768375;S
20240514;100507;152.16;530;10355768376;S
20240514;100507;152.16;50;10355768377;S
20240514;100507;152.14;10;10355768378;S
20240514;100507;152.14;50;10355768379;S
20240514;100507;152.12;10;10355768380;S
20240514;100507;152.12;10;10355768381;S
20240514;100507;152.12;50;10355768382;S
20240514;100507;152.12;160;10355768383;S
20240514;100507;152.1;10;10355768384;S
20240514;100507;152.1;50;10355768385;S
20240514;100507;152.1;50;10355768386;S
20240514;100507;152.1;110;10355768387;S
20240514;100507;152.08;50;10355768388;S
20240514;100507;152.08;10;10355768389;S
20240514;100507;152.08;1980;10355768390;S
20240514;100507;152.08;800;10355768391;S
20240514;100507;152.06;50;10355768392;S
20240514;100507;152.06;7660;10355768393;S
20240514;100510;152.08;10;10355769132;B
20240514;100513;152.06;20;10355769590;S
20240514;100523;152.1;10;10355771234;B
20240514;100523;152.06;30;10355771293;S
20240514;100523;152.04;450;10355771294;S
20240514;100523;152.04;10;10355771295;S
20240514;100523;152.04;520;10355771296;S
20240514;100523;152.04;150;10355771297;S
20240514;100523;152.02;10;10355771298;S
20240514;100523;152.02;330;10355771299;S
20240514;100525;152.08;50;10355771622;B
20240514;100525;152.1;150;10355771623;B
20240514;100525;152.1;50;10355771624;B
20240514;100525;152.1;600;10355771625;B
20240514;100525;152.1;150;10355771626;B
20240514;100532;152.04;30;10355772705;S
20240514;100536;152.04;10;10355773540;S
20240514;100536;152.04;50;10355773541;S
20240514;100536;152.04;10;10355773542;S
20240514;100540;152.06;140;10355774268;S
20240514;100543;152.06;150;10355774756;B
20240514;100543;152.1;160;10355774757;B
20240514;100543;152.1;140;10355774758;B
20240514;100543;152.12;120;10355774759;B
20240514;100543;152.12;50;10355774760;B
20240514;100543;152.12;380;10355774761;B
20240514;100548;152.06;50;10355775732;S
20240514;100548;152.06;100;10355775733;S
20240514;100552;152.1;10;10355776384;B
20240514;100556;152.08;10;10355776988;S
20240514;100557;152.08;50;10355777079;S
20240514;100614;152.12;10;10355780415;B
20240514;100616;152.14;10;10355780803;B
20240514;100620;152.12;80;10355781292;S
20240514;100626;152.14;10;10355782292;B
20240514;100634;152.14;80;10355783616;B
20240514;100635;152.12;470;10355783724;S
20240514;100635;152.12;470;10355783725;S
20240514;100635;152.12;140;10355783726;S
20240514;100635;152.12;50;10355783727;S
20240514;100635;152.12;10;10355783728;S
20240514;100635;152.1;100;10355783729;S
20240514;100635;152.1;10;10355783730;S
20240514;100635;152.1;50;10355783731;S
20240514;100635;152.08;10;10355783732;S
20240514;100635;152.08;10;10355783733;S
20240514;100635;152.08;50;10355783734;S
20240514;100637;152.08;10;10355784078;B
20240514;100641;152.08;100;10355784549;B
20240514;100641;152.08;10;10355784554;B
20240514;100641;152.08;10;10355784611;B
20240514;100643;152.06;200;10355784785;S
20240514;100643;152.08;10;10355784873;B
20240514;100646;152.08;1770;10355785354;B
20240514;100648;152.06;160;10355785659;S
20240514;100649;152.08;20;10355785922;B
20240514;100650;152.08;10;10355786061;B
20240514;100652;152.06;70;10355786321;S
20240514;100657;152.08;10;10355787378;B
20240514;100701;152.06;70;10355788062;S
20240514;100701;152.06;30;10355788063;S
20240514;100702;152.08;20;10355788347;B
20240514;100707;152.08;10;10355789233;B
20240514;100709;152.06;150;10355789468;S
20240514;100709;152.08;20;10355789584;B
20240514;100715;152.08;10;10355790472;B
20240514;100717;152.08;1000;10355790635;B
20240514;100718;152.08;50;10355790788;B
20240514;100720;152.06;10;10355791065;S
20240514;100723;152.08;30;10355791633;B
20240514;100724;152.08;10;10355791746;B
20240514;100726;152.08;20;10355792122;B
20240514;100727;152.08;780;10355792287;B
20240514;100730;152.08;50;10355792598;B
20240514;100730;152.08;150;10355792647;B
20240514;100732;152.08;100;10355792929;B
20240514;100734;152.08;10;10355793266;B
20240514;100735;152.08;10;10355793307;B
20240514;100735;152.08;10;10355793354;B
20240514;100735;152.08;10;10355793403;B
20240514;100736;152.08;110;10355793441;B
20240514;100736;152.08;10;10355793452;B
20240514;100736;152.08;10;10355793525;B
20240514;100738;152.08;20;10355793702;B
20240514;100740;152.08;50;10355794100;B
20240514;100742;152.08;10;10355794302;B
20240514;100745;152.08;320;10355794781;B
20240514;100747;152.08;10;10355794935;B
20240514;100749;152.08;10;10355795385;B
20240514;100750;152.06;110;10355795423;S
20240514;100751;152.06;1000;10355795545;S
20240514;100755;152.08;10;10355796157;B
20240514;100756;152.08;10;10355796338;B
20240514;100758;152.08;100;10355796759;B
20240514;100758;152.06;10;10355796823;S
20240514;100759;152.08;150;10355796849;B
20240514;100802;152.08;20;10355797468;B
20240514;100802;152.06;10;10355797506;S
20240514;100805;152.08;10;10355798378;B
20240514;100806;152.08;10;10355798411;B
20240514;100806;152.06;710;10355798501;S
20240514;100806;152.06;10;10355798502;S
20240514;100806;152.06;400;10355798503;S
20240514;100807;152.08;10;10355798559;B
20240514;100807;152.08;10;10355798631;B
20240514;100809;152.08;10;10355798856;B
20240514;100809;152.08;10;10355798874;B
20240514;100809;152.08;10;10355798879;B
20240514;100809;152.08;10;10355798925;B
20240514;100810;152.08;10;10355798953;B
20240514;100810;152.08;10;10355799015;B
20240514;100810;152.08;10;10355799059;B
20240514;100811;152.08;10;10355799074;B
20240514;100813;152.08;300;10355799508;B
20240514;100813;152.06;100;10355799530;S
20240514;100813;152.06;10;10355799531;S
20240514;100813;152.06;10;10355799532;S
20240514;100813;152.06;1020;10355799533;S
20240514;100813;152.06;10;10355799534;S
20240514;100813;152.06;320;10355799535;S
20240514;100816;152.06;50;10355800094;B
20240514;100817;152.04;20;10355800116;S
20240514;100817;152.06;50;10355800177;B
20240514;100817;152.06;10;10355800230;B
20240514;100818;152.06;50;10355800315;B
20240514;100819;152.06;50;10355800472;B
20240514;100819;152.06;50;10355800552;B
20240514;100820;152.06;50;10355800620;B
20240514;100821;152.06;20;10355800783;B
20240514;100821;152.06;200;10355800836;B
20240514;100821;152.04;100;10355800859;S
20240514;100822;152.04;30;10355800905;S
20240514;100822;152.04;10;10355801010;S
20240514;100826;152.04;50;10355801692;S
20240514;100828;152.04;20;10355802221;S
20240514;100829;152.04;200;10355802388;S
20240514;100832;152.06;50;10355802717;B
20240514;100835;152.06;10;10355803097;B
20240514;100838;152.04;10;10355803601;S
20240514;100839;152.06;150;10355803693;B
20240514;100839;152.06;10;10355803788;B
20240514;100840;152.06;10;10355803837;B
20240514;100840;152.06;10;10355804002;B
20240514;100842;152.06;10;10355804259;B
20240514;100845;152.06;150;10355804742;B
20240514;100851;152.06;10;10355805675;B
20240514;100852;152.06;100;10355805821;B
20240514;100855;152.06;10;10355806303;B
20240514;100857;152.06;150;10355806535;B
20240514;100858;152.04;1080;10355806699;S
20240514;100858;152.04;2000;10355806700;S
20240514;100858;152.04;30;10355806701;S
20240514;100858;152.04;10;10355806702;S
20240514;100858;152.04;50;10355806703;S
20240514;100858;152.04;190;10355806704;S
20240514;100858;152.02;170;10355806705;S
20240514;100858;152.02;1320;10355806706;S
20240514;100858;152.02;10;10355806707;S
20240514;100858;152.02;140;10355806708;S
20240514;100858;152;40;10355806709;S
20240514;100858;152;10;10355806710;S
20240514;100858;152;10;10355806711;S
20240514;100858;152;10;10355806712;S
20240514;100858;152;9500;10355806713;S
20240514;100858;152;10;10355806714;S
20240514;100858;152;10;10355806715;S
20240514;100858;152;1110;10355806716;S
20240514;100858;152;10;10355806717;S
20240514;100858;152;10;10355806718;S
20240514;100858;152;2000;10355806719;S
20240514;100858;152;190;10355806720;S
20240514;100858;152;20;10355806721;S
20240514;100858;152;10;10355806722;S
20240514;100858;152;20;10355806723;S
20240514;100858;152;30;10355806724;S
20240514;100858;152;200;10355806725;S
20240514;100858;152;50;10355806726;S
20240514;100858;152;230;10355806727;S
20240514;100858;152;10;10355806728;S
20240514;100858;152;10;10355806729;S
20240514;100859;151.98;10;10355806890;S
20240514;100859;151.98;50;10355806891;S
20240514;100859;151.98;30;10355806892;S
20240514;100859;151.96;100;10355806893;S
20240514;100859;151.96;20;10355806894;S
20240514;100859;151.96;10;10355806895;S
20240514;100859;151.96;40;10355806896;S
20240514;100859;151.96;10;10355806897;S
20240514;100859;151.96;10;10355806898;S
20240514;100859;151.96;50;10355806899;S
20240514;100859;151.96;10;10355806900;S
20240514;100859;151.96;10;10355806901;S
20240514;100859;151.94;10;10355806902;S
20240514;100859;151.94;10;10355806903;S
20240514;100859;151.94;10;10355806904;S
20240514;100859;151.94;40;10355806905;S
20240514;100859;151.94;1320;10355806906;S
20240514;100859;151.92;240;10355806907;S
20240514;100859;151.92;150;10355806975;S
20240514;100900;151.98;50;10355806997;B
20240514;100900;151.98;160;10355806998;B
20240514;100900;152;1120;10355806999;B
20240514;100900;151.94;10;10355807041;S
20240514;100900;151.92;110;10355807042;S
20240514;100900;151.92;4880;10355807043;S
20240514;100901;151.96;590;10355807321;B
20240514;100902;151.96;100;10355807352;B
20240514;100911;151.96;150;10355808891;B
20240514;100915;151.96;10;10355809386;B
20240514;100915;151.96;200;10355809393;B
20240514;100915;151.98;50;10355809394;B
20240514;100915;151.98;320;10355809395;B
20240514;100915;152;390;10355809396;B
20240514;100915;152;50;10355809397;B
20240514;100915;152;100;10355809398;B
20240514;100920;152.02;10;10355810096;S
20240514;100920;152.02;290;10355810097;S
20240514;100931;152.04;10;10355811361;B
20240514;100931;152.04;20;10355811362;B
20240514;100932;152.04;10;10355811569;B
20240514;100953;152.02;10;10355814624;S
20240514;100955;152.02;90;10355815342;S
20240514;100955;152.02;50;10355815343;S
20240514;100955;152.02;150;10355815344;S
20240514;100955;152;480;10355815345;S
20240514;100955;152;300;10355815346;S
20240514;100955;152;20;10355815347;S
20240514;100955;152;1050;10355815348;S
20240514;100955;152;320;10355815349;S
20240514;100955;152;10;10355815350;S
20240514;100955;152;630;10355815351;S
20240514;100956;152.04;20;10355815425;B
20240514;100956;152.04;180;10355815426;B
20240514;100957;152;690;10355815593;S
20240514;100957;152;20;10355815736;S
20240514;100958;152.02;50;10355815805;B
20240514;100958;152.02;320;10355815806;B
20240514;100958;152.02;50;10355815810;B
20240514;100958;152.04;570;10355815830;B
20240514;101001;152;1160;10355816387;S
20240514;101001;152;50;10355816388;S
20240514;101001;152;260;10355816389;S
20240514;101002;152;10;10355816566;B
20240514;101002;152;140;10355816569;B
20240514;101003;152.04;310;10355816740;B
20240514;101007;152.04;10;10355817408;B
20240514;101030;152.04;10;10355820547;B
20240514;101040;152.04;20;10355822809;B
20240514;101043;152.04;50;10355823341;B
20240514;101046;152.04;10;10355823655;B
20240514;101051;152.02;50;10355824316;S
20240514;101051;152.02;450;10355824317;S
20240514;101054;152.02;160;10355824701;S
20240514;101100;152.04;10;10355825476;B
20240514;101101;152.04;2370;10355825649;B
20240514;101104;152.02;20;10355826259;S
20240514;101106;152.04;10;10355826707;B
20240514;101107;152.04;40;10355826794;B
20240514;101107;152.04;10;10355826873;B
20240514;101116;152.02;40;10355828035;S
20240514;101116;152.02;460;10355828036;S
20240514;101119;152.02;50;10355828544;S
20240514;101120;152.04;10;10355828664;B
20240514;101122;152.02;100;10355829026;S
20240514;101129;152.04;10;10355830065;B
20240514;101131;152.02;450;10355830342;S
20240514;101131;152.02;10;10355830343;S
20240514;101131;152.02;50;10355830344;S
20240514;101131;152.02;190;10355830345;S
20240514;101133;152.04;80;10355830576;B
20240514;101136;152.04;40;10355831115;B
20240514;101136;152.04;100;10355831116;B
20240514;101137;152.06;40;10355831393;B
20240514;101138;152.04;10;10355831477;S
20240514;101143;152.06;220;10355832188;B
20240514;101143;152.06;960;10355832189;B
20240514;101145;152.06;40;10355832420;B
20240514;101148;152.06;720;10355832817;B
20240514;101158;152.06;50;10355834236;B
20240514;101200;152.06;10;10355834478;B
20240514;101201;152.06;600;10355834568;B
20240514;101204;152.06;10;10355835031;B
20240514;101210;152.04;30;10355836772;S
20240514;101214;152.04;320;10355837421;S
20240514;101214;152.04;10;10355837422;S
20240514;101214;152.04;100;10355837423;S
20240514;101214;152.04;10;10355837424;S
20240514;101214;152.04;70;10355837425;S
20240514;101215;152.06;30;10355837644;B
20240514;101223;152.06;50;10355838974;B
20240514;101227;152.06;50;10355839499;B
20240514;101229;152.06;300;10355839744;B
20240514;101230;152.06;10;10355839972;B
20240514;101235;152.06;20;10355840557;B
20240514;101241;152.06;1500;10355841712;B
20240514;101244;152.06;10;10355842056;B
20240514;101245;152.06;500;10355842260;B
20240514;101247;152.04;230;10355842590;S
20240514;101247;152.04;50;10355842591;S
20240514;101247;152.04;10;10355842592;S
20240514;101247;152.04;10;10355842593;S
20240514;101247;152.06;10;10355842607;B
20240514;101248;152.04;10;10355842670;S
20240514;101255;152.04;120;10355843571;S
20240514;101255;152.04;10;10355843572;S
20240514;101303;152.06;10;10355845170;B
20240514;101304;152.06;10;10355845226;B
20240514;101304;152.06;580;10355845232;B
20240514;101304;152.06;10;10355845306;B
20240514;101311;152.06;610;10355846442;B
20240514;101311;152.06;80;10355846560;B
20240514;101312;152.06;500;10355846732;B
20240514;101317;152.06;70;10355847394;B
20240514;101318;152.06;30;10355847549;B
20240514;101324;152.06;20;10355848257;B
20240514;101326;152.06;100;10355848646;B
20240514;101330;152.06;10;10355849086;B
20240514;101330;152.04;200;10355849102;S
20240514;101330;152.04;100;10355849120;S
20240514;101338;152.06;10;10355850273;B
20240514;101339;152.06;10;10355850384;B
20240514;101342;152.06;60;10355850792;B
20240514;101343;152.06;680;10355850846;B
20240514;101343;152.06;50;10355850847;B
20240514;101343;152.06;660;10355850848;B
20240514;101343;152.06;60;10355850849;B
20240514;101345;152.04;10;10355851092;S
20240514;101346;152.06;20;10355851279;B
20240514;101347;152.06;380;10355851434;B
20240514;101347;152.06;10;10355851435;B
20240514;101347;152.06;10;10355851436;B
20240514;101347;152.06;100;10355851437;B
20240514;101348;152.08;330;10355851442;B
20240514;101351;152.08;10;10355851877;B
20240514;101354;152.08;10;10355852199;B
20240514;101354;152.08;100;10355852209;B
20240514;101400;152.08;100;10355853326;B
20240514;101401;152.08;580;10355853417;B
20240514;101402;152.08;50;10355853597;B
20240514;101403;152.08;50;10355853752;B
20240514;101404;152.08;50;10355853799;B
20240514;101404;152.08;50;10355853881;B
20240514;101405;152.08;50;10355853969;B
20240514;101406;152.08;50;10355854057;B
20240514;101406;152.08;50;10355854116;B
20240514;101407;152.08;50;10355854188;B
20240514;101407;152.08;500;10355854232;B
20240514;101408;152.08;50;10355854265;B
20240514;101409;152.08;50;10355854329;B
20240514;101410;152.08;50;10355854537;B
20240514;101411;152.08;10;10355854669;B
20240514;101416;152.06;20;10355855275;S
20240514;101416;152.08;20;10355855293;B
20240514;101418;152.08;10;10355855482;B
20240514;101421;152.06;30;10355855753;S
20240514;101421;152.08;50;10355855822;B
20240514;101422;152.08;400;10355855905;B
20240514;101422;152.08;50;10355855914;B
20240514;101423;152.08;50;10355856046;B
20240514;101423;152.08;100;10355856129;B
20240514;101424;152.08;50;10355856204;B
20240514;101425;152.08;10;10355856334;B
20240514;101430;152.08;10;10355857216;B
20240514;101431;152.06;80;10355857335;S
20240514;101434;152.08;10;10355857981;B
20240514;101441;152.06;10;10355859167;S
20240514;101441;152.06;30;10355859168;S
20240514;101444;152.08;400;10355859452;B
20240514;101446;152.08;10;10355859835;B
20240514;101448;152.08;10;10355859939;B
20240514;101448;152.08;10;10355859982;B
20240514;101449;152.08;10;10355860079;B
20240514;101450;152.08;10;10355860158;B
20240514;101450;152.08;10;10355860190;B
20240514;101451;152.08;500;10355860342;B
20240514;101451;152.08;10;10355860395;B
20240514;101459;152.06;20;10355861848;S
20240514;101503;152.08;30;10355862818;B
20240514;101504;152.08;580;10355862965;B
20240514;101505;152.06;10;10355863314;S
20240514;101506;152.08;10;10355863804;B
20240514;101507;152.08;20;10355863936;B
20240514;101515;152.06;200;10355865871;S
20240514;101517;152.08;80;10355866282;B
20240514;101518;152.06;90;10355866478;S
20240514;101518;152.06;10;10355866479;S
20240514;101518;152.06;180;10355866480;S
20240514;101518;152.06;300;10355866481;S
20240514;101518;152.06;120;10355866482;S
20240514;101522;152.06;730;10355867433;S
20240514;101522;152.08;10;10355867503;B
20240514;101524;152.08;200;10355867816;B
20240514;101525;152.06;10;10355868065;S
20240514;101526;152.08;280;10355868290;B
20240514;101528;152.08;10;10355868707;B
20240514;101532;152.08;60;10355869422;B
20240514;101533;152.08;1800;10355869749;B
20240514;101534;152.08;40;10355869836;B
20240514;101534;152.08;20;10355869866;B
20240514;101538;152.08;3000;10355870634;B
20240514;101538;152.08;120;10355870635;B
20240514;101541;152.06;40;10355871071;S
20240514;101541;152.06;30;10355871077;S
20240514;101542;152.08;10;10355871437;B
20240514;101549;152.06;100;10355872728;S
20240514;101559;152.06;10;10355874671;S
20240514;101602;152.08;10;10355875160;B
20240514;101603;152.08;680;10355875338;B
20240514;101604;152.08;310;10355875382;B
20240514;101608;152.08;10;10355876024;B
20240514;101616;152.08;10;10355877241;B
20240514;101616;152.08;160;10355877391;B
20240514;101616;152.06;110;10355877445;S
20240514;101622;152.08;90;10355878700;B
20240514;101624;152.06;120;10355879054;S
20240514;101624;152.06;230;10355879139;S
20240514;101624;152.06;10;10355879140;S
20240514;101624;152.06;20;10355879141;S
20240514;101624;152.06;50;10355879142;S
20240514;101624;152.06;440;10355879143;S
20240514;101624;152.06;40;10355879144;S
20240514;101624;152.06;30;10355879145;S
20240514;101624;152.06;20;10355879146;S
20240514;101624;152.06;160;10355879147;S
20240514;101625;152.06;300;10355879211;S
20240514;101625;152.06;980;10355879268;S
20240514;101625;152.06;40;10355879269;S
20240514;101625;152.06;10;10355879270;S
20240514;101625;152.06;40;10355879271;S
20240514;101625;152.06;10;10355879272;S
20240514;101625;152.06;440;10355879273;S
20240514;101625;152.06;10;10355879274;S
20240514;101625;152.06;120;10355879275;S
20240514;101625;152.06;10;10355879329;B
20240514;101626;152.06;10;10355879354;B
20240514;101630;152.06;10;10355880044;B
20240514;101631;152.06;40;10355880320;B
20240514;101633;152.06;10;10355880745;B
20240514;101634;152.06;30;10355881138;B
20240514;101637;152.06;10;10355881789;B
20240514;101647;152.06;10;10355883602;B
20240514;101648;152.06;20;10355883771;B
20240514;101650;152.04;10;10355884037;S
20240514;101650;152.04;10;10355884038;S
20240514;101650;152.04;410;10355884039;S
20240514;101650;152.04;280;10355884040;S
20240514;101652;152.06;10;10355884438;B
20240514;101655;152.06;10;10355884957;B
20240514;101659;152.04;210;10355885504;S
20240514;101659;152.04;120;10355885505;S
20240514;101704;152.06;10;10355886308;B
20240514;101704;152.06;170;10355886359;B
20240514;101704;152.06;130;10355886360;B
20240514;101704;152.06;10;10355886361;B
20240514;101704;152.06;310;10355886362;B
20240514;101707;152.06;20;10355886790;B
20240514;101708;152.04;20;10355887091;S
20240514;101708;152.04;1000;10355887118;S
20240514;101710;152.04;10;10355887521;S
20240514;101711;152.06;10;10355887676;B
20240514;101714;152.04;10;10355888240;S
20240514;101715;152.06;10;10355888484;B
20240514;101716;152.06;10;10355888542;B
20240514;101716;152.06;110;10355888567;B
20240514;101717;152.04;10;10355888710;S
20240514;101717;152.04;10;10355888711;S
20240514;101718;152.06;850;10355888886;B
20240514;101718;152.06;240;10355888887;B
20240514;101718;152.06;30;10355889021;B
20240514;101720;152.04;10;10355889275;S
20240514;101720;152.02;50;10355889276;S
20240514;101720;152.02;40;10355889277;S
20240514;101728;152.02;100;10355890950;S
20240514;101737;152.06;30;10355892682;B
20240514;101738;152.06;10;10355892891;B
20240514;101739;152.02;20;10355892996;S
20240514;101739;152.02;40;10355892997;S
20240514;101739;152.02;10;10355892998;S
20240514;101739;152.02;10;10355892999;S
20240514;101739;152.02;100;10355893000;S
20240514;101739;152.02;450;10355893001;S
20240514;101739;152.02;60;10355893002;S
20240514;101739;152.02;180;10355893003;S
20240514;101739;152.02;50;10355893004;S
20240514;101739;152.02;10;10355893005;S
20240514;101739;152;80;10355893006;S
20240514;101739;152;1000;10355893007;S
20240514;101739;152;10;10355893008;S
20240514;101739;152;170;10355893009;S
20240514;101739;152;9010;10355893010;S
20240514;101747;152.02;1000;10355894379;B
20240514;101747;152.04;450;10355894380;B
20240514;101747;152.06;290;10355894381;B
20240514;101747;152.06;710;10355894382;B
20240514;101747;152.06;100;10355894383;B
20240514;101747;152.06;40;10355894384;B
20240514;101747;152.06;50;10355894385;B
20240514;101747;152.06;900;10355894386;B
20240514;101810;152.08;10;10355898712;B
20240514;101810;152.08;10;10355898783;B
20240514;101811;152.08;10;10355898823;B
20240514;101811;152.08;490;10355898824;B
20240514;101811;152.06;90;10355898882;S
20240514;101812;152.08;10;10355899111;B
20240514;101833;152.06;10;10355902209;S
20240514;101849;152.08;10;10355904548;B
20240514;101850;152.06;80;10355904621;S
20240514;101858;152.08;10;10355906390;B
20240514;101859;152.08;120;10355906688;B
20240514;101900;152.08;10;10355906800;B
20240514;101900;152.06;20;10355906802;S
20240514;101902;152.08;50;10355907071;B
20240514;101903;152.08;3970;10355907342;B
20240514;101907;152.08;10;10355907976;B
20240514;101907;152.08;3020;10355908027;B
20240514;101908;152.08;20;10355908048;B
20240514;101910;152.08;20;10355908405;B
20240514;101910;152.08;10;10355908467;B
20240514;101912;152.06;20;10355908673;S
20240514;101915;152.08;20;10355908973;B
20240514;101916;152.08;10;10355909121;B
20240514;101916;152.08;120;10355909132;B
20240514;101918;152.06;10;10355909251;S
20240514;101922;152.06;400;10355909792;S
20240514;101923;152.06;10;10355909870;S
20240514;101924;152.08;30;10355909982;B
20240514;101928;152.08;500;10355910752;B
20240514;101933;152.08;20;10355911672;B
20240514;101937;152.08;60;10355912220;B
20240514;101937;152.08;10;10355912221;B
20240514;101937;152.08;180;10355912222;B
20240514;101938;152.06;50;10355912348;S
20240514;101939;152.08;50;10355912526;B
20240514;101940;152.06;100;10355912642;S
20240514;101944;152.08;250;10355913161;B
20240514;101952;152.08;10;10355913885;B
20240514;101955;152.06;1240;10355914538;S
20240514;101959;152.08;10;10355915147;B
20240514;101959;152.06;120;10355915201;S
20240514;102001;152.08;10;10355915400;B
20240514;102002;152.08;340;10355915463;B
20240514;102002;152.08;500;10355915464;B
20240514;102002;152.08;100;10355915465;B
20240514;102002;152.08;20;10355915466;B
20240514;102002;152.08;10;10355915467;B
20240514;102005;152.08;130;10355916103;S
20240514;102005;152.08;50;10355916104;S
20240514;102005;152.08;450;10355916105;S
20240514;102005;152.08;50;10355916106;S
20240514;102005;152.08;510;10355916107;S
20240514;102005;152.08;1910;10355916108;S
20240514;102005;152.06;4310;10355916109;S
20240514;102005;152.06;10;10355916110;S
20240514;102005;152.06;10;10355916111;S
20240514;102005;152.06;20;10355916112;S
20240514;102005;152.06;50;10355916113;S
20240514;102005;152.06;310;10355916114;S
20240514;102005;152.06;10;10355916115;S
20240514;102005;152.06;1580;10355916116;S
20240514;102006;152.1;10;10355916170;B
20240514;102007;152.1;290;10355916273;B
20240514;102007;152.1;100;10355916274;B
20240514;102007;152.1;60;10355916275;B
20240514;102007;152.1;120;10355916276;B
20240514;102013;152.12;10;10355917099;B
20240514;102013;152.12;10;10355917227;B
20240514;102014;152.12;10;10355917327;B
20240514;102015;152.12;10;10355917815;B
20240514;102016;152.12;10;10355917926;B
20240514;102017;152.12;10;10355917978;B
20240514;102017;152.12;10;10355918622;B
20240514;102018;152.12;10;10355918721;B
20240514;102018;152.12;20;10355918797;B
20240514;102020;152.1;500;10355919007;S
20240514;102021;152.12;140;10355919138;B
20240514;102022;152.1;300;10355919447;S
20240514;102026;152.12;10;10355920111;B
20240514;102027;152.12;60;10355920133;B
20240514;102027;152.12;80;10355920134;B
20240514;102029;152.12;10;10355920389;B
20240514;102034;152.12;10;10355924096;B
20240514;102039;152.1;100;10355924858;S
20240514;102049;152.12;10;10355928463;B
20240514;102053;152.12;250;10355928904;B
20240514;102053;152.12;550;10355928905;B
20240514;102053;152.12;170;10355928944;S
20240514;102053;152.14;100;10355928971;B
20240514;102053;152.14;1320;10355928972;B
20240514;102058;152.14;680;10355929827;B
20240514;102058;152.14;10;10355929828;B
20240514;102058;152.16;1370;10355929851;B
20240514;102103;152.16;20;10355932090;B
20240514;102103;152.16;610;10355932133;B
20240514;102103;152.16;20;10355932134;B
20240514;102105;152.16;20;10355932653;B
20240514;102108;152.14;50;10355933418;S
20240514;102108;152.14;50;10355933419;S
20240514;102114;152.16;10;10355935618;B
20240514;102114;152.16;200;10355935619;B
20240514;102114;152.18;290;10355935620;B
20240514;102117;152.18;20;10355935891;B
20240514;102127;152.18;50;10355938914;B
20240514;102128;152.18;10;10355939044;B
20240514;102129;152.18;10;10355939119;B
20240514;102130;152.18;10;10355939203;B
20240514;102130;152.18;10;10355939205;B
20240514;102130;152.18;10;10355939267;B
20240514;102131;152.18;10;10355939366;B
20240514;102131;152.16;50;10355939383;S
20240514;102131;152.16;280;10355939384;S
20240514;102132;152.18;10;10355940073;B
20240514;102133;152.18;10;10355940960;B
20240514;102134;152.18;10;10355941093;B
20240514;102134;152.18;10;10355941177;B
20240514;102135;152.18;10;10355941539;B
20240514;102136;152.18;10;10355941698;B
20240514;102137;152.18;10;10355941854;B
20240514;102137;152.18;10;10355941962;B
20240514;102138;152.18;10;10355942049;B
20240514;102140;152.18;10;10355942569;B
20240514;102140;152.18;40;10355942644;B
20240514;102144;152.18;10;10355944155;B
20240514;102147;152.18;10;10355944703;B
20240514;102148;152.18;10;10355944913;B
20240514;102149;152.18;330;10355945117;B
20240514;102149;152.18;10;10355945130;B
20240514;102157;152.18;10;10355947072;B
20240514;102201;152.18;20;10355948605;B
20240514;102202;152.18;40;10355948989;B
20240514;102202;152.18;30;10355948990;B
20240514;102202;152.18;720;10355948991;B
20240514;102205;152.18;20;10355949499;B
20240514;102208;152.16;10;10355950378;S
20240514;102208;152.16;250;10355950582;S
20240514;102208;152.16;50;10355950583;S
20240514;102208;152.16;500;10355950584;S
20240514;102208;152.16;200;10355950585;S
20240514;102216;152.18;10;10355953093;B
20240514;102222;152.18;20;10355954072;B
20240514;102224;152.18;10;10355954203;B
20240514;102224;152.18;20;10355954236;B
20240514;102229;152.18;10;10355955955;B
20240514;102229;152.18;90;10355955994;B
20240514;102229;152.18;360;10355955995;B
20240514;102236;152.18;10;10355958495;B
20240514;102236;152.18;40;10355958496;B
20240514;102237;152.18;50;10355958559;B
20240514;102237;152.16;100;10355958580;S
20240514;102238;152.2;50;10355958617;B
20240514;102238;152.2;50;10355958694;B
20240514;102241;152.2;260;10355959480;B
20240514;102242;152.2;10;10355959726;B
20240514;102243;152.2;50;10355960198;B
20240514;102248;152.2;630;10355961635;B
20240514;102253;152.2;620;10355962911;B
20240514;102255;152.18;30;10355963244;S
20240514;102255;152.18;70;10355963245;S
20240514;102257;152.2;10;10355963704;B
20240514;102257;152.2;320;10355963909;B
20240514;102257;152.2;10;10355963910;B
20240514;102257;152.2;30;10355963911;B
20240514;102257;152.2;240;10355963912;B
20240514;102300;152.2;80;10355965385;B
20240514;102300;152.2;180;10355966438;B
20240514;102300;152.2;360;10355966439;B
20240514;102301;152.22;10;10355966907;B
20240514;102302;152.22;10;10355966982;B
20240514;102303;152.22;100;10355967402;B
20240514;102307;152.22;100;10355968453;B
20240514;102312;152.2;80;10355969114;S
20240514;102317;152.24;20;10355970260;B
20240514;102320;152.22;10;10355972362;S
20240514;102321;152.22;2870;10355972589;S
20240514;102322;152.24;10;10355972823;B
20240514;102322;152.24;1980;10355972824;B
20240514;102323;152.24;2060;10355973024;B
20240514;102325;152.24;20;10355973464;B
20240514;102325;152.24;10;10355973489;B
20240514;102326;152.22;200;10355973619;S
20240514;102327;152.24;50;10355973778;B
20240514;102327;152.22;500;10355974034;S
20240514;102328;152.24;10;10355974075;B
20240514;102328;152.24;5000;10355974083;B
20240514;102329;152.24;5000;10355974619;B
20240514;102329;152.22;420;10355974625;S
20240514;102329;152.22;180;10355974626;S
20240514;102330;152.24;5000;10355975276;B
20240514;102342;152.24;1990;10355979646;B
20240514;102342;152.22;10;10355979688;S
20240514;102349;152.24;10;10355981501;B
20240514;102351;152.24;10;10355981622;B
20240514;102403;152.24;30;10355985017;B
20240514;102405;152.24;1170;10355985317;B
20240514;102408;152.22;100;10355986244;S
20240514;102409;152.24;10;10355986959;B
20240514;102410;152.24;2000;10355987071;B
20240514;102415;152.24;20;10355987629;B
20240514;102416;152.22;90;10355987712;S
20240514;102416;152.22;80;10355987713;S
20240514;102418;152.22;10;10355988934;S
20240514;102418;152.24;10;10355988943;B
20240514;102425;152.24;50;10355991267;B
20240514;102427;152.24;10;10355992082;B
20240514;102428;152.24;620;10355992664;B
20240514;102429;152.24;10;10355993041;B
20240514;102431;152.22;50;10355993366;S
20240514;102432;152.22;10;10355993718;S
20240514;102434;152.24;170;10355993879;B
20240514;102434;152.22;100;10355993899;S
20240514;102436;152.24;1000;10355994575;B
20240514;102436;152.24;30;10355994581;B
20240514;102438;152.24;290;10355995509;B
20240514;102440;152.24;10;10355995681;B
20240514;102450;152.24;50;10355998125;B
20240514;102450;152.24;50;10355998180;B
20240514;102451;152.22;100;10355998197;S
20240514;102451;152.24;50;10355998253;B
20240514;102453;152.24;60;10355998361;B
20240514;102455;152.24;10;10355999585;B
20240514;102456;152.22;10;10355999719;S
20240514;102456;152.24;3210;10355999737;B
20240514;102456;152.24;20;10355999738;B
20240514;102456;152.24;10;10355999739;B
20240514;102456;152.24;11760;10355999740;B
20240514;102459;152.24;3760;10356000531;B
20240514;102501;152.24;1000;10356001281;B
20240514;102501;152.22;230;10356001302;S
20240514;102501;152.22;10;10356001303;S
20240514;102501;152.22;910;10356001304;S
20240514;102503;152.24;520;10356001540;B
20240514;102505;152.22;140;10356001806;S
20240514;102505;152.22;60;10356001807;S
20240514;102513;152.22;160;10356004927;S
20240514;102513;152.22;60;10356004928;S
20240514;102513;152.22;620;10356004929;S
20240514;102513;152.22;1760;10356004930;S
20240514;102515;152.24;10;10356005259;B
20240514;102518;152.22;10;10356005821;S
20240514;102521;152.24;200;10356006559;B
20240514;102524;152.24;10;10356008058;B
20240514;102527;152.24;10;10356008625;B
20240514;102530;152.22;10;10356009097;S
20240514;102531;152.24;600;10356009272;B
20240514;102533;152.22;140;10356009990;S
20240514;102536;152.24;40;10356010971;B
20240514;102540;152.24;710;10356011654;B
20240514;102547;152.24;50;10356014894;B
20240514;102548;152.24;50;10356015006;B
20240514;102549;152.24;50;10356015279;B
20240514;102551;152.24;50;10356016282;B
20240514;102551;152.22;100;10356016310;S
20240514;102552;152.24;50;10356016425;B
20240514;102553;152.24;620;10356017373;B
20240514;102554;152.22;10;10356017648;S
20240514;102603;152.24;10;10356020395;B
20240514;102603;152.24;2110;10356020663;B
20240514;102606;152.24;130;10356020980;B
20240514;102609;152.24;3260;10356021482;B
20240514;102609;152.24;530;10356021483;B
20240514;102610;152.24;10;10356021663;B
20240514;102622;152.22;100;10356025303;S
20240514;102623;152.22;10;10356025672;S
20240514;102624;152.24;100;10356025829;B
20240514;102626;152.24;10;10356027717;B
20240514;102627;152.24;5630;10356027762;B
20240514;102627;152.24;200;10356027763;B
20240514;102627;152.24;10;10356027764;B
20240514;102627;152.24;100;10356027765;B
20240514;102627;152.24;10;10356027766;B
20240514;102627;152.24;10;10356027767;B
20240514;102627;152.24;650;10356027768;B
20240514;102627;152.24;390;10356027769;B
20240514;102629;152.22;50;10356027923;S
20240514;102630;152.22;20;10356028331;S
20240514;102633;152.24;100;10356029758;B
20240514;102633;152.22;100;10356029821;S
20240514;102634;152.24;100;10356030016;B
20240514;102635;152.22;500;10356030112;S
20240514;102639;152.24;10;10356031155;B
20240514;102639;152.22;130;10356031201;S
20240514;102639;152.22;240;10356031202;S
20240514;102639;152.22;50;10356031203;S
20240514;102639;152.22;560;10356031204;S
20240514;102640;152.24;10;10356031849;B
20240514;102640;152.22;2630;10356031850;S
20240514;102640;152.22;80;10356031851;S
20240514;102640;152.22;320;10356031852;S
20240514;102640;152.2;5670;10356031853;S
20240514;102640;152.2;100;10356031854;S
20240514;102640;152.2;50;10356031855;S
20240514;102640;152.2;10;10356031856;S
20240514;102640;152.2;10;10356031857;S
20240514;102640;152.2;10;10356031858;S
20240514;102640;152.2;50;10356031859;S
20240514;102640;152.2;10;10356031860;S
20240514;102640;152.2;650;10356031861;S
20240514;102640;152.2;50;10356031862;S
20240514;102640;152.2;200;10356031863;S
20240514;102640;152.2;20;10356031870;B
20240514;102641;152.2;10;10356031907;B
20240514;102644;152.2;20;10356032841;B
20240514;102648;152.2;50;10356033224;B
20240514;102657;152.2;60;10356035685;B
20240514;102657;152.2;140;10356035686;B
20240514;102657;152.18;100;10356035723;S
20240514;102705;152.2;10;10356038853;B
20240514;102706;152.2;810;10356039046;B
20240514;102706;152.2;20;10356039121;B
20240514;102709;152.2;10;10356039461;B
20240514;102711;152.18;60;10356040042;S
20240514;102711;152.18;10;10356040043;S
20240514;102711;152.18;500;10356040044;S
20240514;102711;152.18;30;10356040045;S
20240514;102715;152.2;10;10356041766;B
20240514;102734;152.2;40;10356048713;B
20240514;102735;152.18;10;10356048789;S
20240514;102736;152.2;350;10356048871;B
20240514;102740;152.2;10;10356050271;B
20240514;102753;152.18;20;10356055314;S
20240514;102756;152.18;20;10356055838;S
20240514;102801;152.2;10;10356057160;B
20240514;102802;152.2;10;10356057866;B
20240514;102802;152.2;30;10356057944;B
20240514;102802;152.2;10;10356057945;B
20240514;102802;152.2;500;10356057946;B
20240514;102802;152.2;100;10356057947;B
20240514;102802;152.2;110;10356057948;B
20240514;102802;152.2;230;10356057949;B
20240514;102804;152.2;130;10356058232;B
20240514;102804;152.2;300;10356058233;B
20240514;102804;152.22;10;10356058273;B
20240514;102804;152.22;100;10356058274;B
20240514;102804;152.22;100;10356058275;B
20240514;102804;152.22;1000;10356058276;B
20240514;102804;152.22;470;10356058277;B
20240514;102805;152.22;20;10356058376;B
20240514;102808;152.2;120;10356058659;B
20240514;102808;152.22;420;10356058661;B
20240514;102808;152.22;200;10356058662;B
20240514;102808;152.22;600;10356058663;B
20240514;102808;152.22;200;10356058664;B
20240514;102808;152.22;60;10356058665;B
20240514;102808;152.22;360;10356058670;S
20240514;102809;152.24;20;10356058693;B
20240514;102814;152.24;250;10356060160;B
20240514;102814;152.24;390;10356060161;B
20240514;102822;152.2;90;10356062693;S
20240514;102843;152.24;100;10356067717;B
20240514;102844;152.24;200;10356067872;B
20240514;102849;152.22;30;10356070497;S
20240514;102849;152.22;70;10356070498;S
20240514;102850;152.22;10;10356070903;S
20240514;102850;152.22;10;10356070904;S
20240514;102851;152.24;10;10356071035;B
20240514;102852;152.24;30;10356071124;B
20240514;102858;152.24;1000;10356073030;B
20240514;102902;152.24;70;10356073843;B
20240514;102903;152.24;1150;10356073886;B
20240514;102904;152.22;80;10356074765;S
20240514;102904;152.22;20;10356074766;S
20240514;102904;152.24;10;10356074806;B
20240514;102906;152.22;20;10356075587;S
20240514;102907;152.22;500;10356075629;S
20240514;102909;152.24;200;10356076452;B
20240514;102909;152.22;100;10356076590;S
20240514;102911;152.24;10;10356076830;B
20240514;102913;152.24;10;10356077294;B
20240514;102915;152.24;70;10356078620;B
20240514;102920;152.22;10;10356079351;S
20240514;102927;152.22;10;10356080637;S
20240514;102927;152.24;10;10356080720;B
20240514;102933;152.24;20;10356082214;B
20240514;102934;152.22;150;10356082275;S
20240514;102936;152.24;20;10356082493;B
20240514;102938;152.24;10;10356082671;B
20240514;102952;152.24;500;10356083842;B
20240514;102955;152.24;10;10356084410;B
20240514;102955;152.24;30;10356084423;B
20240514;102959;152.24;90;10356085154;B
20240514;103002;152.24;50;10356085734;B
20240514;103002;152.24;1190;10356085762;B
20240514;103003;152.24;1220;10356086061;B
20240514;103006;152.22;50;10356086480;S
20240514;103006;152.22;10;10356086543;S
20240514;103008;152.22;10;10356086898;S
20240514;103013;152.22;700;10356087486;S
20240514;103015;152.22;60;10356087673;S
20240514;103019;152.22;1230;10356087976;S
20240514;103019;152.22;30;10356087977;S
20240514;103019;152.22;510;10356087978;S
20240514;103019;152.22;800;10356087979;S
20240514;103019;152.22;350;10356087980;S
20240514;103019;152.22;30;10356088005;B
20240514;103028;152.22;1500;10356088970;B
20240514;103033;152.22;200;10356089568;B
20240514;103034;152.22;10;10356089603;B
20240514;103041;152.22;10;10356090376;B
20240514;103044;152.22;10;10356090652;B
20240514;103045;152.22;10;10356090709;B
20240514;103046;152.22;10;10356090741;B
20240514;103048;152.22;10;10356090959;B
20240514;103051;152.22;10;10356091347;B
20240514;103054;152.2;10;10356091649;S
20240514;103054;152.2;20;10356091650;S
20240514;103054;152.2;30;10356091684;S
20240514;103055;152.2;30;10356091715;S
20240514;103055;152.2;20;10356091736;S
20240514;103055;152.2;10;10356091737;S
20240514;103056;152.2;30;10356091777;S
20240514;103056;152.2;30;10356091817;S
20240514;103056;152.2;20;10356091847;S
20240514;103056;152.2;10;10356091848;S
20240514;103057;152.2;30;10356091891;S
20240514;103057;152.2;30;10356091901;S
20240514;103057;152.2;30;10356091932;S
20240514;103058;152.2;30;10356091980;S
20240514;103058;152.22;10;10356092072;B
20240514;103100;152.2;40;10356092335;S
20240514;103103;152.2;50;10356092599;S
20240514;103108;152.22;10;10356093021;B
20240514;103109;152.22;40;10356093117;B
20240514;103112;152.22;10;10356093682;B
20240514;103113;152.2;940;10356093719;S
20240514;103113;152.2;670;10356093720;S
20240514;103113;152.2;100;10356093721;S
20240514;103113;152.2;20;10356093722;S
20240514;103113;152.2;800;10356093723;S
20240514;103113;152.2;720;10356093724;S
20240514;103116;152.22;10;10356094024;B
20240514;103123;152.22;250;10356094845;B
20240514;103124;152.2;10;10356094943;S
20240514;103126;152.22;10;10356095192;B
20240514;103127;152.22;40;10356095263;B
20240514;103128;152.2;330;10356095659;S
20240514;103128;152.2;100;10356095660;S
20240514;103128;152.2;570;10356095661;S
20240514;103132;152.22;10;10356096000;B
20240514;103133;152.2;30;10356096109;S
20240514;103133;152.2;50;10356096148;S
20240514;103144;152.22;30;10356097102;B
20240514;103148;152.22;1340;10356098531;B
20240514;103149;152.2;200;10356098601;S
20240514;103150;152.22;50;10356098623;B
20240514;103150;152.22;10;10356098644;B
20240514;103153;152.22;100;10356098902;B
20240514;103159;152.22;10;10356099632;B
20240514;103206;152.2;10;10356100291;S
20240514;103206;152.2;10;10356100292;S
20240514;103206;152.2;170;10356100293;S
20240514;103206;152.2;10;10356100294;S
20240514;103208;152.2;10;10356100518;S
20240514;103210;152.22;10;10356100686;B
20240514;103211;152.22;100;10356100852;B
20240514;103216;152.22;4000;10356101621;B
20240514;103217;152.2;10;10356101701;S
20240514;103219;152.22;50;10356101864;B
20240514;103222;152.2;10;10356102197;S
20240514;103223;152.2;50;10356102270;S
20240514;103223;152.2;10;10356102271;S
20240514;103223;152.2;970;10356102272;S
20240514;103223;152.2;800;10356102273;S
20240514;103223;152.2;10;10356102274;S
20240514;103223;152.2;60;10356102275;S
20240514;103223;152.2;160;10356102276;S
20240514;103225;152.22;10;10356102493;B
20240514;103227;152.2;10;10356102601;S
20240514;103230;152.22;20;10356102957;B
20240514;103235;152.22;10;10356103356;B
20240514;103238;152.22;10;10356103725;B
20240514;103243;152.22;80;10356104571;B
20240514;103244;152.22;10;10356104669;B
20240514;103245;152.2;10;10356104701;S
20240514;103249;152.22;10;10356105147;B
20240514;103249;152.2;1310;10356105157;S
20240514;103249;152.2;800;10356105158;S
20240514;103249;152.2;30;10356105159;S
20240514;103249;152.2;1480;10356105160;S
20240514;103249;152.2;2700;10356105161;S
20240514;103249;152.2;20;10356105162;S
20240514;103249;152.2;70;10356105163;S
20240514;103249;152.2;10;10356105164;S
20240514;103250;152.22;20;10356105314;B
20240514;103254;152.22;10;10356106624;B
20240514;103256;152.22;10;10356107086;B
20240514;103303;152.22;50;10356109191;B
20240514;103304;152.22;300;10356109220;B
20240514;103304;152.22;50;10356109221;B
20240514;103304;152.22;630;10356109222;B
20240514;103304;152.2;60;10356109229;S
20240514;103304;152.2;60;10356109230;S
20240514;103304;152.2;280;10356109231;S
20240514;103304;152.22;10;10356109477;B
20240514;103305;152.22;20;10356109814;B
20240514;103308;152.2;300;10356110548;S
20240514;103308;152.22;10;10356110999;B
20240514;103310;152.2;180;10356111411;S
20240514;103312;152.22;10;10356112301;B
20240514;103312;152.2;10;10356112305;S
20240514;103313;152.22;10;10356112536;B
20240514;103314;152.22;1460;10356112706;B
20240514;103314;152.22;200;10356112707;B
20240514;103314;152.22;10;10356112708;B
20240514;103314;152.22;30;10356112709;B
20240514;103314;152.22;10;10356112710;B
20240514;103314;152.22;100;10356112711;B
20240514;103314;152.22;10;10356112712;B
20240514;103314;152.22;680;10356112713;B
20240514;103320;152.2;810;10356114081;S
20240514;103320;152.2;50;10356114082;S
20240514;103320;152.2;40;10356114083;S
20240514;103320;152.2;140;10356114084;S
20240514;103320;152.2;10;10356114085;S
20240514;103320;152.2;10;10356114086;S
20240514;103320;152.2;2700;10356114087;S
20240514;103320;152.18;200;10356114101;S
20240514;103320;152.18;10;10356114102;S
20240514;103320;152.18;10;10356114103;S
20240514;103320;152.18;250;10356114104;S
20240514;103320;152.18;90;10356114105;S
20240514;103320;152.18;630;10356114106;S
20240514;103320;152.18;10;10356114107;S
20240514;103320;152.18;930;10356114108;S
20240514;103320;152.18;870;10356114109;S
20240514;103320;152.2;10;10356114193;B
20240514;103321;152.2;10;10356114257;B
20240514;103321;152.2;10;10356114450;B
20240514;103323;152.2;10;10356114883;B
20240514;103323;152.2;10;10356114887;B
20240514;103323;152.2;10;10356114932;B
20240514;103324;152.18;180;10356115263;S
20240514;103324;152.2;10;10356115356;B
20240514;103325;152.2;10;10356115503;B
20240514;103326;152.2;100;10356115860;B
20240514;103326;152.2;10;10356115872;B
20240514;103327;152.18;40;10356116038;S
20240514;103327;152.18;320;10356116039;S
20240514;103327;152.2;10;10356116226;B
20240514;103327;152.2;10;10356116242;B
20240514;103327;152.2;10;10356116251;B
20240514;103329;152.2;10;10356116688;B
20240514;103330;152.18;100;10356116744;S
20240514;103331;152.2;10;10356117019;B
20240514;103331;152.2;10;10356117025;B
20240514;103332;152.2;20;10356117071;B
20240514;103332;152.2;10;10356117178;B
20240514;103334;152.2;1500;10356117353;B
20240514;103344;152.2;40;10356118622;B
20240514;103346;152.18;50;10356118954;S
20240514;103348;152.2;10;10356119168;B
20240514;103354;152.2;30;10356119706;B
20240514;103401;152.2;2200;10356120425;B
20240514;103402;152.2;910;10356120580;B
20240514;103403;152.18;10;10356120654;S
20240514;103405;152.18;10;10356120797;S
20240514;103408;152.2;150;10356121063;B
20240514;103411;152.18;100;10356121326;S
20240514;103414;152.2;10;10356121603;B
20240514;103414;152.2;10;10356121605;B
20240514;103420;152.2;100;10356122575;B
20240514;103424;152.18;40;10356122997;S
20240514;103435;152.2;40;10356123966;B
20240514;103438;152.18;40;10356124508;S
20240514;103438;152.18;200;10356124509;S
20240514;103438;152.18;10;10356124510;S
20240514;103438;152.18;10;10356124511;S
20240514;103438;152.18;10;10356124512;S
20240514;103438;152.18;10;10356124513;S
20240514;103438;152.18;10;10356124514;S
20240514;103438;152.18;10;10356124515;S
20240514;103438;152.18;50;10356124516;S
20240514;103438;152.18;610;10356124517;S
20240514;103438;152.18;10;10356124518;S
20240514;103438;152.18;130;10356124519;S
20240514;103438;152.18;10;10356124520;S
20240514;103438;152.18;10;10356124521;S
20240514;103438;152.18;10;10356124522;S
20240514;103438;152.18;20;10356124523;S
20240514;103438;152.18;20;10356124524;S
20240514;103438;152.18;10;10356124525;S
20240514;103438;152.18;10;10356124526;S
20240514;103438;152.18;10;10356124527;S
20240514;103438;152.18;10;10356124528;S
20240514;103438;152.18;40;10356124529;S
20240514;103438;152.18;20;10356124530;S
20240514;103438;152.18;10;10356124531;S
20240514;103438;152.18;40;10356124532;S
20240514;103441;152.2;10;10356124694;B
20240514;103443;152.18;30;10356124948;S
20240514;103444;152.2;100;10356125071;B
20240514;103456;152.2;30;10356126367;B
20240514;103457;152.2;20;10356126383;B
20240514;103502;152.2;10;10356126927;B
20240514;103503;152.2;790;10356127035;B
20240514;103503;152.2;10;10356127036;B
20240514;103503;152.2;10;10356127037;B
20240514;103503;152.2;290;10356127038;B
20240514;103504;152.18;20;10356127087;S
20240514;103504;152.18;20;10356127088;S
20240514;103504;152.18;10;10356127089;S
20240514;103504;152.18;10;10356127090;S
20240514;103507;152.18;10;10356127369;S
20240514;103507;152.18;10;10356127370;S
20240514;103507;152.18;10;10356127371;S
20240514;103509;152.2;50;10356127707;B
20240514;103510;152.2;10;10356127795;B
20240514;103514;152.2;70;10356128226;B
20240514;103514;152.2;20;10356128254;B
20240514;103520;152.2;10;10356128941;B
20240514;103520;152.2;10;10356128950;B
20240514;103525;152.2;40;10356129535;B
20240514;103525;152.2;10;10356129536;B
20240514;103531;152.2;100;10356130480;B
20240514;103532;152.2;100;10356130661;B
20240514;103534;152.2;10;10356130749;B
20240514;103538;152.18;10;10356131231;S
20240514;103538;152.18;10;10356131232;S
20240514;103538;152.18;10;10356131233;S
20240514;103538;152.18;40;10356131234;S
20240514;103538;152.18;10;10356131235;S
20240514;103538;152.18;10;10356131236;S
20240514;103538;152.18;10;10356131237;S
20240514;103538;152.18;10;10356131238;S
20240514;103538;152.18;10;10356131239;S
20240514;103538;152.18;10;10356131240;S
20240514;103538;152.18;10;10356131241;S
20240514;103538;152.18;10;10356131242;S
20240514;103538;152.18;20;10356131243;S
20240514;103538;152.18;10;10356131244;S
20240514;103538;152.18;10;10356131245;S
20240514;103538;152.18;10;10356131246;S
20240514;103538;152.18;10;10356131247;S
20240514;103538;152.18;10;10356131248;S
20240514;103538;152.18;10;10356131249;S
20240514;103538;152.18;10;10356131250;S
20240514;103538;152.18;530;10356131251;S
20240514;103538;152.18;10;10356131252;S
20240514;103538;152.18;10;10356131253;S
20240514;103538;152.18;40;10356131254;S
20240514;103538;152.18;40;10356131255;S
20240514;103538;152.18;20;10356131256;S
20240514;103538;152.16;50;10356131257;S
20240514;103538;152.16;10;10356131258;S
20240514;103538;152.16;160;10356131259;S
20240514;103538;152.16;40;10356131260;S
20240514;103538;152.16;10;10356131261;S
20240514;103538;152.16;410;10356131262;S
20240514;103538;152.16;260;10356131263;S
20240514;103538;152.16;90;10356131264;S
20240514;103538;152.16;30;10356131265;S
20240514;103538;152.16;50;10356131266;S
20240514;103539;152.18;10;10356131331;B
20240514;103541;152.18;40;10356131488;B
20240514;103541;152.18;200;10356131489;B
20240514;103541;152.18;140;10356131490;B
20240514;103543;152.2;430;10356131690;B
20240514;103554;152.2;20;10356132891;B
20240514;103558;152.2;350;10356133342;B
20240514;103602;152.2;320;10356133683;B
20240514;103603;152.2;1030;10356133720;B
20240514;103604;152.2;150;10356133834;B
20240514;103608;152.18;100;10356134206;S
20240514;103608;152.18;200;10356134207;S
20240514;103612;152.2;10;10356134591;B
20240514;103614;152.18;300;10356134796;S
20240514;103616;152.18;10;10356134962;S
20240514;103616;152.2;600;10356135001;B
20240514;103621;152.2;10;10356135539;B
20240514;103622;152.18;50;10356135691;S
20240514;103628;152.2;450;10356136190;B
20240514;103643;152.18;80;10356137812;S
20240514;103643;152.18;10;10356137813;S
20240514;103643;152.18;20;10356137814;S
20240514;103643;152.18;10;10356137815;S
20240514;103643;152.18;10;10356137816;S
20240514;103643;152.18;20;10356137817;S
20240514;103643;152.18;10;10356137818;S
20240514;103643;152.18;10;10356137819;S
20240514;103643;152.18;20;10356137820;S
20240514;103643;152.18;10;10356137821;S
20240514;103643;152.18;20;10356137822;S
20240514;103643;152.18;10;10356137823;S
20240514;103643;152.18;10;10356137824;S
20240514;103643;152.18;10;10356137825;S
20240514;103643;152.18;10;10356137826;S
20240514;103643;152.18;40;10356137827;S
20240514;103643;152.18;20;10356137828;S
20240514;103643;152.18;10;10356137829;S
20240514;103643;152.18;10;10356137830;S
20240514;103643;152.18;20;10356137831;S
20240514;103643;152.18;60;10356137832;S
20240514;103643;152.18;10;10356137833;S
20240514;103643;152.18;30;10356137834;S
20240514;103643;152.18;20;10356137835;S
20240514;103643;152.18;20;10356137836;S
20240514;103648;152.18;10;10356138204;B
20240514;103648;152.18;150;10356138222;B
20240514;103649;152.18;10;10356138265;B
20240514;103653;152.18;10;10356138730;B
20240514;103709;152.18;20;10356141283;B
20240514;103710;152.18;270;10356141350;B
20240514;103710;152.18;90;10356141351;B
20240514;103713;152.2;1360;10356141757;B
20240514;103713;152.2;300;10356141758;B
20240514;103713;152.2;50;10356141759;B
20240514;103713;152.2;100;10356141760;B
20240514;103716;152.18;220;10356142072;S
20240514;103720;152.2;50;10356142470;B
20240514;103724;152.2;60;10356142754;B
20240514;103724;152.18;10;10356142829;S
20240514;103727;152.2;10;10356143028;B
20240514;103727;152.2;40;10356143029;B
20240514;103728;152.2;10;10356143263;B
20240514;103729;152.18;30;10356143414;S
20240514;103732;152.2;50;10356143635;B
20240514;103736;152.2;50;10356143976;B
20240514;103738;152.18;110;10356144427;S
20240514;103740;152.2;50;10356144638;B
20240514;103741;152.2;40;10356144713;B
20240514;103742;152.18;10;10356144793;S
20240514;103743;152.2;1430;10356144898;B
20240514;103743;152.2;70;10356144903;B
20240514;103748;152.2;660;10356145400;B
20240514;103753;152.2;400;10356145855;B
20240514;103753;152.2;30;10356145890;B
20240514;103754;152.2;100;10356145981;B
20240514;103755;152.2;10;10356146036;B
20240514;103801;152.2;10;10356147454;B
20240514;103801;152.2;1290;10356147488;B
20240514;103803;152.18;10;10356147668;S
20240514;103803;152.18;10;10356147669;S
20240514;103803;152.18;10;10356147670;S
20240514;103803;152.18;10;10356147671;S
20240514;103803;152.18;10;10356147672;S
20240514;103810;152.18;20;10356148678;S
20240514;103813;152.2;10;10356149231;B
20240514;103822;152.2;100;10356150146;B
20240514;103830;152.2;10;10356150970;B
20240514;103845;152.2;10;10356153125;B
20240514;103850;152.2;630;10356153575;B
20240514;103850;152.2;110;10356153576;B
20240514;103850;152.2;3000;10356153577;B
20240514;103850;152.2;10;10356153578;B
20240514;103850;152.2;10;10356153579;B
20240514;103850;152.2;300;10356153580;B
20240514;103850;152.22;940;10356153581;B
20240514;103854;152.2;720;10356154340;S
20240514;103854;152.2;980;10356154341;S
20240514;103854;152.2;2430;10356154342;S
20240514;103854;152.2;300;10356154436;B
20240514;103855;152.2;80;10356154506;B
20240514;103856;152.2;30;10356154556;B
20240514;103901;152.2;20;10356155067;B
20240514;103901;152.2;440;10356155080;B
20240514;103902;152.2;580;10356155186;S
20240514;103902;152.2;50;10356155187;S
20240514;103902;152.2;720;10356155188;S
20240514;103902;152.2;2420;10356155189;S
20240514;103902;152.2;1230;10356155190;S
20240514;103909;152.2;50;10356156092;S
20240514;103909;152.2;30;10356156093;S
20240514;103909;152.2;720;10356156094;S
20240514;103909;152.2;2410;10356156095;S
20240514;103909;152.2;800;10356156096;S
20240514;103909;152.2;990;10356156097;S
20240514;103911;152.22;120;10356156215;B
20240514;103923;152.2;10;10356157354;B
20240514;103926;152.2;20;10356157607;B
20240514;103926;152.2;140;10356157608;B
20240514;103931;152.2;40;10356157990;B
20240514;103932;152.18;10;10356158138;S
20240514;103932;152.18;10;10356158139;S
20240514;103932;152.18;10;10356158140;S
20240514;103932;152.18;70;10356158141;S
20240514;103932;152.18;230;10356158312;S
20240514;103932;152.18;10;10356158313;S
20240514;103932;152.18;10;10356158314;S
20240514;103932;152.18;10;10356158315;S
20240514;103932;152.18;10;10356158316;S
20240514;103932;152.18;10;10356158317;S
20240514;103932;152.18;10;10356158318;S
20240514;103932;152.18;10;10356158319;S
20240514;103932;152.18;10;10356158320;S
20240514;103932;152.18;10;10356158321;S
20240514;103932;152.18;1000;10356158322;S
20240514;103932;152.16;450;10356158323;S
20240514;103932;152.16;2400;10356158324;S
20240514;103932;152.16;1670;10356158325;S
20240514;103932;152.16;710;10356158326;S
20240514;103932;152.14;50;10356158327;S
20240514;103932;152.14;10;10356158328;S
20240514;103932;152.14;10;10356158329;S
20240514;103932;152.14;10;10356158330;S
20240514;103932;152.14;50;10356158331;S
20240514;103932;152.14;10;10356158332;S
20240514;103932;152.14;2340;10356158333;S
20240514;103932;152.12;100;10356158334;S
20240514;103932;152.12;100;10356158335;S
20240514;103932;152.12;10;10356158336;S
20240514;103932;152.12;20;10356158337;S
20240514;103932;152.12;10;10356158338;S
20240514;103932;152.12;50;10356158339;S
20240514;103932;152.12;160;10356158340;S
20240514;103932;152.12;10;10356158341;S
20240514;103932;152.12;2900;10356158342;S
20240514;103932;152.1;2530;10356158343;S
20240514;103932;152.1;10;10356158344;S
20240514;103932;152.1;10;10356158345;S
20240514;103932;152.1;10;10356158346;S
20240514;103932;152.1;10;10356158347;S
20240514;103932;152.1;10;10356158348;S
20240514;103932;152.1;10;10356158349;S
20240514;103932;152.1;10;10356158350;S
20240514;103932;152.1;50;10356158351;S
20240514;103932;152.1;1980;10356158352;S
20240514;103932;152.08;50;10356158353;S
20240514;103932;152.08;1000;10356158354;S
20240514;103932;152.08;40;10356158355;S
20240514;103932;152.08;3000;10356158356;S
20240514;103932;152.08;10;10356158357;S
20240514;103932;152.08;10;10356158358;S
20240514;103932;152.08;10;10356158359;S
20240514;103932;152.08;1000;10356158360;S
20240514;103932;152.08;10;10356158361;S
20240514;103932;152.08;10;10356158362;S
20240514;103932;152.06;8420;10356158363;S
20240514;103932;152.06;20;10356158364;S
20240514;103932;152.06;100;10356158365;S
20240514;103932;152.06;34800;10356158366;S
20240514;103932;152.06;50;10356158367;S
20240514;103932;152.06;10;10356158368;S
20240514;103932;152.06;10;10356158369;S
20240514;103932;152.06;30;10356158370;S
20240514;103932;152.06;20000;10356158371;S
20240514;103932;152.06;10;10356158372;S
20240514;103932;152.06;100;10356158373;S
20240514;103932;152.06;20;10356158374;S
20240514;103932;152.06;10000;10356158375;S
20240514;103932;152.06;10000;10356158376;S
20240514;103932;152.06;70;10356158377;S
20240514;103932;152.04;50;10356158378;S
20240514;103932;152.04;10;10356158379;S
20240514;103932;152.04;10;10356158380;S
20240514;103932;152.04;1320;10356158381;S
20240514;103932;152.04;10000;10356158382;S
20240514;103932;152.04;10000;10356158383;S
20240514;103932;152.02;2100;10356158384;S
20240514;103932;152.02;10;10356158385;S
20240514;103932;152.02;10;10356158386;S
20240514;103932;152.02;50;10356158387;S
20240514;103932;152;1790;10356158388;S
20240514;103932;152;10;10356158389;S
20240514;103932;152;10;10356158390;S
20240514;103932;152;30;10356158391;S
20240514;103932;152;140;10356158392;S
20240514;103932;152;10;10356158393;S
20240514;103932;152;10;10356158394;S
20240514;103932;152;10;10356158395;S
20240514;103932;152;10;10356158396;S
20240514;103932;152;100;10356158397;S
20240514;103932;152;10;10356158398;S
20240514;103932;152;10;10356158399;S
20240514;103932;152;10;10356158400;S
20240514;103932;152;10;10356158401;S
20240514;103932;152;40;10356158402;S
20240514;103932;152;20;10356158403;S
20240514;103932;152;10;10356158404;S
20240514;103932;152;10;10356158405;S
20240514;103932;152;10;10356158406;S
20240514;103932;152;100;10356158407;S
20240514;103932;152;10;10356158408;S
20240514;103932;152;10;10356158409;S
20240514;103932;152;10;10356158410;S
20240514;103932;152;50;10356158411;S
20240514;103932;152;40;10356158412;S
20240514;103932;152;50;10356158413;S
20240514;103932;152;10;10356158414;S
20240514;103932;152;50;10356158415;S
20240514;103932;152;50;10356158416;S
20240514;103932;152;3000;10356158417;S
20240514;103932;152;50;10356158418;S
20240514;103932;152;10000;10356158419;S
20240514;103932;152;10;10356158420;S
20240514;103932;152;10;10356158421;S
20240514;103932;152;100;10356158422;S
20240514;103932;152;10;10356158423;S
20240514;103932;152;50;10356158424;S
20240514;103932;151.98;10;10356158425;S
20240514;103932;151.98;500;10356158426;S
20240514;103932;151.98;10;10356158427;S
20240514;103932;151.98;30;10356158428;S
20240514;103932;151.98;50;10356158429;S
20240514;103932;151.96;300;10356158430;S
20240514;103932;151.96;10;10356158431;S
20240514;103932;151.96;20;10356158432;S
20240514;103932;151.96;300;10356158433;S
20240514;103932;151.96;50;10356158434;S
20240514;103932;151.94;10;10356158435;S
20240514;103932;151.94;1000;10356158436;S
20240514;103932;151.94;50;10356158437;S
20240514;103932;151.92;10;10356158438;S
20240514;103932;151.92;10;10356158439;S
20240514;103932;151.92;10;10356158440;S
20240514;103932;151.92;10;10356158441;S
20240514;103932;151.92;10;10356158442;S
20240514;103932;151.9;10;10356158443;S
20240514;103932;151.9;10;10356158444;S
20240514;103932;151.9;250;10356158445;S
20240514;103932;151.9;10;10356158446;S
20240514;103932;151.9;50;10356158447;S
20240514;103932;151.9;50;10356158448;S
20240514;103932;151.9;20;10356158449;S
20240514;103932;151.9;200;10356158450;S
20240514;103932;151.9;30;10356158451;S
20240514;103932;151.9;100;10356158452;S
20240514;103932;151.9;10;10356158453;S
20240514;103932;151.9;50;10356158454;S
20240514;103932;151.9;10;10356158455;S
20240514;103932;151.9;10;10356158456;S
20240514;103932;151.9;10;10356158457;S
20240514;103932;151.9;10;10356158458;S
20240514;103932;151.9;100;10356158459;S
20240514;103932;151.9;10;10356158460;S
20240514;103932;151.9;50;10356158461;S
20240514;103932;151.9;100;10356158462;S
20240514;103932;151.9;500;10356158463;S
20240514;103932;151.9;50;10356158464;S
20240514;103932;151.9;20;10356158465;S
20240514;103932;151.9;10;10356158466;S
20240514;103932;151.9;30;10356158467;S
20240514;103932;151.9;180;10356158468;S
20240514;103932;151.88;550;10356158469;S
20240514;103932;151.88;10;10356158470;S
20240514;103932;151.88;10;10356158471;S
20240514;103932;151.88;30;10356158472;S
20240514;103932;151.86;10;10356158473;S
20240514;103932;151.86;60;10356158474;S
20240514;103932;151.86;10;10356158475;S
20240514;103932;151.86;30;10356158476;S
20240514;103932;151.86;30;10356158477;S
20240514;103932;151.86;10;10356158478;S
20240514;103932;151.86;50;10356158479;S
20240514;103932;151.84;100;10356158480;S
20240514;103932;151.84;30;10356158481;S
20240514;103932;151.84;1000;10356158482;S
20240514;103932;151.84;30;10356158483;S
20240514;103932;151.84;40;10356158484;S
20240514;103932;151.82;10;10356158485;S
20240514;103932;151.82;500;10356158486;S
20240514;103932;151.82;100;10356158487;S
20240514;103932;151.82;10;10356158488;S
20240514;103932;151.82;9900;10356158489;S
20240514;103932;151.92;50;10356158493;B
20240514;103932;151.94;50;10356158494;B
20240514;103932;151.96;50;10356158495;B
20240514;103932;151.96;720;10356158496;B
20240514;103932;151.98;500;10356158497;B
20240514;103933;151.86;1320;10356158607;S
20240514;103933;151.86;30;10356158608;S
20240514;103933;151.86;1500;10356158609;S
20240514;103933;151.86;240;10356158629;S
20240514;103933;151.86;1000;10356158635;S
20240514;103933;151.84;60;10356158673;S
20240514;103933;151.88;10;10356158676;B
20240514;103933;151.84;250;10356158677;S
20240514;103933;151.88;10;10356158680;B
20240514;103933;151.84;300;10356158682;S
20240514;103933;151.84;710;10356158685;S
20240514;103933;151.84;1350;10356158686;S
20240514;103933;151.84;1320;10356158687;S
20240514;103933;151.82;100;10356158688;S
20240514;103933;151.82;10;10356158689;S
20240514;103933;151.82;380;10356158690;S
20240514;103933;151.84;50;10356158691;S
20240514;103933;151.84;10;10356158727;B
20240514;103934;151.84;20;10356158759;B
20240514;103934;151.82;260;10356158766;S
20240514;103934;151.86;310;10356158774;B
20240514;103934;151.86;10000;10356158775;B
20240514;103934;151.86;50;10356158776;B
20240514;103934;151.88;210;10356158792;B
20240514;103934;151.88;7070;10356158793;B
20240514;103934;151.92;200;10356158830;B
20240514;103935;151.96;50;10356158839;B
20240514;103935;151.96;150;10356158840;B
20240514;103938;151.96;690;10356159112;B
20240514;103938;152;50;10356159118;B
20240514;103938;152;600;10356159119;B
20240514;103939;152;10;10356159249;B
20240514;103943;151.98;700;10356159618;B
20240514;103943;151.98;500;10356159619;B
20240514;103943;152;360;10356159658;B
20240514;103945;152;2000;10356159829;B
20240514;103945;152;6280;10356159916;B
20240514;103948;152;180;10356160275;B
20240514;103948;151.98;270;10356160413;S
20240514;103949;152;520;10356160450;B
20240514;103951;151.98;600;10356160700;S
20240514;103952;152;10;10356160733;B
20240514;103953;151.98;120;10356160996;S
20240514;103954;152;270;10356161057;B
20240514;103955;152;100;10356161143;B
20240514;103958;152;3000;10356161483;B
20240514;103958;152;2840;10356161507;B
20240514;103959;152;110;10356161628;B
20240514;103959;151.98;1330;10356161678;S
20240514;103959;151.98;670;10356161679;S
20240514;104001;151.98;10;10356161960;S
20240514;104003;151.98;10;10356162129;S
20240514;104004;152;3090;10356162282;B
20240514;104005;151.98;70;10356162397;S
20240514;104005;151.98;10;10356162411;S
20240514;104008;152;1500;10356162602;B
20240514;104008;152;3250;10356162647;B
20240514;104012;152;50;10356162981;B
20240514;104012;152;160;10356163006;B
20240514;104013;152;10;10356163072;B
20240514;104013;152;10;10356163108;B
20240514;104013;152;3320;10356163124;B
20240514;104014;152;10;10356163154;B
20240514;104015;152;5180;10356163280;B
20240514;104015;152;100;10356163281;B
20240514;104015;152;160;10356163282;B
20240514;104017;152.04;50;10356163589;S
20240514;104017;152.04;750;10356163590;S
20240514;104017;152.04;200;10356163591;S
20240514;104018;152.06;50;10356163714;S
20240514;104018;152.06;80;10356163715;S
20240514;104018;152.08;3260;10356163735;B
20240514;104020;152.1;20;10356164063;B
20240514;104021;152.1;180;10356164118;B
20240514;104021;152.1;200;10356164119;B
20240514;104023;152.12;20;10356164607;B
20240514;104023;152.16;3000;10356164609;B
20240514;104023;152.16;30;10356164648;B
20240514;104028;152.18;3140;10356165516;B
20240514;104028;152.16;220;10356165517;S
20240514;104028;152.16;1880;10356165518;S
20240514;104028;152.16;700;10356165519;S
20240514;104028;152.16;50;10356165520;S
20240514;104029;152.16;50;10356165671;S
20240514;104030;152.16;50;10356165795;S
20240514;104031;152.16;30;10356165944;B
20240514;104031;152.16;50;10356166006;S
20240514;104032;152.16;10;10356166102;B
20240514;104032;152.16;50;10356166107;S
20240514;104035;152.14;1000;10356166500;S
20240514;104035;152.14;950;10356166558;S
20240514;104035;152.14;50;10356166559;S
20240514;104036;152.16;10;10356166617;B
20240514;104036;152.14;1000;10356166623;S
20240514;104038;152.12;1970;10356166810;S
20240514;104038;152.12;100;10356166853;B
20240514;104038;152.12;3290;10356166878;B
20240514;104039;152.16;10;10356166986;B
20240514;104039;152.16;40;10356166987;B
20240514;104043;152.16;3140;10356167446;B
20240514;104045;152.16;10;10356168005;B
20240514;104046;152.14;800;10356168314;S
20240514;104048;152.14;50;10356168560;B
20240514;104052;152.14;80;10356169100;B
20240514;104053;152.14;470;10356169165;B
20240514;104053;152.16;2180;10356169191;B
20240514;104053;152.16;70;10356169192;B
20240514;104059;152.18;1000;10356169555;B
20240514;104059;152.18;660;10356169556;B
20240514;104059;152.18;750;10356169557;B
20240514;104059;152.18;50;10356169582;B
20240514;104059;152.18;50;10356169607;B
20240514;104059;152.2;50;10356169611;B
20240514;104104;152.2;50;10356170040;B
20240514;104104;152.2;1320;10356170041;B
20240514;104104;152.2;50;10356170042;B
20240514;104104;152.2;100;10356170043;B
20240514;104104;152.2;900;10356170046;B
20240514;104104;152.22;10;10356170138;B
20240514;104105;152.22;10;10356170142;B
20240514;104105;152.22;100;10356170169;B
20240514;104107;152.2;80;10356170441;S
20240514;104108;152.2;1670;10356170488;S
20240514;104108;152.2;770;10356170492;B
20240514;104108;152.2;620;10356170493;B
20240514;104109;152.2;700;10356170582;B
20240514;104109;152.2;1320;10356170584;B
20240514;104109;152.18;30;10356170588;S
20240514;104109;152.22;10;10356170589;B
20240514;104109;152.22;300;10356170621;B
20240514;104113;152.2;1320;10356170994;B
20240514;104113;152.2;1190;10356170995;B
20240514;104117;152.18;100;10356171401;S
20240514;104118;152.22;2690;10356171524;B
20240514;104122;152.22;30;10356171800;B
20240514;104123;152.22;190;10356171999;B
20240514;104123;152.22;50;10356172000;B
20240514;104123;152.22;70;10356172001;B
20240514;104123;152.22;10;10356172002;B
20240514;104123;152.22;50;10356172003;B
20240514;104123;152.22;300;10356172004;B
20240514;104123;152.22;2130;10356172005;B
20240514;104125;152.22;20;10356172130;B
20240514;104128;152.22;2800;10356172532;B
20240514;104134;152.22;2680;10356173471;B
20240514;104137;152.22;10;10356173845;B
20240514;104138;152.22;510;10356173942;B
20240514;104145;152.2;30;10356174503;S
20240514;104153;152.2;10;10356175826;S
20240514;104153;152.2;370;10356175827;S
20240514;104158;152.2;20;10356176313;B
20240514;104213;152.2;10;10356178581;B
20240514;104214;152.2;410;10356178627;B
20240514;104224;152.22;10;10356179510;B
20240514;104235;152.22;10;10356180691;B
20240514;104236;152.22;10;10356180774;B
20240514;104237;152.2;10;10356180940;S
20240514;104237;152.2;190;10356180941;S
20240514;104244;152.2;40;10356181759;S
20240514;104246;152.2;370;10356181972;S
20240514;104246;152.2;360;10356181973;S
20240514;104246;152.2;10;10356181974;S
20240514;104246;152.2;100;10356181975;S
20240514;104248;152.2;3500;10356182223;B
20240514;104248;152.2;80;10356182263;B
20240514;104249;152.2;10;10356182406;B
20240514;104249;152.2;10;10356182414;B
20240514;104259;152.2;330;10356183434;B
20240514;104300;152.2;10;10356183559;B
20240514;104300;152.18;160;10356183565;S
20240514;104300;152.18;1480;10356183566;S
20240514;104303;152.2;10;10356183969;B
20240514;104311;152.2;10;10356184863;B
20240514;104316;152.2;190;10356185353;B
20240514;104322;152.18;160;10356185823;S
20240514;104323;152.18;50;10356185904;S
20240514;104328;152.2;2690;10356186367;B
20240514;104334;152.2;20;10356186964;B
20240514;104336;152.18;20;10356187140;S
20240514;104340;152.2;10;10356187662;B
20240514;104403;152.2;10;10356191617;B
20240514;104404;152.2;770;10356191696;B
20240514;104404;152.2;10;10356191748;B
20240514;104422;152.2;10;10356194412;B
20240514;104426;152.2;90;10356194868;B
20240514;104431;152.2;40;10356195626;B
20240514;104436;152.18;30;10356196324;S
20240514;104438;152.18;250;10356196523;S
20240514;104442;152.2;500;10356196970;B
20240514;104443;152.2;10;10356197019;B
20240514;104450;152.2;10;10356197980;B
20240514;104451;152.2;10;10356198104;B
20240514;104452;152.2;10;10356198178;B
20240514;104453;152.2;10;10356198248;B
20240514;104453;152.2;50;10356198325;B
20240514;104454;152.2;10;10356198450;B
20240514;104455;152.2;50;10356198525;B
20240514;104455;152.2;10;10356198575;B
20240514;104456;152.2;10;10356198640;B
20240514;104457;152.2;10;10356198696;B
20240514;104457;152.2;100;10356198719;B
20240514;104459;152.2;10;10356199029;B
20240514;104500;152.2;10;10356199145;B
20240514;104500;152.2;50;10356199146;B
20240514;104501;152.2;460;10356199238;B
20240514;104501;152.2;10;10356199303;B
20240514;104504;152.2;10;10356199571;B
20240514;104509;152.2;520;10356200147;B
20240514;104512;152.18;110;10356200461;S
20240514;104512;152.18;110;10356200462;S
20240514;104512;152.18;70;10356200463;S
20240514;104512;152.18;10;10356200464;S
20240514;104514;152.2;20;10356200712;B
20240514;104520;152.2;20;10356201269;B
20240514;104530;152.18;410;10356202814;S
20240514;104530;152.18;40;10356202834;S
20240514;104530;152.18;90;10356202835;S
20240514;104530;152.16;10;10356202836;S
20240514;104530;152.16;260;10356202837;S
20240514;104535;152.18;150;10356203406;B
20240514;104536;152.18;10;10356203555;B
20240514;104545;152.16;90;10356204459;S
20240514;104545;152.16;10;10356204460;S
20240514;104545;152.16;130;10356204461;S
20240514;104545;152.16;10;10356204462;S
20240514;104545;152.16;710;10356204463;S
20240514;104545;152.16;2340;10356204464;S
20240514;104545;152.16;60;10356204465;S
20240514;104545;152.14;100;10356204466;S
20240514;104545;152.14;10;10356204467;S
20240514;104545;152.14;40;10356204468;S
20240514;104545;152.14;160;10356204469;S
20240514;104545;152.12;10;10356204470;S
20240514;104545;152.12;50;10356204471;S
20240514;104545;152.1;10;10356204472;S
20240514;104545;152.1;50;10356204473;S
20240514;104545;152.1;40;10356204474;S
20240514;104545;152.1;10;10356204475;S
20240514;104546;152.08;100;10356204681;S
20240514;104546;152.08;10;10356204682;S
20240514;104546;152.08;30;10356204683;S
20240514;104546;152.06;10;10356204684;S
20240514;104546;152.06;10;10356204685;S
20240514;104546;152.06;10;10356204686;S
20240514;104546;152.02;100;10356204687;S
20240514;104546;152.02;10;10356204688;S
20240514;104546;152;10;10356204689;S
20240514;104546;152;50;10356204690;S
20240514;104546;152;20;10356204691;S
20240514;104546;152;20;10356204692;S
20240514;104546;152;10;10356204693;S
20240514;104546;152;10;10356204694;S
20240514;104546;152;100;10356204695;S
20240514;104546;152;100;10356204696;S
20240514;104547;152;90;10356204775;S
20240514;104547;152;50;10356204776;S
20240514;104547;151.98;100;10356204777;S
20240514;104547;151.98;10;10356204778;S
20240514;104547;151.98;350;10356204779;S
20240514;104552;152.06;160;10356205294;B
20240514;104552;152.06;50;10356205295;B
20240514;104552;152.06;680;10356205296;B
20240514;104552;152.08;50;10356205297;B
20240514;104552;152.08;2060;10356205298;B
20240514;104552;152.06;10;10356205333;B
20240514;104553;152.06;10;10356205736;B
20240514;104604;152.04;680;10356207297;S
20240514;104604;152.04;50;10356207298;S
20240514;104604;152.04;2230;10356207299;S
20240514;104604;152.04;600;10356207300;S
20240514;104604;152.02;50;10356207301;S
20240514;104604;152.02;10;10356207302;S
20240514;104604;152.02;900;10356207303;S
20240514;104604;152;100;10356207304;S
20240514;104604;152;50;10356207305;S
20240514;104604;152;160;10356207306;S
20240514;104606;151.98;200;10356207494;S
20240514;104606;151.96;10;10356207495;S
20240514;104606;151.94;10;10356207496;S
20240514;104606;151.94;50;10356207497;S
20240514;104606;151.94;30;10356207498;S
20240514;104606;151.94;1200;10356207499;S
20240514;104606;151.98;70;10356207509;B
20240514;104611;151.98;10;10356208053;B
20240514;104611;151.94;40;10356208076;S
20240514;104613;151.94;300;10356208279;S
20240514;104618;151.94;400;10356208748;S
20240514;104621;151.98;80;10356209141;B
20240514;104621;151.98;20;10356209142;B
20240514;104622;151.98;20;10356209212;B
20240514;104623;151.98;100;10356209364;B
20240514;104625;151.96;1320;10356209476;S
20240514;104625;151.96;680;10356209477;S
20240514;104627;151.98;40;10356209712;B
20240514;104627;152;50;10356209713;B
20240514;104627;152;30;10356209714;B
20240514;104627;152;650;10356209715;B
20240514;104631;152.08;10;10356210106;B
20240514;104638;152.04;200;10356211004;S
20240514;104642;152.04;10;10356211382;S
20240514;104648;152.08;10;10356211923;B
20240514;104705;152.08;10;10356213452;S
20240514;104708;152.1;10;10356213732;B
20240514;104708;152.1;10;10356213733;B
20240514;104708;152.08;30;10356213742;S
20240514;104708;152.08;50;10356213743;S
20240514;104708;152.08;510;10356213744;S
20240514;104708;152.06;620;10356213745;S
20240514;104708;152.06;50;10356213746;S
20240514;104708;152.06;640;10356213747;S
20240514;104708;152.06;240;10356213748;S
20240514;104708;152.06;1560;10356213749;S
20240514;104711;152.1;40;10356213944;B
20240514;104714;152.04;100;10356214301;S
20240514;104735;152.06;1140;10356216621;S
20240514;104736;152.1;300;10356217126;B
20240514;104738;152.1;50;10356217353;B
20240514;104738;152.1;10;10356217402;B
20240514;104740;152.06;100;10356217672;S
20240514;104740;152.04;60;10356217797;S
20240514;104741;152.06;50;10356217825;B
20240514;104741;152.06;30;10356217826;B
20240514;104742;152.04;40;10356218017;S
20240514;104742;152.02;160;10356218102;S
20240514;104742;152.02;100;10356218103;S
20240514;104742;152.02;180;10356218104;S
20240514;104744;152;400;10356218223;S
20240514;104745;152.06;50;10356218291;B
20240514;104745;152.06;20;10356218292;B
20240514;104746;152.04;50;10356218447;B
20240514;104748;152;30;10356218596;S
20240514;104806;152.04;30;10356220415;B
20240514;104812;152.04;10;10356221169;B
20240514;104813;152;300;10356221287;S
20240514;104813;152;30;10356221288;S
20240514;104813;152;80;10356221289;S
20240514;104813;152;140;10356221290;S
20240514;104813;152;100;10356221291;S
20240514;104813;152;160;10356221292;S
20240514;104813;152;130;10356221293;S
20240514;104816;152;10;10356221929;B
20240514;104822;151.98;10;10356222621;S
20240514;104822;152;10;10356222622;B
20240514;104822;151.98;10;10356222624;S
20240514;104822;151.98;10;10356222625;S
20240514;104822;151.98;10;10356222631;S
20240514;104822;152;10;10356222661;B
20240514;104823;152;10;10356222753;B
20240514;104830;151.98;60;10356224114;S
20240514;104830;151.98;30;10356224115;S
20240514;104830;151.98;1410;10356224116;S
20240514;104835;151.98;100;10356224619;S
20240514;104835;152;20;10356224701;B
20240514;104837;152;10;10356224958;B
20240514;104839;151.98;100;10356225094;S
20240514;104847;151.98;30;10356226156;S
20240514;104848;151.98;20;10356226244;S
20240514;104853;151.98;20;10356226751;S
20240514;104909;151.98;10;10356231456;S
20240514;104916;151.98;10;10356233302;S
20240514;104921;152;20;10356233748;B
20240514;104924;152;30;10356234036;B
20240514;104934;152;10;10356235673;B
20240514;104937;152;160;10356236178;B
20240514;104941;152;100;10356236867;B
20240514;104941;152;10;10356236946;B
20240514;104950;152;10;10356238121;B
20240514;104959;152;10;10356239037;B
20240514;105003;152;10;10356239390;B
20240514;105013;152;300;10356240533;B
20240514;105014;152;1040;10356240830;B
20240514;105017;152;100;10356241241;B
20240514;105029;152;380;10356243769;B
20240514;105030;151.98;30;10356243825;S
20240514;105033;151.98;50;10356244373;S
20240514;105033;151.98;10;10356244374;S
20240514;105033;151.98;40;10356244375;S
20240514;105042;152;20;10356245534;B
20240514;105047;152;250;10356246047;B
20240514;105047;151.98;210;10356246065;S
20240514;105048;151.98;10;10356246157;S
20240514;105055;152;150;10356246706;B
20240514;105055;152;70;10356246717;B
20240514;105056;152;10;10356246771;B
20240514;105057;151.98;180;10356246848;S
20240514;105058;151.98;20;10356246910;S
20240514;105116;152;10;10356248664;B
20240514;105146;152;10;10356250961;B
20240514;105153;151.98;200;10356251603;S
20240514;105155;152;10;10356251683;B
20240514;105155;152;30;10356251707;B
20240514;105157;152;10;10356251878;B
20240514;105158;152;10;10356252034;B
20240514;105159;151.98;10;10356252119;S
20240514;105211;152;20;10356252974;B
20240514;105213;152;70;10356253127;B
20240514;105224;151.98;20;10356254186;S
20240514;105225;152;40;10356254236;B
20240514;105225;151.98;60;10356254251;S
20240514;105225;151.98;30;10356254252;S
20240514;105225;151.98;10;10356254253;S
20240514;105225;151.98;10;10356254254;S
20240514;105225;151.98;190;10356254255;S
20240514;105227;152;10;10356254424;B
20240514;105229;152;30;10356254578;B
20240514;105229;152;10;10356254599;B
20240514;105234;152;250;10356255008;B
20240514;105235;152;200;10356255023;B
20240514;105236;151.98;10;10356255443;S
20240514;105236;151.98;210;10356255444;S
20240514;105236;151.98;10;10356255445;S
20240514;105236;151.98;10;10356255446;S
20240514;105236;151.98;100;10356255447;S
20240514;105236;151.98;10;10356255448;S
20240514;105237;152;70;10356255511;B
20240514;105245;151.98;10;10356256047;B
20240514;105248;151.96;10;10356256401;S
20240514;105248;151.96;100;10356256402;S
20240514;105248;151.96;160;10356256403;S
20240514;105250;151.96;400;10356256578;S
20240514;105252;151.98;10;10356256681;B
20240514;105253;151.98;10;10356256690;B
20240514;105253;151.98;10;10356256736;B
20240514;105256;151.96;440;10356257027;S
20240514;105257;151.96;80;10356257152;S
20240514;105259;151.96;10;10356257257;S
20240514;105300;151.96;10;10356257360;S
20240514;105302;151.96;100;10356257456;S
20240514;105324;151.96;50;10356259682;S
20240514;105328;151.96;410;10356260456;S
20240514;105329;151.98;30;10356260522;B
20240514;105348;151.98;200;10356262443;B
20240514;105348;151.98;80;10356262458;B
20240514;105348;151.98;40;10356262459;B
20240514;105356;151.98;10;10356263687;B
20240514;105401;151.98;20;10356264131;B
20240514;105406;151.98;10;10356264584;B
20240514;105408;151.98;10;10356264757;B
20240514;105423;151.96;10;10356267720;S
20240514;105434;151.98;60;10356269404;B
20240514;105437;151.96;10;10356269688;S
20240514;105446;151.98;10;10356270406;B
20240514;105453;151.96;160;10356271017;S
20240514;105507;151.98;10;10356272585;B
20240514;105508;151.96;10;10356272625;S
20240514;105520;151.96;100;10356273692;S
20240514;105532;151.96;10;10356274429;S
20240514;105542;151.98;60;10356275257;B
20240514;105550;151.96;20;10356276009;S
20240514;105552;151.98;20;10356276100;B
20240514;105552;151.98;10;10356276118;B
20240514;105554;151.98;30;10356276236;B
20240514;105556;151.98;30;10356276354;B
20240514;105556;151.96;660;10356276379;S
20240514;105613;151.98;10;10356277933;B
20240514;105614;151.98;50;10356278061;B
20240514;105616;151.98;10;10356278253;B
20240514;105618;151.98;100;10356278348;B
20240514;105622;151.96;10;10356278662;S
20240514;105631;151.98;20;10356279534;B
20240514;105634;151.96;120;10356280051;S
20240514;105639;151.98;20;10356280435;B
20240514;105640;151.96;90;10356280455;S
20240514;105646;151.98;10;10356280863;B
20240514;105647;151.98;60;10356281002;B
20240514;105647;151.98;80;10356281003;B
20240514;105649;151.98;20;10356281143;B
20240514;105649;151.98;10;10356281144;B
20240514;105650;152;100;10356281201;B
20240514;105651;152;10;10356281305;B
20240514;105653;152;10;10356281487;B
20240514;105659;151.98;230;10356282013;S
20240514;105659;151.98;10;10356282014;S
20240514;105659;151.98;70;10356282015;S
20240514;105701;152;10;10356282350;B
20240514;105703;151.98;30;10356282542;S
20240514;105703;151.98;440;10356282543;S
20240514;105703;151.98;100;10356282544;S
20240514;105703;151.96;2140;10356282545;S
20240514;105703;151.96;630;10356282546;S
20240514;105703;151.96;40;10356282547;S
20240514;105703;151.96;100;10356282548;S
20240514;105703;151.96;20;10356282549;S
20240514;105706;152;10;10356282789;B
20240514;105710;152;20;10356283265;B
20240514;105713;152;480;10356283431;B
20240514;105717;152;10;10356283718;B
20240514;105718;151.98;50;10356283779;S
20240514;105718;151.98;1430;10356283780;S
20240514;105723;151.98;330;10356284138;S
20240514;105723;151.96;10;10356284139;S
20240514;105723;151.96;660;10356284140;S
20240514;105729;152;20;10356284491;B
20240514;105729;152;10;10356284505;B
20240514;105734;152;10;10356284892;B
20240514;105737;152;10;10356285157;B
20240514;105752;151.98;10;10356286668;S
20240514;105755;151.98;270;10356286907;S
20240514;105804;152;10;10356287928;B
20240514;105806;151.98;10;10356288129;S
20240514;105811;152;10;10356288467;B
20240514;105814;151.98;10;10356288740;S
20240514;105816;152;640;10356288871;B
20240514;105818;151.98;10;10356289083;S
20240514;105825;151.98;20;10356289578;S
20240514;105832;151.98;10;10356290119;S
20240514;105836;152;2000;10356290390;B
20240514;105838;152;150;10356290483;B
20240514;105838;151.98;10;10356290491;S
20240514;105842;152;20;10356290832;B
20240514;105843;151.98;90;10356290935;S
20240514;105843;151.98;260;10356290936;S
20240514;105843;151.98;10;10356290937;S
20240514;105843;151.98;10;10356290938;S
20240514;105843;151.98;30;10356290939;S
20240514;105843;151.98;10;10356290952;S
20240514;105846;152;10;10356291133;B
20240514;105846;151.98;990;10356291188;S
20240514;105847;151.98;10;10356291217;S
20240514;105850;152;10;10356291383;B
20240514;105852;152;10;10356291585;B
20240514;105854;151.98;10;10356291740;S
20240514;105854;152;330;10356291744;B
20240514;105856;151.98;30;10356291906;S
20240514;105856;151.98;70;10356291907;S
20240514;105858;152;20;10356292029;B
20240514;105901;151.98;20;10356292320;S
20240514;105903;151.98;170;10356292487;S
20240514;105903;151.98;50;10356292488;S
20240514;105903;151.96;160;10356292489;S
20240514;105903;151.96;600;10356292533;S
20240514;105905;151.96;400;10356292761;S
20240514;105911;151.96;600;10356293636;S
20240514;105915;151.98;10;10356294335;B
20240514;105916;151.98;20;10356294500;B
20240514;105918;151.96;1220;10356294656;S
20240514;105918;151.96;100;10356294657;S
20240514;105918;151.96;10;10356294658;S
20240514;105918;151.96;10;10356294659;S
20240514;105918;151.96;1500;10356294660;S
20240514;105918;151.96;10;10356294661;S
20240514;105918;151.96;10;10356294662;S
20240514;105918;151.96;180;10356294663;S
20240514;105918;151.94;10;10356294664;S
20240514;105918;151.94;500;10356294665;S
20240514;105918;151.94;100;10356294666;S
20240514;105918;151.94;10;10356294667;S
20240514;105918;151.94;10;10356294668;S
20240514;105918;151.94;10;10356294669;S
20240514;105918;151.94;640;10356294670;S
20240514;105918;151.92;30;10356294671;S
20240514;105918;151.92;10;10356294672;S
20240514;105918;151.92;100;10356294673;S
20240514;105918;151.92;10;10356294674;S
20240514;105918;151.92;2080;10356294675;S
20240514;105918;151.9;100;10356294676;S
20240514;105918;151.9;1110;10356294677;S
20240514;105918;151.9;400;10356294678;S
20240514;105918;151.9;100;10356294679;S
20240514;105918;151.9;200;10356294680;S
20240514;105918;151.9;160;10356294681;S
20240514;105918;151.9;10;10356294682;S
20240514;105918;151.9;590;10356294683;S
20240514;105918;151.9;330;10356294768;S
20240514;105921;151.92;10;10356295063;B
20240514;105926;151.92;20;10356296420;B
20240514;105927;151.92;10;10356296468;B
20240514;105931;151.9;1080;10356296803;S
20240514;105931;151.9;1000;10356296804;S
20240514;105931;151.9;10;10356296805;S
20240514;105931;151.9;100;10356296806;S
20240514;105931;151.9;10;10356296807;S
20240514;105931;151.9;80;10356296808;S
20240514;105931;151.9;10;10356296809;S
20240514;105931;151.9;1010;10356296810;S
20240514;105931;151.88;500;10356296811;S
20240514;105931;151.88;10;10356296812;S
20240514;105931;151.88;190;10356296813;S
20240514;105932;151.88;10;10356296979;S
20240514;105942;151.92;10;10356298202;B
20240514;110005;151.88;10;10356300368;S
20240514;110006;151.88;90;10356300631;S
20240514;110006;151.88;10;10356300632;S
20240514;110008;151.9;10;10356300929;S
20240514;110012;151.92;10;10356301771;B
20240514;110032;151.92;100;10356307484;B
20240514;110037;151.92;440;10356308561;B
20240514;110037;151.94;160;10356308562;B
20240514;110037;151.94;10;10356308563;B
20240514;110037;151.94;610;10356308564;B
20240514;110041;151.94;1100;10356309367;S
20240514;110045;151.94;100;10356310038;S
20240514;110056;151.94;80;10356312380;S
20240514;110056;151.94;420;10356312381;S
20240514;110057;151.94;450;10356312796;S
20240514;110100;151.92;10;10356313272;S
20240514;110100;151.92;10;10356313404;S
20240514;110101;151.92;10;10356313599;S
20240514;110102;151.92;10;10356313852;S
