<DATE>;<TIME>;<LAST>;<VOL>;<ID>;<OPER>
20240426;095936;157.56;50;10212316881;B
20240426;095936;157.56;190;10212316882;B
20240426;095936;157.56;10;10212316883;B
20240426;095936;157.56;30;10212316884;B
20240426;095936;157.56;100;10212316885;B
20240426;095936;157.56;20;10212316886;B
20240426;095936;157.56;10;10212316887;B
20240426;095936;157.56;20;10212316888;B
20240426;095936;157.56;30;10212316889;B
20240426;095936;157.56;200;10212316890;B
20240426;095936;157.56;250;10212316891;B
20240426;095936;157.56;10;10212316892;B
20240426;095936;157.56;30;10212316893;B
20240426;095936;157.56;60;10212316894;B
20240426;095936;157.56;700;10212316895;B
20240426;095936;157.56;90;10212316896;S
20240426;095936;157.56;100;10212316897;B
20240426;095936;157.56;40;10212316898;B
20240426;095936;157.56;100;10212316899;S
20240426;095936;157.56;270;10212316900;B
20240426;095936;157.56;10;10212316901;B
20240426;095936;157.56;50;10212316902;S
20240426;095936;157.56;790;10212316903;B
20240426;095936;157.56;10;10212316904;B
20240426;095936;157.56;40;10212316905;B
20240426;095936;157.56;30;10212316906;B
20240426;095936;157.56;10;10212316907;B
20240426;095936;157.56;40;10212316908;S
20240426;095936;157.56;100;10212316909;B
20240426;095936;157.56;20;10212316910;B
20240426;095936;157.56;30;10212316911;B
20240426;095936;157.56;130;10212316912;B
20240426;095936;157.56;320;10212316913;B
20240426;095936;157.56;30;10212316914;B
20240426;095936;157.56;10;10212316915;B
20240426;095936;157.56;50;10212316916;B
20240426;095936;157.56;10;10212316917;S
20240426;095936;157.56;100;10212316918;B
20240426;095936;157.56;70;10212316919;B
20240426;095936;157.56;2000;10212316920;B
20240426;095936;157.56;2000;10212316921;B
20240426;095936;157.56;10;10212316922;B
20240426;100005;157.58;20;10212324840;B
20240426;100005;157.58;10;10212325272;B
20240426;100005;157.56;20;10212325297;S
20240426;100006;157.58;10;10212325932;B
20240426;100007;157.58;600;10212326782;B
20240426;100007;157.58;40;10212326870;B
20240426;100007;157.58;60;10212326876;B
20240426;100007;157.58;10;10212326881;B
20240426;100007;157.58;30;10212326898;B
20240426;100007;157.58;10;10212327017;B
20240426;100007;157.56;10;10212327022;S
20240426;100007;157.58;150;10212327028;B
20240426;100007;157.58;20;10212327148;B
20240426;100007;157.58;10;10212327154;B
20240426;100007;157.58;10;10212327471;B
20240426;100007;157.58;10;10212327668;B
20240426;100007;157.58;10;10212327674;B
20240426;100007;157.58;30;10212327676;B
20240426;100007;157.58;10;10212327846;B
20240426;100007;157.58;10;10212328118;B
20240426;100008;157.58;200;10212328523;B
20240426;100008;157.58;20;10212328525;B
20240426;100008;157.58;40;10212328614;B
20240426;100008;157.58;30;10212328618;B
20240426;100010;157.56;40;10212329784;S
20240426;100010;157.58;50;10212329787;B
20240426;100010;157.56;10;10212330052;S
20240426;100010;157.58;50;10212330578;B
20240426;100011;157.58;90;10212330762;B
20240426;100016;157.58;350;10212332149;B
20240426;100017;157.58;20;10212332253;B
20240426;100017;157.56;400;10212332385;S
20240426;100019;157.58;80;10212332972;B
20240426;100020;157.58;10;10212333211;B
20240426;100022;157.58;10;10212333549;B
20240426;100022;157.58;20;10212333550;B
20240426;100022;157.58;180;10212333551;B
20240426;100022;157.6;4790;10212333552;B
20240426;100022;157.6;410;10212333645;B
20240426;100024;157.56;440;10212334004;S
20240426;100024;157.56;180;10212334005;S
20240426;100024;157.56;50;10212334006;S
20240426;100024;157.54;180;10212334007;S
20240426;100024;157.54;150;10212334008;S
20240426;100052;157.56;10;10212339821;B
20240426;100052;157.56;30;10212339926;B
20240426;100054;157.56;10;10212340373;B
20240426;100055;157.56;10;10212340452;B
20240426;100100;157.54;110;10212341635;S
20240426;100104;157.54;10;10212342754;S
20240426;100105;157.56;30;10212342812;B
20240426;100106;157.56;10;10212343023;B
20240426;100110;157.58;10;10212343765;B
20240426;100112;157.54;40;10212343973;S
20240426;100122;157.56;10;10212345959;B
20240426;100125;157.54;90;10212346525;S
20240426;100125;157.54;10;10212346526;S
20240426;100125;157.52;10;10212346527;S
20240426;100125;157.52;10;10212346528;S
20240426;100125;157.52;10;10212346529;S
20240426;100125;157.52;10;10212346530;S
20240426;100125;157.52;10;10212346531;S
20240426;100125;157.52;100;10212346532;S
20240426;100125;157.52;10;10212346533;S
20240426;100125;157.52;100;10212346534;S
20240426;100125;157.52;10;10212346535;S
20240426;100125;157.52;130;10212346536;S
20240426;100125;157.56;10;10212346550;B
20240426;100126;157.52;30;10212346826;S
20240426;100128;157.54;30;10212347168;S
20240426;100130;157.56;10;10212347585;B
20240426;100131;157.54;1240;10212347876;S
20240426;100133;157.52;10;10212348210;S
20240426;100135;157.52;20;10212348565;S
20240426;100136;157.54;10;10212348724;B
20240426;100139;157.52;810;10212349318;S
20240426;100139;157.52;60;10212349319;S
20240426;100139;157.52;20;10212349320;S
20240426;100139;157.52;2140;10212349321;S
20240426;100148;157.52;10;10212350800;S
20240426;100156;157.54;20;10212351860;B
20240426;100156;157.52;100;10212351902;S
20240426;100156;157.54;10;10212351949;B
20240426;100157;157.52;10;10212352015;S
20240426;100201;157.54;20;10212352881;B
20240426;100202;157.54;500;10212352922;B
20240426;100202;157.52;1130;10212352953;S
20240426;100208;157.52;340;10212353785;S
20240426;100208;157.54;20;10212353787;B
20240426;100216;157.54;10;10212354971;B
20240426;100224;157.54;50;10212356529;B
20240426;100226;157.54;500;10212356853;B
20240426;100226;157.54;500;10212356970;B
20240426;100226;157.54;500;10212356971;B
20240426;100227;157.52;10;10212357148;S
20240426;100228;157.54;300;10212357264;B
20240426;100233;157.54;70;10212358020;B
20240426;100236;157.54;20;10212358485;B
20240426;100241;157.54;10;10212359290;B
20240426;100243;157.52;530;10212359712;S
20240426;100243;157.52;50;10212359713;S
20240426;100245;157.52;130;10212359860;B
20240426;100251;157.54;10;10212360718;B
20240426;100252;157.52;30;10212360840;S
20240426;100253;157.54;100;10212361048;B
20240426;100256;157.54;30;10212361573;B
20240426;100257;157.54;100;10212361689;B
20240426;100304;157.54;20;10212363370;B
20240426;100306;157.54;20;10212363697;B
20240426;100319;157.54;940;10212366707;B
20240426;100319;157.54;10;10212366708;B
20240426;100319;157.54;140;10212366709;B
20240426;100319;157.56;100;10212366710;B
20240426;100319;157.56;220;10212366711;B
20240426;100319;157.58;100;10212366712;B
20240426;100319;157.6;490;10212366713;B
20240426;100319;157.6;60;10212366725;B
20240426;100320;157.6;250;10212366769;B
20240426;100320;157.6;3000;10212366770;B
20240426;100320;157.6;2000;10212366771;B
20240426;100320;157.62;100;10212366772;B
20240426;100320;157.62;230;10212366773;B
20240426;100320;157.64;10;10212366774;B
20240426;100320;157.66;50;10212366775;B
20240426;100320;157.68;50;10212366776;B
20240426;100320;157.68;20;10212366777;B
20240426;100320;157.68;1290;10212366778;B
20240426;100320;157.7;10;10212366791;B
20240426;100320;157.7;50;10212366792;B
20240426;100320;157.76;260;10212366793;B
20240426;100320;157.76;20;10212366869;B
20240426;100325;157.7;50;10212367681;S
20240426;100325;157.7;30;10212367682;S
20240426;100325;157.72;10;10212367684;S
20240426;100334;157.72;40;10212369035;S
20240426;100334;157.72;430;10212369036;S
20240426;100334;157.7;120;10212369037;S
20240426;100334;157.7;10;10212369038;S
20240426;100337;157.78;30;10212369733;B
20240426;100337;157.8;170;10212369734;B
20240426;100337;157.82;100;10212369735;B
20240426;100337;157.82;150;10212369736;B
20240426;100337;157.82;50;10212369737;B
20240426;100337;157.84;100;10212369738;B
20240426;100337;157.84;50;10212369739;B
20240426;100337;157.84;1690;10212369740;B
20240426;100345;157.84;10;10212370796;B
20240426;100352;157.82;10;10212372208;B
20240426;100353;157.82;50;10212372462;B
20240426;100353;157.84;50;10212372463;B
20240426;100358;157.82;20;10212373143;B
20240426;100359;157.84;1270;10212373377;B
20240426;100359;157.84;50;10212373378;B
20240426;100359;157.86;50;10212373379;B
20240426;100359;157.86;5000;10212373380;B
20240426;100359;157.86;160;10212373381;B
20240426;100400;157.86;470;10212373620;S
20240426;100400;157.82;50;10212373621;S
20240426;100400;157.82;10;10212373622;S
20240426;100400;157.8;50;10212373623;S
20240426;100400;157.8;160;10212373624;S
20240426;100400;157.8;60;10212373625;S
20240426;100401;157.78;100;10212374091;S
20240426;100401;157.78;70;10212374092;S
20240426;100401;157.78;50;10212374093;S
20240426;100407;157.78;30;10212375018;B
20240426;100408;157.76;150;10212375078;S
20240426;100408;157.74;40;10212375079;S
20240426;100408;157.74;150;10212375080;S
20240426;100409;157.78;60;10212375285;B
20240426;100416;157.72;50;10212376166;S
20240426;100416;157.72;50;10212376167;S
20240426;100419;157.78;890;10212376559;B
20240426;100419;157.78;10;10212376560;B
20240426;100419;157.78;60;10212376561;B
20240426;100419;157.8;40;10212376562;B
20240426;100422;157.78;10;10212377004;B
20240426;100430;157.82;10;10212378055;B
20240426;100432;157.8;20;10212378314;S
20240426;100433;157.8;100;10212378458;S
20240426;100438;157.82;10;10212379196;B
20240426;100445;157.8;180;10212379826;S
20240426;100445;157.78;50;10212379860;B
20240426;100448;157.78;50;10212380516;B
20240426;100448;157.78;50;10212380517;B
20240426;100449;157.78;70;10212380656;B
20240426;100449;157.8;30;10212380657;B
20240426;100450;157.78;50;10212380742;B
20240426;100450;157.8;150;10212380743;B
20240426;100452;157.76;10;10212380972;S
20240426;100501;157.76;10;10212382216;S
20240426;100510;157.76;100;10212383360;B
20240426;100518;157.76;370;10212384556;B
20240426;100520;157.74;10;10212384809;S
20240426;100521;157.74;10;10212384994;S
20240426;100521;157.72;10;10212384995;S
20240426;100521;157.7;10;10212384996;S
20240426;100521;157.7;10;10212384997;S
20240426;100521;157.7;50;10212384998;S
20240426;100521;157.7;110;10212384999;S
20240426;100527;157.7;50;10212385978;S
20240426;100527;157.7;10;10212385979;S
20240426;100531;157.76;10;10212386794;B
20240426;100532;157.68;10;10212386984;S
20240426;100543;157.68;10;10212388637;S
20240426;100550;157.68;10;10212389550;S
20240426;100551;157.68;10;10212389791;S
20240426;100558;157.68;90;10212390833;S
20240426;100604;157.72;50;10212391678;B
20240426;100605;157.68;3370;10212391786;S
20240426;100605;157.68;50;10212391787;S
20240426;100605;157.68;50;10212391788;S
20240426;100605;157.68;30;10212391804;B
20240426;100607;157.68;10;10212392145;B
20240426;100607;157.66;10;10212392193;S
20240426;100608;157.64;10;10212392307;S
20240426;100608;157.62;10;10212392308;S
20240426;100608;157.6;10;10212392358;S
20240426;100608;157.6;10;10212392359;S
20240426;100608;157.58;80;10212392360;S
20240426;100613;157.6;10;10212393129;B
20240426;100614;157.58;20;10212393329;S
20240426;100618;157.56;100;10212393841;B
20240426;100619;157.58;150;10212393987;B
20240426;100619;157.58;50;10212393988;B
20240426;100619;157.58;60;10212393989;B
20240426;100620;157.6;10;10212394167;B
20240426;100622;157.6;30;10212394339;B
20240426;100622;157.62;50;10212394340;B
20240426;100623;157.6;50;10212394509;B
20240426;100623;157.6;50;10212394510;B
20240426;100629;157.54;10;10212395382;S
20240426;100629;157.52;10;10212395383;S
20240426;100629;157.52;2130;10212395384;S
20240426;100629;157.52;150;10212395385;S
20240426;100629;157.52;50;10212395386;S
20240426;100629;157.52;110;10212395387;S
20240426;100629;157.52;60;10212395388;S
20240426;100629;157.5;30;10212395389;S
20240426;100629;157.5;10;10212395390;S
20240426;100629;157.5;2000;10212395391;S
20240426;100629;157.5;20;10212395392;S
20240426;100629;157.5;1000;10212395393;S
20240426;100629;157.5;150;10212395394;S
20240426;100629;157.5;50;10212395395;S
20240426;100629;157.5;10;10212395396;S
20240426;100629;157.5;1210;10212395397;S
20240426;100629;157.56;150;10212395466;B
20240426;100629;157.56;50;10212395467;B
20240426;100629;157.58;200;10212395468;B
20240426;100629;157.58;230;10212395469;B
20240426;100645;157.5;10;10212398334;S
20240426;100652;157.54;30;10212399421;B
20240426;100655;157.5;500;10212400023;S
20240426;100708;157.54;10;10212402510;B
20240426;100708;157.54;70;10212402594;B
20240426;100714;157.52;50;10212403292;S
20240426;100714;157.5;250;10212403293;S
20240426;100720;157.58;60;10212404197;B
20240426;100725;157.6;10;10212405058;B
20240426;100741;157.6;30;10212407288;B
20240426;100751;157.6;10;10212408594;B
20240426;100753;157.6;10;10212408963;B
20240426;100756;157.6;10;10212409460;B
20240426;100801;157.6;20;10212410170;B
20240426;100803;157.6;90;10212410407;B
20240426;100808;157.54;200;10212411163;S
20240426;100808;157.54;20;10212411164;S
20240426;100809;157.54;120;10212411275;B
20240426;100811;157.56;30;10212411556;S
20240426;100811;157.56;150;10212411557;S
20240426;100811;157.56;100;10212411558;S
20240426;100816;157.58;100;10212412091;B
20240426;100819;157.6;10;10212412356;B
20240426;100819;157.6;20;10212412369;B
20240426;100825;157.6;10;10212413117;B
20240426;100825;157.6;10;10212413169;B
20240426;100825;157.6;30;10212413176;B
20240426;100826;157.6;70;10212413184;B
20240426;100826;157.6;10;10212413236;B
20240426;100828;157.6;10;10212413413;B
20240426;100829;157.6;10;10212413499;B
20240426;100836;157.58;20;10212414284;S
20240426;100839;157.6;100;10212414906;B
20240426;100842;157.58;10;10212415354;S
20240426;100844;157.6;10;10212415483;B
20240426;100854;157.6;100;10212416553;B
20240426;100900;157.6;20;10212417083;B
20240426;100901;157.6;10;10212417195;B
20240426;100902;157.6;20;10212417302;B
20240426;100908;157.6;20;10212418077;B
20240426;100910;157.6;10;10212418227;B
20240426;100910;157.6;10;10212418240;B
20240426;100915;157.58;10;10212418891;S
20240426;100918;157.6;50;10212419243;B
20240426;100920;157.6;20;10212419362;B
20240426;100923;157.6;10;10212419590;B
20240426;100924;157.58;10;10212419662;S
20240426;100924;157.58;30;10212419663;S
20240426;100924;157.58;20;10212419664;S
20240426;100924;157.58;40;10212419665;S
20240426;100924;157.58;20;10212419682;S
20240426;100928;157.6;20;10212420057;B
20240426;100930;157.58;10;10212420209;S
20240426;100930;157.6;60;10212420243;B
20240426;100931;157.6;10;10212420342;B
20240426;100939;157.6;20;10212421335;B
20240426;100943;157.6;10;10212421685;B
20240426;100954;157.6;20;10212422875;B
20240426;100958;157.6;10;10212423246;B
20240426;101002;157.6;20;10212423616;B
20240426;101005;157.6;20;10212423881;B
20240426;101006;157.6;40;10212424013;B
20240426;101007;157.6;10;10212424181;B
20240426;101008;157.58;240;10212424258;S
20240426;101008;157.58;100;10212424259;S
20240426;101008;157.58;10;10212424260;S
20240426;101009;157.58;20;10212424340;S
20240426;101009;157.58;20;10212424341;S
20240426;101014;157.58;10;10212424879;B
20240426;101017;157.58;60;10212425180;S
20240426;101017;157.56;50;10212425181;S
20240426;101017;157.56;10;10212425182;S
20240426;101017;157.56;20;10212425183;S
20240426;101017;157.56;60;10212425184;S
20240426;101019;157.58;20;10212425403;B
20240426;101021;157.6;30;10212425566;B
20240426;101027;157.58;10;10212426162;S
20240426;101027;157.58;20;10212426163;S
20240426;101027;157.56;20;10212426164;S
20240426;101027;157.56;120;10212426165;S
20240426;101035;157.56;20;10212427027;B
20240426;101038;157.54;1630;10212427397;S
20240426;101038;157.54;1700;10212427496;S
20240426;101040;157.56;10;10212427676;B
20240426;101043;157.56;10;10212428023;B
20240426;101044;157.56;40;10212428126;B
20240426;101048;157.54;50;10212428550;S
20240426;101055;157.54;250;10212429136;S
20240426;101056;157.56;120;10212429234;B
20240426;101059;157.56;20;10212429418;B
20240426;101106;157.56;10;10212430164;B
20240426;101122;157.56;20;10212431751;B
20240426;101122;157.54;1230;10212431754;S
20240426;101124;157.54;2000;10212432009;S
20240426;101125;157.56;10;10212432057;B
20240426;101129;157.56;20;10212432581;B
20240426;101132;157.54;20;10212432850;S
20240426;101132;157.54;150;10212432851;S
20240426;101132;157.54;20;10212432852;S
20240426;101132;157.54;10;10212432853;S
20240426;101134;157.56;10;10212433051;B
20240426;101136;157.54;90;10212433366;S
20240426;101136;157.52;100;10212433367;S
20240426;101136;157.52;40;10212433368;S
20240426;101136;157.52;10;10212433369;S
20240426;101136;157.52;10;10212433370;S
20240426;101136;157.52;10;10212433371;S
20240426;101136;157.52;100;10212433372;S
20240426;101136;157.52;20;10212433373;S
20240426;101136;157.52;1000;10212433374;S
20240426;101136;157.52;290;10212433375;S
20240426;101136;157.52;710;10212433378;S
20240426;101136;157.52;1000;10212433379;S
20240426;101139;157.5;600;10212433688;S
20240426;101149;157.52;60;10212434685;B
20240426;101152;157.52;10;10212435000;B
20240426;101159;157.52;20;10212435676;B
20240426;101204;157.5;5020;10212436203;S
20240426;101208;157.5;340;10212436574;S
20240426;101211;157.5;1000;10212436910;S
20240426;101211;157.5;1070;10212436914;S
20240426;101211;157.5;700;10212436915;S
20240426;101212;157.5;420;10212437027;S
20240426;101212;157.5;880;10212437134;S
20240426;101212;157.5;10;10212437135;S
20240426;101212;157.5;10;10212437136;S
20240426;101212;157.5;100;10212437137;S
20240426;101212;157.5;10;10212437138;S
20240426;101212;157.5;340;10212437139;S
20240426;101212;157.5;330;10212437140;S
20240426;101214;157.52;10;10212437241;B
20240426;101221;157.5;70;10212437992;S
20240426;101225;157.52;10;10212438407;B
20240426;101225;157.52;400;10212438411;B
20240426;101230;157.52;10;10212439095;B
20240426;101238;157.52;10;10212440005;B
20240426;101243;157.5;600;10212440518;S
20240426;101243;157.5;50;10212440519;S
20240426;101243;157.5;10;10212440520;S
20240426;101243;157.48;10;10212440521;S
20240426;101243;157.48;500;10212440522;S
20240426;101243;157.48;340;10212440523;S
20240426;101243;157.46;300;10212440524;S
20240426;101243;157.46;50;10212440525;S
20240426;101243;157.46;200;10212440526;S
20240426;101243;157.44;100;10212440527;S
20240426;101243;157.44;150;10212440528;S
20240426;101243;157.44;60;10212440529;S
20240426;101243;157.44;10;10212440530;S
20240426;101243;157.44;10;10212440531;S
20240426;101243;157.44;10;10212440532;S
20240426;101243;157.44;50;10212440533;S
20240426;101243;157.42;440;10212440534;S
20240426;101243;157.42;150;10212440535;S
20240426;101243;157.42;50;10212440536;S
20240426;101243;157.4;20;10212440537;S
20240426;101243;157.4;30;10212440538;S
20240426;101243;157.4;270;10212440539;S
20240426;101243;157.4;100;10212440540;S
20240426;101243;157.4;500;10212440541;S
20240426;101243;157.4;50;10212440542;S
20240426;101243;157.4;50;10212440543;S
20240426;101243;157.4;10;10212440544;S
20240426;101243;157.4;50;10212440545;S
20240426;101243;157.38;50;10212440546;S
20240426;101243;157.38;520;10212440547;S
20240426;101243;157.38;180;10212440575;S
20240426;101243;157.34;50;10212440581;S
20240426;101243;157.34;10;10212440582;S
20240426;101243;157.34;70;10212440594;S
20240426;101244;157.32;10;10212440631;S
20240426;101244;157.32;10;10212440632;S
20240426;101244;157.32;100;10212440633;S
20240426;101244;157.32;290;10212440634;S
20240426;101244;157.32;210;10212440638;S
20240426;101244;157.3;3000;10212440639;S
20240426;101245;157.34;10;10212440759;B
20240426;101247;157.34;30;10212440874;B
20240426;101257;157.34;30;10212441802;B
20240426;101302;157.32;50;10212442264;S
20240426;101304;157.32;360;10212442521;S
20240426;101304;157.32;100;10212442522;S
20240426;101304;157.32;50;10212442523;S
20240426;101304;157.3;990;10212442524;S
20240426;101304;157.3;2020;10212442542;S
20240426;101311;157.34;50;10212443344;B
20240426;101314;157.34;20;10212443667;B
20240426;101315;157.3;10;10212443776;S
20240426;101324;157.34;260;10212444796;B
20240426;101324;157.34;50;10212444797;B
20240426;101324;157.34;910;10212444798;B
20240426;101324;157.32;70;10212444837;S
20240426;101324;157.3;3980;10212444838;S
20240426;101324;157.3;1000;10212444839;S
20240426;101324;157.3;40;10212444840;S
20240426;101324;157.3;100;10212444841;S
20240426;101324;157.3;220;10212444842;S
20240426;101324;157.28;10;10212444843;S
20240426;101324;157.28;50;10212444844;S
20240426;101324;157.26;20;10212444845;S
20240426;101324;157.26;50;10212444846;S
20240426;101324;157.26;150;10212444847;S
20240426;101324;157.26;20;10212444848;S
20240426;101324;157.26;10;10212444849;S
20240426;101324;157.24;50;10212444850;S
20240426;101324;157.24;500;10212444851;S
20240426;101324;157.22;360;10212444852;S
20240426;101324;157.22;2590;10212444853;S
20240426;101324;157.22;100;10212444854;S
20240426;101324;157.22;50;10212444855;S
20240426;101324;157.22;1400;10212444856;S
20240426;101324;157.2;500;10212444857;S
20240426;101324;157.2;500;10212444858;S
20240426;101324;157.2;700;10212444859;S
20240426;101324;157.2;50;10212444860;S
20240426;101324;157.2;2150;10212444861;S
20240426;101324;157.22;500;10212444862;S
20240426;101324;157.2;100;10212444863;S
20240426;101324;157.22;500;10212444895;S
20240426;101324;157.2;770;10212444896;S
20240426;101324;157.2;10;10212444897;S
20240426;101324;157.2;220;10212444898;S
20240426;101324;157.18;50;10212444899;S
20240426;101324;157.18;70;10212444900;S
20240426;101324;157.16;210;10212444901;S
20240426;101324;157.14;1270;10212444902;S
20240426;101324;157.14;50;10212444903;S
20240426;101324;157.12;10;10212444904;S
20240426;101324;157.12;50;10212444905;S
20240426;101324;157.12;1790;10212444906;S
20240426;101324;157.22;50;10212444907;B
20240426;101324;157.22;450;10212444908;S
20240426;101324;157.14;210;10212444911;B
20240426;101324;157.16;230;10212444912;B
20240426;101324;157.2;50;10212444913;B
20240426;101324;157.22;10;10212444914;B
20240426;101324;157.08;100;10212444915;S
20240426;101324;157.08;50;10212444920;B
20240426;101324;157.1;210;10212444921;B
20240426;101324;157.1;50;10212444922;B
20240426;101324;157.1;10;10212444923;B
20240426;101324;157.12;50;10212444932;B
20240426;101324;157.14;50;10212444933;B
20240426;101324;157.14;100;10212444934;B
20240426;101333;157.12;10;10212445715;S
20240426;101333;157.1;90;10212445716;S
20240426;101337;157.14;110;10212446074;B
20240426;101337;157.14;50;10212446075;B
20240426;101337;157.16;50;10212446076;B
20240426;101337;157.16;1290;10212446077;B
20240426;101345;157.12;70;10212446735;S
20240426;101345;157.1;90;10212446736;S
20240426;101345;157.1;160;10212446737;S
20240426;101348;157.16;80;10212447028;B
20240426;101349;157.2;220;10212447132;B
20240426;101349;157.22;40;10212447133;B
20240426;101349;157.22;160;10212447134;B
20240426;101351;157.18;40;10212447297;S
20240426;101353;157.24;20;10212447446;B
20240426;101356;157.24;60;10212447774;B
20240426;101357;157.18;10;10212447870;B
20240426;101400;157.22;1000;10212448153;B
20240426;101404;157.22;390;10212448585;S
20240426;101404;157.2;20;10212448586;S
20240426;101404;157.2;50;10212448587;S
20240426;101404;157.2;240;10212448588;S
20240426;101404;157.18;50;10212448589;S
20240426;101404;157.18;200;10212448590;S
20240426;101404;157.16;50;10212448591;S
20240426;101404;157.16;800;10212448592;S
20240426;101405;157.22;10;10212448605;B
20240426;101408;157.2;350;10212449069;S
20240426;101421;157.16;500;10212450561;S
20240426;101424;157.18;180;10212450907;B
20240426;101426;157.2;110;10212451076;B
20240426;101432;157.16;20;10212451658;S
20240426;101432;157.16;50;10212451659;S
20240426;101440;157.16;30;10212452601;B
20240426;101450;157.14;10;10212454301;S
20240426;101450;157.14;190;10212454302;S
20240426;101450;157.14;50;10212454347;S
20240426;101450;157.14;10;10212454348;S
20240426;101450;157.14;50;10212454349;S
20240426;101450;157.14;30;10212454350;S
20240426;101452;157.12;50;10212454497;S
20240426;101452;157.12;950;10212454498;S
20240426;101457;157.12;10;10212455019;S
20240426;101457;157.12;1270;10212455020;S
20240426;101457;157.12;2000;10212455021;S
20240426;101457;157.12;490;10212455022;S
20240426;101457;157.12;30;10212455023;S
20240426;101500;157.14;30;10212455312;B
20240426;101500;157.12;20;10212455338;S
20240426;101500;157.12;80;10212455339;S
20240426;101503;157.12;10;10212455976;S
20240426;101503;157.12;1180;10212456001;S
20240426;101503;157.12;70;10212456002;S
20240426;101503;157.12;50;10212456003;S
20240426;101503;157.12;1180;10212456004;S
20240426;101503;157.12;210;10212456005;S
20240426;101503;157.1;50;10212456006;S
20240426;101503;157.1;10000;10212456007;S
20240426;101503;157.1;200;10212456117;B
20240426;101505;157.08;50;10212456453;S
20240426;101505;157.08;20;10212456592;S
20240426;101507;157.08;630;10212457014;S
20240426;101507;157.06;200;10212457015;S
20240426;101507;157.06;10;10212457016;S
20240426;101507;157.06;500;10212457017;S
20240426;101507;157.06;660;10212457018;S
20240426;101509;157.08;50;10212457367;B
20240426;101509;157.08;240;10212457368;B
20240426;101509;157.1;1210;10212457369;B
20240426;101519;157.1;10;10212459151;B
20240426;101521;157.1;10;10212459540;B
20240426;101545;157.1;500;10212462958;B
20240426;101556;157.1;10;10212464369;B
20240426;101600;157.1;10;10212465106;B
20240426;101600;157.1;10;10212465128;B
20240426;101606;157.08;260;10212465699;S
20240426;101606;157.06;100;10212465700;S
20240426;101606;157.06;10;10212465701;S
20240426;101606;157.06;1270;10212465702;S
20240426;101606;157.06;1590;10212465703;S
20240426;101606;157.06;40;10212465704;S
20240426;101606;157.06;2000;10212465705;S
20240426;101606;157.04;100;10212465706;S
20240426;101606;157.04;10;10212465707;S
20240426;101608;157.06;340;10212465985;S
20240426;101615;157.08;50;10212466701;B
20240426;101615;157.1;450;10212466702;B
20240426;101619;157.08;20;10212467242;S
20240426;101620;157.1;10;10212467316;B
20240426;101620;157.1;10;10212467379;B
20240426;101620;157.08;50;10212467410;S
20240426;101623;157.1;10;10212467749;B
20240426;101626;157.08;50;10212468198;S
20240426;101627;157.08;10;10212468229;S
20240426;101629;157.1;10;10212468444;B
20240426;101630;157.08;30;10212468522;S
20240426;101630;157.1;10;10212468581;B
20240426;101635;157.1;10;10212469103;B
20240426;101638;157.08;30;10212469384;S
20240426;101639;157.08;100;10212469514;S
20240426;101639;157.08;40;10212469515;S
20240426;101639;157.06;180;10212469516;S
20240426;101639;157.1;10;10212469529;B
20240426;101640;157.08;10;10212469622;B
20240426;101640;157.1;490;10212469623;B
20240426;101648;157.1;20;10212470239;B
20240426;101652;157.08;10;10212470685;S
20240426;101652;157.08;260;10212470686;S
20240426;101652;157.08;180;10212470687;S
20240426;101653;157.1;30;10212470740;B
20240426;101709;157.1;40;10212472262;B
20240426;101709;157.1;410;10212472274;B
20240426;101712;157.08;10;10212472750;S
20240426;101719;157.08;100;10212473374;S
20240426;101731;157.1;80;10212474543;B
20240426;101737;157.08;100;10212475180;S
20240426;101738;157.1;10;10212475280;B
20240426;101741;157.1;50;10212475486;B
20240426;101805;157.1;50;10212477732;B
20240426;101806;157.1;200;10212477780;B
20240426;101808;157.08;350;10212478053;S
20240426;101809;157.1;40;10212478075;B
20240426;101810;157.08;20;10212478182;S
20240426;101811;157.1;10;10212478298;B
20240426;101815;157.1;100;10212478860;B
20240426;101817;157.1;20;10212478932;B
20240426;101817;157.1;210;10212478933;B
20240426;101817;157.1;500;10212478934;B
20240426;101817;157.1;340;10212478935;B
20240426;101818;157.1;10;10212479099;B
20240426;101820;157.08;240;10212479291;S
20240426;101820;157.08;20;10212479292;S
20240426;101820;157.08;290;10212479293;S
20240426;101821;157.08;10;10212479349;S
20240426;101824;157.1;100;10212479625;B
20240426;101832;157.08;100;10212480425;S
20240426;101836;157.08;10;10212481040;S
20240426;101845;157.1;10;10212482011;B
20240426;101851;157.08;590;10212482524;S
20240426;101851;157.08;10;10212482525;S
20240426;101851;157.08;200;10212482526;S
20240426;101851;157.08;50;10212482527;S
20240426;101851;157.08;260;10212482528;S
20240426;101851;157.06;410;10212482529;S
20240426;101852;157.1;60;10212482661;B
20240426;101853;157.1;10;10212482786;B
20240426;101857;157.1;10;10212483234;B
20240426;101905;157.1;20;10212483989;B
20240426;101909;157.1;10;10212484399;B
20240426;101910;157.1;180;10212484465;B
20240426;101910;157.1;20;10212484466;B
20240426;101912;157.08;300;10212484700;S
20240426;101914;157.1;10;10212484995;B
20240426;101914;157.1;10;10212484996;B
20240426;101923;157.1;70;10212485777;B
20240426;101924;157.1;70;10212485840;B
20240426;101925;157.08;130;10212485885;S
20240426;101925;157.1;10;10212485922;B
20240426;101929;157.08;120;10212486236;S
20240426;101929;157.08;10;10212486237;S
20240426;101929;157.06;270;10212486238;S
20240426;101929;157.06;390;10212486265;S
20240426;101929;157.06;820;10212486266;S
20240426;101933;157.06;50;10212486613;S
20240426;101933;157.06;500;10212486614;S
20240426;101933;157.06;20;10212486615;S
20240426;101933;157.04;730;10212486616;S
20240426;101934;157.1;10;10212486722;B
20240426;101936;157.1;100;10212486959;B
20240426;101937;157.08;200;10212487029;S
20240426;101950;157.1;6730;10212488491;B
20240426;101950;157.1;350;10212488492;B
20240426;101950;157.1;200;10212488493;B
20240426;101950;157.1;1000;10212488494;B
20240426;101950;157.1;270;10212488495;B
20240426;101950;157.1;340;10212488496;B
20240426;101950;157.1;50;10212488497;B
20240426;101950;157.1;10;10212488593;S
20240426;101951;157.1;30;10212488836;S
20240426;101959;157.12;10;10212490636;B
20240426;102008;157.14;10;10212492076;S
20240426;102008;157.12;100;10212492077;S
20240426;102008;157.12;50;10212492078;S
20240426;102009;157.12;10;10212492236;B
20240426;102016;157.12;170;10212493399;B
20240426;102016;157.12;10;10212493400;B
20240426;102016;157.16;10;10212493401;B
20240426;102016;157.18;50;10212493402;B
20240426;102016;157.18;280;10212493403;B
20240426;102016;157.2;590;10212493404;B
20240426;102016;157.2;50;10212493405;B
20240426;102016;157.2;100;10212493406;B
20240426;102016;157.2;1270;10212493407;B
20240426;102016;157.22;10;10212493408;B
20240426;102016;157.22;2460;10212493409;B
20240426;102021;157.14;50;10212494396;S
20240426;102024;157.14;10;10212496445;S
20240426;102024;157.22;50;10212496605;B
20240426;102031;157.22;10;10212499669;B
20240426;102040;157.3;20;10212501467;B
20240426;102045;157.3;10;10212503909;B
20240426;102048;157.26;50;10212504389;S
20240426;102048;157.26;30;10212504390;S
20240426;102048;157.24;220;10212504391;S
20240426;102052;157.26;50;10212506158;S
20240426;102055;157.26;400;10212506463;B
20240426;102057;157.26;230;10212506691;B
20240426;102058;157.26;240;10212506729;B
20240426;102104;157.26;10;10212509426;B
20240426;102116;157.26;10;10212513406;B
20240426;102122;157.26;10;10212514235;B
20240426;102122;157.26;50;10212514258;B
20240426;102123;157.24;10;10212514430;S
20240426;102124;157.26;500;10212514468;B
20240426;102124;157.28;50;10212514469;B
20240426;102124;157.28;250;10212514470;B
20240426;102130;157.26;50;10212516568;S
20240426;102130;157.26;20;10212516569;S
20240426;102130;157.24;60;10212516570;S
20240426;102130;157.24;50;10212516571;S
20240426;102130;157.24;150;10212516572;S
20240426;102130;157.24;20;10212516573;S
20240426;102130;157.24;10;10212516574;S
20240426;102130;157.22;50;10212516575;S
20240426;102130;157.22;50;10212516576;S
20240426;102130;157.22;20;10212516577;S
20240426;102130;157.2;50;10212516578;S
20240426;102130;157.2;1270;10212516579;S
20240426;102130;157.2;1200;10212516580;S
20240426;102139;157.28;10;10212517883;B
20240426;102144;157.28;150;10212520157;B
20240426;102144;157.3;20;10212520158;B
20240426;102144;157.32;50;10212520159;B
20240426;102144;157.32;260;10212520160;B
20240426;102144;157.34;10;10212520161;B
20240426;102144;157.34;50;10212520162;B
20240426;102144;157.34;5460;10212520163;B
20240426;102157;157.36;20;10212524086;B
20240426;102209;157.38;20;10212526852;S
20240426;102209;157.32;50;10212526915;S
20240426;102209;157.3;400;10212526916;S
20240426;102209;157.3;50;10212526917;S
20240426;102209;157.3;150;10212526918;S
20240426;102209;157.28;50;10212526919;S
20240426;102209;157.28;3600;10212526920;S
20240426;102209;157.28;1270;10212526921;S
20240426;102217;157.34;20;10212530181;B
20240426;102217;157.36;50;10212530182;B
20240426;102217;157.36;30;10212530183;B
20240426;102226;157.36;120;10212532481;B
20240426;102226;157.36;240;10212532482;B
20240426;102226;157.38;330;10212532483;B
20240426;102226;157.38;50;10212532484;B
20240426;102226;157.4;100;10212532485;B
20240426;102226;157.4;50;10212532486;B
20240426;102226;157.4;1110;10212532487;B
20240426;102240;157.32;50;10212535988;S
20240426;102240;157.32;250;10212535989;S
20240426;102240;157.34;10;10212536041;B
20240426;102242;157.38;50;10212536880;B
20240426;102242;157.4;1000;10212536881;B
20240426;102242;157.4;50;10212536882;B
20240426;102244;157.42;10;10212537028;B
20240426;102244;157.42;50;10212537056;S
20240426;102254;157.44;100;10212539412;B
20240426;102302;157.44;10;10212540991;B
20240426;102302;157.44;90;10212540992;B
20240426;102302;157.44;160;10212541044;B
20240426;102332;157.44;200;10212548497;S
20240426;102345;157.46;10;10212552068;B
20240426;102346;157.46;10;10212552265;B
20240426;102346;157.46;20;10212552266;B
20240426;102351;157.46;50;10212555661;S
20240426;102351;157.46;20;10212555662;S
20240426;102351;157.46;30;10212555663;S
20240426;102351;157.5;10;10212555776;B
20240426;102358;157.46;50;10212556593;S
20240426;102358;157.46;10;10212556594;S
20240426;102358;157.44;40;10212556595;S
20240426;102404;157.5;50;10212558387;B
20240426;102408;157.48;10;10212558855;S
20240426;102408;157.48;340;10212558867;S
20240426;102410;157.48;150;10212560703;S
20240426;102410;157.46;50;10212560704;S
20240426;102410;157.44;60;10212560705;S
20240426;102410;157.44;240;10212560706;S
20240426;102415;157.48;50;10212561272;B
20240426;102420;157.48;10;10212561861;B
20240426;102422;157.48;20;10212562948;B
20240426;102422;157.5;30;10212562949;B
20240426;102425;157.44;10;10212564453;S
20240426;102432;157.46;10;10212565228;S
20240426;102442;157.48;320;10212567899;B
20240426;102442;157.48;180;10212567900;B
20240426;102443;157.46;90;10212568044;S
20240426;102450;157.48;130;10212569998;B
20240426;102450;157.5;70;10212569999;B
20240426;102453;157.5;10;10212570419;B
20240426;102453;157.46;400;10212570478;S
20240426;102515;157.46;200;10212576406;S
20240426;102532;157.46;100;10212580739;S
20240426;102534;157.46;10;10212581126;S
20240426;102542;157.48;10;10212583669;B
20240426;102543;157.46;190;10212583851;S
20240426;102547;157.48;10;10212584386;B
20240426;102548;157.48;10;10212584433;B
20240426;102548;157.5;10;10212584434;B
20240426;102555;157.48;10;10212586113;B
20240426;102556;157.46;70;10212586239;S
20240426;102608;157.46;350;10212589992;S
20240426;102609;157.48;10;10212590031;B
20240426;102613;157.48;10;10212590882;B
20240426;102613;157.48;50;10212590884;B
20240426;102614;157.5;20;10212591772;B
20240426;102614;157.5;10;10212591773;B
20240426;102614;157.5;10;10212591774;B
20240426;102614;157.5;30;10212591775;B
20240426;102614;157.5;10;10212591780;B
20240426;102629;157.5;10;10212594947;B
20240426;102632;157.5;10;10212595722;B
20240426;102641;157.48;10;10212596934;S
20240426;102641;157.5;20;10212596941;B
20240426;102659;157.48;100;10212598543;S
20240426;102659;157.48;140;10212598549;S
20240426;102659;157.46;880;10212598550;S
20240426;102659;157.46;20;10212598551;S
20240426;102659;157.46;20;10212598552;S
20240426;102659;157.46;310;10212598553;S
20240426;102659;157.44;30;10212598554;S
20240426;102659;157.44;10;10212598555;S
20240426;102659;157.44;10;10212598556;S
20240426;102659;157.44;50;10212598557;S
20240426;102659;157.42;170;10212598558;S
20240426;102659;157.42;50;10212598559;S
20240426;102659;157.4;50;10212598560;S
20240426;102659;157.4;10;10212598561;S
20240426;102659;157.4;20;10212598562;S
20240426;102659;157.4;230;10212598563;S
20240426;102700;157.4;300;10212598677;S
20240426;102700;157.46;10;10212598723;B
20240426;102708;157.4;100;10212599381;S
20240426;102731;157.4;50;10212601936;S
20240426;102733;157.44;10;10212602090;B
20240426;102754;157.42;10;10212603837;B
20240426;102801;157.4;320;10212604293;S
20240426;102801;157.4;10;10212604294;S
20240426;102801;157.4;10;10212604295;S
20240426;102801;157.4;10;10212604296;S
20240426;102801;157.4;310;10212604297;S
20240426;102801;157.38;340;10212604298;S
20240426;102804;157.4;10;10212604660;B
20240426;102806;157.38;230;10212604789;S
20240426;102808;157.38;250;10212605006;S
20240426;102808;157.38;90;10212605007;S
20240426;102809;157.4;10;10212605124;B
20240426;102811;157.4;10;10212605275;B
20240426;102812;157.4;20;10212605378;B
20240426;102812;157.4;300;10212605379;B
20240426;102812;157.4;1260;10212605380;B
20240426;102812;157.4;240;10212605381;B
20240426;102812;157.42;1260;10212605382;B
20240426;102812;157.42;150;10212605383;B
20240426;102812;157.42;50;10212605384;B
20240426;102812;157.44;2800;10212605385;B
20240426;102812;157.44;50;10212605386;B
20240426;102812;157.46;50;10212605387;B
20240426;102812;157.46;1590;10212605388;B
20240426;102812;157.48;50;10212605389;B
20240426;102812;157.48;6990;10212605390;B
20240426;102812;157.48;1000;10212605391;B
20240426;102812;157.5;100;10212605392;B
20240426;102812;157.5;50;10212605393;B
20240426;102812;157.5;4040;10212605394;B
20240426;102830;157.44;50;10212606835;S
20240426;102830;157.44;10;10212606836;S
20240426;102830;157.44;20;10212606837;S
20240426;102830;157.42;50;10212606838;S
20240426;102830;157.42;300;10212606839;S
20240426;102830;157.4;50;10212606840;S
20240426;102830;157.4;20;10212606841;S
20240426;102843;157.4;30;10212607812;S
20240426;102850;157.4;10;10212608392;S
20240426;102859;157.44;10;10212609060;B
20240426;102910;157.48;10;10212610217;B
20240426;102926;157.48;10;10212611670;B
20240426;102926;157.48;10;10212611671;B
20240426;102942;157.48;70;10212612958;B
20240426;102942;157.48;1270;10212612959;B
20240426;102942;157.48;50;10212612960;B
20240426;102943;157.5;10;10212612994;B
20240426;102943;157.5;10;10212612995;B
20240426;102944;157.5;20;10212613183;B
20240426;102955;157.48;110;10212614175;S
20240426;102955;157.42;50;10212614176;S
20240426;102955;157.42;10;10212614177;S
20240426;102955;157.4;140;10212614178;S
20240426;103004;157.4;10;10212614936;S
20240426;103004;157.4;30;10212614937;S
20240426;103004;157.4;60;10212614938;S
20240426;103004;157.4;960;10212614971;S
20240426;103005;157.4;480;10212615006;S
20240426;103005;157.4;10;10212615007;S
20240426;103005;157.4;20;10212615008;S
20240426;103008;157.38;10;10212615377;S
20240426;103011;157.36;20;10212615525;B
20240426;103020;157.34;10;10212616205;S
20240426;103024;157.36;20;10212616627;B
20240426;103030;157.36;10;10212617021;B
20240426;103037;157.36;10;10212617672;B
20240426;103038;157.36;30;10212617733;B
20240426;103048;157.34;10;10212618859;S
20240426;103048;157.32;2000;10212618860;S
20240426;103048;157.32;210;10212618861;S
20240426;103048;157.3;600;10212618862;S
20240426;103048;157.3;10;10212618863;S
20240426;103048;157.3;10;10212618864;S
20240426;103048;157.3;290;10212618865;S
20240426;103048;157.26;50;10212618866;S
20240426;103048;157.26;50;10212618867;S
20240426;103048;157.26;10;10212618868;S
20240426;103048;157.26;4640;10212618869;S
20240426;103048;157.24;10;10212618870;S
20240426;103048;157.24;250;10212618871;S
20240426;103048;157.24;50;10212618872;S
20240426;103048;157.24;4000;10212618873;S
20240426;103048;157.24;1000;10212618874;S
20240426;103048;157.22;50;10212618875;S
20240426;103048;157.22;6550;10212618876;S
20240426;103048;157.2;130;10212618947;S
20240426;103048;157.12;570;10212618948;S
20240426;103049;157.14;10;10212619069;B
20240426;103057;157.16;210;10212620962;B
20240426;103057;157.16;20;10212620963;B
20240426;103106;157.14;10;10212623111;S
20240426;103107;157.14;90;10212623239;S
20240426;103107;157.12;10;10212623240;S
20240426;103107;157.12;280;10212623241;S
20240426;103107;157.1;140;10212623242;S
20240426;103107;157.1;10;10212623243;S
20240426;103107;157.1;30;10212623244;S
20240426;103107;157.1;20;10212623245;S
20240426;103107;157.1;210;10212623246;S
20240426;103107;157.1;500;10212623247;S
20240426;103107;157.1;110;10212623249;B
20240426;103110;157.12;10;10212624031;B
20240426;103115;157.12;10;10212625078;B
20240426;103116;157.12;30;10212625148;B
20240426;103116;157.12;20;10212625149;B
20240426;103119;157.12;250;10212625961;B
20240426;103119;157.12;1000;10212625962;B
20240426;103123;157.14;20;10212626677;B
20240426;103132;157.14;100;10212627886;B
20240426;103135;157.12;10;10212628141;S
20240426;103135;157.1;10;10212628142;S
20240426;103135;157.1;10;10212628143;S
20240426;103135;157.1;20;10212628144;S
20240426;103135;157.1;80;10212628145;S
20240426;103137;157.16;10;10212628249;B
20240426;103137;157.16;20;10212628265;B
20240426;103137;157.16;110;10212628266;B
20240426;103143;157.12;10;10212628883;S
20240426;103144;157.14;10;10212629097;B
20240426;103145;157.16;40;10212629113;B
20240426;103145;157.16;540;10212629114;B
20240426;103145;157.16;1280;10212629115;B
20240426;103145;157.16;140;10212629116;B
20240426;103145;157.16;10;10212629248;B
20240426;103147;157.14;10;10212629530;B
20240426;103148;157.14;20;10212629720;B
20240426;103153;157.14;10;10212630588;S
20240426;103153;157.14;90;10212630589;S
20240426;103156;157.12;10;10212631173;S
20240426;103204;157.16;1220;10212632902;B
20240426;103204;157.16;750;10212632903;B
20240426;103204;157.16;70;10212632904;B
20240426;103204;157.16;180;10212632905;B
20240426;103204;157.18;280;10212632906;B
20240426;103204;157.2;50;10212632907;B
20240426;103204;157.2;4450;10212632908;B
20240426;103205;157.16;500;10212632976;S
20240426;103209;157.16;280;10212633570;S
20240426;103209;157.16;50;10212633571;S
20240426;103209;157.14;10;10212633572;S
20240426;103209;157.18;10;10212633646;B
20240426;103212;157.14;40;10212634056;S
20240426;103212;157.14;200;10212634057;S
20240426;103212;157.14;100;10212634058;S
20240426;103215;157.14;10;10212634604;S
20240426;103218;157.18;10;10212635207;B
20240426;103234;157.18;10;10212637929;B
20240426;103234;157.2;290;10212637930;B
20240426;103238;157.18;50;10212638430;S
20240426;103238;157.18;150;10212638431;S
20240426;103245;157.16;10;10212639045;S
20240426;103247;157.2;10;10212639180;B
20240426;103247;157.2;10;10212639182;B
20240426;103253;157.18;10;10212639851;S
20240426;103255;157.2;20;10212640015;B
20240426;103302;157.2;50;10212640561;B
20240426;103306;157.2;10;10212640871;B
20240426;103307;157.18;50;10212640954;S
20240426;103307;157.16;50;10212640955;S
20240426;103308;157.2;10;10212641074;B
20240426;103314;157.2;10;10212641525;B
20240426;103328;157.2;40;10212642906;B
20240426;103328;157.16;500;10212642909;S
20240426;103334;157.2;10;10212643373;B
20240426;103342;157.2;30;10212644038;B
20240426;103408;157.16;350;10212646370;S
20240426;103411;157.2;540;10212647036;B
20240426;103411;157.2;400;10212647037;B
20240426;103411;157.2;200;10212647038;B
20240426;103411;157.2;50;10212647039;B
20240426;103417;157.16;30;10212647940;S
20240426;103422;157.2;60;10212648298;B
20240426;103422;157.22;40;10212648299;B
20240426;103451;157.2;10;10212650194;S
20240426;103457;157.24;10;10212650706;B
20240426;103457;157.24;10;10212650750;B
20240426;103517;157.3;10;10212652280;B
20240426;103518;157.32;20;10212652378;B
20240426;103518;157.32;160;10212652379;B
20240426;103518;157.34;320;10212652380;B
20240426;103520;157.26;10;10212652513;S
20240426;103524;157.3;20;10212652851;B
20240426;103525;157.28;50;10212652874;S
20240426;103525;157.24;150;10212652875;S
20240426;103525;157.24;100;10212652876;S
20240426;103529;157.22;40;10212653219;S
20240426;103529;157.22;10;10212653220;S
20240426;103549;157.28;10;10212654884;B
20240426;103551;157.28;10;10212655033;B
20240426;103601;157.28;10;10212655887;B
20240426;103605;157.24;10;10212656176;S
20240426;103605;157.24;290;10212656177;S
20240426;103608;157.22;140;10212656387;S
20240426;103608;157.22;10;10212656388;S
20240426;103608;157.22;50;10212656389;S
20240426;103608;157.22;140;10212656390;S
20240426;103609;157.28;10;10212656469;B
20240426;103609;157.28;10;10212656516;B
20240426;103611;157.28;20;10212656790;B
20240426;103657;157.28;10;10212660689;B
20240426;103717;157.24;250;10212662102;S
20240426;103718;157.24;260;10212662139;S
20240426;103718;157.22;50;10212662140;S
20240426;103718;157.22;150;10212662141;S
20240426;103718;157.22;50;10212662142;S
20240426;103718;157.22;200;10212662143;S
20240426;103718;157.2;10;10212662144;S
20240426;103718;157.2;950;10212662145;S
20240426;103723;157.28;20;10212662432;B
20240426;103738;157.24;50;10212663576;S
20240426;103738;157.24;150;10212663577;S
20240426;103739;157.24;60;10212663585;S
20240426;103742;157.22;20;10212663799;S
20240426;103742;157.28;10;10212663841;B
20240426;103746;157.28;40;10212664139;B
20240426;103751;157.28;200;10212664529;S
20240426;103753;157.3;50;10212664683;B
20240426;103753;157.3;260;10212664684;B
20240426;103758;157.3;50;10212665085;S
20240426;103808;157.3;140;10212665814;S
20240426;103808;157.3;210;10212665815;S
20240426;103809;157.3;50;10212665837;S
20240426;103824;157.3;150;10212666865;B
20240426;103825;157.3;10;10212666914;B
20240426;103826;157.28;10;10212666934;S
20240426;103826;157.28;60;10212666935;S
20240426;103828;157.3;10;10212667109;B
20240426;103829;157.28;20;10212667197;S
20240426;103832;157.3;10;10212667463;B
20240426;103835;157.28;80;10212667595;S
20240426;103835;157.26;700;10212667596;S
20240426;103835;157.24;150;10212667597;S
20240426;103835;157.24;260;10212667598;S
20240426;103835;157.22;30;10212667599;S
20240426;103835;157.22;980;10212667600;S
20240426;103839;157.26;150;10212667864;B
20240426;103839;157.26;850;10212667865;B
20240426;103840;157.2;20;10212667873;S
20240426;103844;157.24;10;10212668137;B
20240426;103853;157.24;140;10212668872;B
20240426;103853;157.26;860;10212668873;B
20240426;103857;157.22;50;10212669140;S
20240426;103857;157.22;90;10212669141;S
20240426;103903;157.24;150;10212669464;B
20240426;103904;157.24;850;10212669513;S
20240426;103904;157.24;710;10212669514;S
20240426;103904;157.24;50;10212669515;S
20240426;103904;157.22;50;10212669516;S
20240426;103904;157.2;20;10212669517;S
20240426;103905;157.26;20;10212669542;B
20240426;103905;157.28;180;10212669543;B
20240426;103907;157.28;10;10212669755;B
20240426;103913;157.28;10;10212670213;B
20240426;103916;157.22;50;10212670420;S
20240426;103916;157.22;50;10212670421;S
20240426;103921;157.28;10;10212670860;B
20240426;103924;157.24;150;10212671071;S
20240426;103927;157.24;300;10212671285;B
20240426;103936;157.24;10;10212672117;B
20240426;103943;157.24;20;10212672739;B
20240426;103955;157.24;50;10212673825;B
20240426;103956;157.24;470;10212673941;B
20240426;103959;157.26;10;10212674403;B
20240426;104000;157.24;30;10212674485;S
20240426;104000;157.24;1250;10212674549;S
20240426;104001;157.26;10;10212674660;B
20240426;104007;157.26;10;10212675623;B
20240426;104008;157.24;340;10212675700;S
20240426;104013;157.26;20;10212676253;B
20240426;104016;157.24;350;10212676486;S
20240426;104026;157.26;10;10212677137;B
20240426;104027;157.26;10;10212677240;B
20240426;104038;157.26;50;10212678093;B
20240426;104039;157.26;30;10212678162;B
20240426;104039;157.28;70;10212678163;B
20240426;104040;157.26;10;10212678173;S
20240426;104040;157.28;10;10212678190;B
20240426;104040;157.3;50;10212678191;B
20240426;104040;157.3;100;10212678192;B
20240426;104040;157.3;540;10212678193;B
20240426;104041;157.3;330;10212678231;B
20240426;104050;157.3;90;10212678907;B
20240426;104054;157.26;10;10212679118;S
20240426;104103;157.3;1260;10212680114;B
20240426;104103;157.3;10;10212680115;B
20240426;104103;157.32;270;10212680116;B
20240426;104103;157.34;50;10212680117;B
20240426;104103;157.34;60;10212680118;B
20240426;104106;157.28;20;10212680339;S
20240426;104111;157.3;40;10212680645;B
20240426;104116;157.3;200;10212681674;B
20240426;104117;157.3;960;10212682022;B
20240426;104118;157.3;30;10212682170;B
20240426;104125;157.3;10;10212683979;B
20240426;104127;157.3;10;10212684561;B
20240426;104131;157.3;30;10212685612;B
20240426;104131;157.3;200;10212685613;B
20240426;104131;157.32;260;10212685614;B
20240426;104131;157.34;560;10212685615;B
20240426;104134;157.36;50;10212686363;B
20240426;104134;157.38;1000;10212686364;B
20240426;104134;157.38;50;10212686365;B
20240426;104134;157.38;900;10212686366;B
20240426;104149;157.4;10;10212690028;B
20240426;104153;157.38;10;10212691176;S
20240426;104203;157.42;10;10212693456;B
20240426;104206;157.4;10;10212694154;B
20240426;104208;157.38;10;10212694583;S
20240426;104208;157.38;40;10212694752;S
20240426;104212;157.36;10;10212695478;S
20240426;104214;157.38;10;10212695855;B
20240426;104220;157.36;20;10212697385;S
20240426;104221;157.38;10;10212697594;B
20240426;104236;157.36;10;10212700090;S
20240426;104237;157.38;10;10212700215;B
20240426;104243;157.38;10;10212700810;B
20240426;104244;157.38;270;10212700866;B
20240426;104244;157.38;250;10212700867;B
20240426;104244;157.38;280;10212700868;B
20240426;104244;157.4;10;10212700915;B
20240426;104257;157.4;200;10212702251;B
20240426;104257;157.4;590;10212702271;B
20240426;104257;157.4;60;10212702272;B
20240426;104330;157.4;10;10212706737;S
20240426;104330;157.4;50;10212706738;S
20240426;104330;157.38;50;10212706739;S
20240426;104330;157.38;450;10212706740;S
20240426;104331;157.36;10;10212706807;S
20240426;104338;157.38;10;10212707299;B
20240426;104345;157.36;150;10212707838;S
20240426;104345;157.36;150;10212707839;S
20240426;104345;157.34;250;10212707840;S
20240426;104345;157.32;700;10212707841;S
20240426;104345;157.3;50;10212707842;S
20240426;104345;157.3;30;10212707843;S
20240426;104345;157.28;30;10212707844;S
20240426;104345;157.28;2810;10212707845;S
20240426;104345;157.26;50;10212707846;S
20240426;104345;157.26;60;10212707847;S
20240426;104345;157.26;10;10212707848;S
20240426;104345;157.26;800;10212707849;S
20240426;104345;157.26;10;10212707850;S
20240426;104345;157.26;1000;10212707851;S
20240426;104345;157.26;500;10212707852;S
20240426;104345;157.26;220;10212707853;S
20240426;104345;157.26;10;10212707854;S
20240426;104345;157.24;12560;10212707855;S
20240426;104345;157.24;50;10212707856;S
20240426;104345;157.24;50;10212707857;S
20240426;104345;157.24;20;10212707858;S
20240426;104345;157.24;10;10212707859;S
20240426;104345;157.24;10000;10212707860;S
20240426;104345;157.24;10000;10212707861;S
20240426;104345;157.22;550;10212707862;S
20240426;104345;157.22;50;10212707863;S
20240426;104345;157.22;50;10212707864;S
20240426;104345;157.22;4130;10212707865;S
20240426;104348;157.22;250;10212708053;B
20240426;104348;157.22;10;10212708054;B
20240426;104350;157.22;20;10212709978;B
20240426;104352;157.2;690;10212711119;S
20240426;104354;157.2;10;10212712642;S
20240426;104354;157.2;630;10212712910;S
20240426;104354;157.22;20;10212713044;B
20240426;104354;157.22;30;10212713045;B
20240426;104356;157.22;10;10212714326;B
20240426;104359;157.2;100;10212716177;S
20240426;104405;157.22;10;10212720839;B
20240426;104406;157.2;190;10212721172;S
20240426;104407;157.2;10;10212722546;S
20240426;104408;157.2;2550;10212722634;S
20240426;104408;157.2;660;10212722635;S
20240426;104408;157.2;30;10212722636;S
20240426;104409;157.2;340;10212723381;S
20240426;104421;157.22;10;10212732917;B
20240426;104440;157.22;100;10212747030;B
20240426;104440;157.22;1000;10212747315;B
20240426;104444;157.22;10;10212750371;B
20240426;104455;157.2;10;10212758920;S
20240426;104457;157.22;50;10212760399;B
20240426;104506;157.2;10;10212767067;S
20240426;104507;157.2;100;10212767890;S
20240426;104512;157.2;2000;10212772307;S
20240426;104521;157.2;100;10212779181;S
20240426;104524;157.2;10;10212781428;S
20240426;104527;157.2;1130;10212783714;S
20240426;104527;157.2;100;10212784496;S
20240426;104528;157.22;10;10212785332;B
20240426;104532;157.2;20;10212787802;S
20240426;104533;157.2;20;10212788662;S
20240426;104536;157.2;6300;10212790743;S
20240426;104536;157.2;10;10212790744;S
20240426;104536;157.2;10;10212790745;S
20240426;104536;157.2;10;10212790746;S
20240426;104536;157.2;40;10212790747;S
20240426;104536;157.2;10;10212790748;S
20240426;104537;157.22;20;10212791158;B
20240426;104542;157.22;10;10212794597;B
20240426;104550;157.22;10;10212800368;B
20240426;104551;157.22;10;10212800856;B
20240426;104556;157.2;20;10212804444;S
20240426;104604;157.22;190;10212809855;B
20240426;104604;157.2;20;10212810131;S
20240426;104604;157.22;10;10212810282;B
20240426;104604;157.22;220;10212810283;B
20240426;104605;157.2;80;10212810555;S
20240426;104608;157.2;350;10212812712;S
20240426;104612;157.2;10;10212815558;S
20240426;104614;157.22;10;10212816882;B
20240426;104618;157.22;40;10212819763;B
20240426;104618;157.22;290;10212819764;B
20240426;104620;157.22;10;10212821000;B
20240426;104623;157.2;230;10212822714;S
20240426;104626;157.22;380;10212824738;B
20240426;104627;157.22;10;10212825272;B
20240426;104633;157.2;400;10212829964;S
20240426;104639;157.22;1000;10212834832;B
20240426;104639;157.22;900;10212834833;B
20240426;104642;157.2;10;10212836774;S
20240426;104647;157.2;10;10212840673;S
20240426;104654;157.22;10;10212846677;B
20240426;104711;157.2;50;10212859737;S
20240426;104712;157.2;100;10212860437;S
20240426;104722;157.2;10;10212868450;S
20240426;104728;157.22;30;10212873572;B
20240426;104731;157.22;20;10212876027;B
20240426;104740;157.2;20;10212882832;S
20240426;104742;157.2;40;10212884121;S
20240426;104746;157.2;600;10212887901;S
20240426;104747;157.2;10;10212888474;S
20240426;104748;157.2;30;10212889610;S
20240426;104748;157.2;20;10212889612;S
20240426;104748;157.2;20;10212889613;S
20240426;104748;157.2;20;10212889617;S
20240426;104748;157.2;30;10212889618;S
20240426;104748;157.2;20;10212889619;S
20240426;104748;157.2;20;10212889620;S
20240426;104748;157.2;20;10212889621;S
20240426;104748;157.2;40;10212889623;S
20240426;104748;157.2;80;10212889625;S
20240426;104749;157.2;30;10212889626;S
20240426;104749;157.2;20;10212889630;S
20240426;104749;157.2;20;10212889631;S
20240426;104749;157.2;20;10212889633;S
20240426;104749;157.2;20;10212889843;S
20240426;104749;157.2;30;10212889937;S
20240426;104749;157.22;10;10212890021;B
20240426;104749;157.2;10;10212890282;S
20240426;104750;157.2;10;10212890461;S
20240426;104750;157.22;10;10212890475;B
20240426;104750;157.2;10;10212890764;S
20240426;104750;157.2;10;10212890859;S
20240426;104750;157.2;10;10212890938;S
20240426;104750;157.2;10;10212890960;S
20240426;104753;157.2;10;10212893627;S
20240426;104808;157.2;340;10212904962;S
20240426;104809;157.2;90;10212905482;S
20240426;104812;157.22;40;10212907861;B
20240426;104819;157.22;100;10212913549;B
20240426;104824;157.22;100;10212918081;B
20240426;104825;157.22;20;10212918318;B
20240426;104828;157.2;600;10212920901;S
20240426;104836;157.2;40;10212927223;S
20240426;104839;157.22;70;10212929456;B
20240426;104839;157.22;10;10212930181;B
20240426;104843;157.22;20;10212932854;B
20240426;104843;157.22;370;10212933299;B
20240426;104853;157.22;10;10212940572;B
20240426;104905;157.22;200;10212948159;B
20240426;104906;157.2;90;10212948863;S
20240426;104911;157.22;10;10212952493;B
20240426;104933;157.22;10;10212967397;B
20240426;104936;157.2;10;10212969246;S
20240426;104939;157.22;40;10212970962;B
20240426;104950;157.22;100;10212979276;B
20240426;104952;157.22;30;10212980890;B
20240426;105000;157.2;290;10212986508;S
20240426;105000;157.2;90;10212986909;S
20240426;105007;157.2;70;10212991841;S
20240426;105008;157.2;350;10212993155;S
20240426;105011;157.22;120;10212995864;B
20240426;105015;157.2;10;10212998444;S
20240426;105016;157.2;240;10212999675;S
20240426;105016;157.2;60;10212999676;S
20240426;105020;157.22;10;10213002788;B
20240426;105020;157.22;50;10213002789;B
20240426;105020;157.22;600;10213002790;B
20240426;105020;157.22;20;10213002791;B
20240426;105020;157.22;20;10213002792;B
20240426;105020;157.22;20;10213002793;B
20240426;105020;157.22;30;10213002794;B
20240426;105020;157.22;60;10213002795;B
20240426;105020;157.22;20;10213002796;B
20240426;105020;157.22;10;10213002797;B
20240426;105020;157.22;50;10213002798;B
20240426;105020;157.22;10;10213002799;B
20240426;105020;157.2;120;10213002804;S
20240426;105020;157.2;1670;10213002805;S
20240426;105020;157.2;3330;10213002806;S
20240426;105020;157.2;10;10213002807;S
20240426;105020;157.2;10;10213002808;S
20240426;105020;157.2;100;10213002809;S
20240426;105020;157.2;70;10213002810;S
20240426;105020;157.2;270;10213002811;S
20240426;105020;157.2;10;10213002812;S
20240426;105020;157.2;10;10213002813;S
20240426;105020;157.2;6220;10213002814;S
20240426;105020;157.18;100;10213002815;S
20240426;105020;157.18;200;10213002816;S
20240426;105020;157.18;10;10213002817;S
20240426;105024;157.18;10;10213005902;B
20240426;105024;157.18;40;10213005957;B
20240426;105029;157.16;10;10213009391;S
20240426;105029;157.14;10;10213009392;S
20240426;105029;157.14;80;10213009393;S
20240426;105032;157.18;10;10213012393;B
20240426;105032;157.18;40;10213012394;B
20240426;105040;157.18;290;10213018102;B
20240426;105040;157.2;50;10213018103;B
20240426;105040;157.2;150;10213018104;B
20240426;105040;157.2;510;10213018105;B
20240426;105042;157.14;920;10213019763;S
20240426;105042;157.14;80;10213019764;S
20240426;105044;157.14;10;10213021759;S
20240426;105045;157.2;50;10213022525;B
20240426;105052;157.2;110;10213028377;B
20240426;105055;157.2;10;10213030617;B
20240426;105059;157.2;20;10213033628;B
20240426;105107;157.14;100;10213039767;S
20240426;105108;157.14;160;10213040128;S
20240426;105109;157.2;10;10213040822;B
20240426;105119;157.2;10;10213049812;B
20240426;105127;157.14;310;10213055507;S
20240426;105141;157.18;10;10213066792;B
20240426;105143;157.18;10;10213068373;B
20240426;105145;157.18;10;10213070391;B
20240426;105153;157.16;20;10213076435;S
20240426;105154;157.18;10;10213077394;B
20240426;105154;157.16;100;10213077672;S
20240426;105156;157.16;10;10213078762;B
20240426;105200;157.14;520;10213082370;S
20240426;105201;157.14;120;10213082888;S
20240426;105208;157.14;340;10213088055;S
20240426;105215;157.16;90;10213092761;B
20240426;105215;157.16;10;10213092762;B
20240426;105215;157.16;10;10213092763;B
20240426;105215;157.16;10;10213092764;B
20240426;105215;157.16;10;10213092765;B
20240426;105215;157.16;10;10213092766;B
20240426;105215;157.16;10;10213092767;B
20240426;105215;157.16;10;10213092768;B
20240426;105215;157.16;40;10213092769;B
20240426;105216;157.16;10;10213093307;S
20240426;105220;157.16;10;10213095663;S
20240426;105220;157.16;10;10213095929;S
20240426;105222;157.16;20;10213097418;S
20240426;105224;157.18;50;10213098961;B
20240426;105224;157.18;20;10213098962;B
20240426;105226;157.16;10;10213099778;S
20240426;105233;157.16;350;10213105422;S
20240426;105236;157.16;2390;10213107525;S
20240426;105239;157.16;400;10213109495;B
20240426;105245;157.16;100;10213113321;S
20240426;105245;157.14;2660;10213113322;S
20240426;105245;157.14;190;10213113323;S
20240426;105245;157.14;890;10213113324;S
20240426;105245;157.12;120;10213113325;S
20240426;105245;157.12;210;10213113326;S
20240426;105245;157.12;50;10213113327;S
20240426;105245;157.12;290;10213113328;S
20240426;105245;157.1;2000;10213113329;S
20240426;105245;157.1;30;10213113330;S
20240426;105245;157.1;100;10213113331;S
20240426;105245;157.1;10;10213113332;S
20240426;105245;157.1;2000;10213113333;S
20240426;105245;157.1;50;10213113334;S
20240426;105245;157.1;30;10213113335;S
20240426;105245;157.08;10;10213113336;S
20240426;105245;157.08;2000;10213113337;S
20240426;105245;157.08;1000;10213113338;S
20240426;105245;157.08;50;10213113339;S
20240426;105245;157.06;1020;10213113340;S
20240426;105254;157.1;20;10213119628;B
20240426;105255;157.08;290;10213120002;B
20240426;105255;157.1;10;10213120213;B
20240426;105302;157.08;290;10213124536;B
20240426;105302;157.1;710;10213124537;B
20240426;105311;157.08;100;10213131398;B
20240426;105312;157.08;200;10213132128;S
20240426;105314;157.1;10;10213133400;B
20240426;105317;157.08;360;10213135877;S
20240426;105324;157.1;10;10213141075;B
20240426;105325;157.1;50;10213142659;B
20240426;105330;157.1;20;10213145825;B
20240426;105332;157.1;60;10213147483;B
20240426;105332;157.1;240;10213147484;B
20240426;105338;157.1;10;10213152436;B
20240426;105357;157.1;20;10213167091;B
20240426;105408;157.08;350;10213175791;S
20240426;105421;157.1;10;10213185650;B
20240426;105421;157.1;10;10213185651;B
20240426;105422;157.08;10;10213186358;S
20240426;105428;157.08;900;10213190884;S
20240426;105428;157.08;10;10213190885;S
20240426;105428;157.08;310;10213190886;S
20240426;105428;157.06;980;10213190887;S
20240426;105428;157.06;50;10213190888;S
20240426;105428;157.06;100;10213190889;S
20240426;105428;157.06;120;10213190890;S
20240426;105428;157.06;880;10213190891;S
20240426;105428;157.06;10;10213190892;S
20240426;105428;157.06;40;10213190893;S
20240426;105429;157.08;10;10213192334;B
20240426;105432;157.08;50;10213194553;B
20240426;105433;157.1;1790;10213195697;B
20240426;105433;157.1;50;10213195698;B
20240426;105433;157.1;160;10213195699;B
20240426;105435;157.08;100;10213197241;S
20240426;105435;157.1;50;10213197287;B
20240426;105437;157.08;50;10213198067;S
20240426;105441;157.08;1550;10213201702;B
20240426;105441;157.08;290;10213201703;B
20240426;105441;157.1;800;10213201704;B
20240426;105450;157.08;20;10213208456;B
20240426;105458;157.08;770;10213215371;B
20240426;105458;157.08;230;10213215372;B
20240426;105503;157.06;10;10213218745;S
20240426;105503;157.06;10;10213218746;S
20240426;105503;157.04;480;10213218747;S
20240426;105504;157.04;90;10213219083;S
20240426;105506;157.04;40;10213220754;S
20240426;105511;157.06;10;10213225064;B
20240426;105517;157.06;120;10213229342;B
20240426;105519;157.06;10;10213231650;B
20240426;105526;157.04;1650;10213236455;S
20240426;105529;157.04;330;10213238096;S
20240426;105531;157.06;50;10213239300;B
20240426;105531;157.04;220;10213239784;S
20240426;105531;157.02;10;10213239785;S
20240426;105531;157.02;10;10213239786;S
20240426;105531;157.02;10;10213239787;S
20240426;105531;157.02;10;10213239788;S
20240426;105531;157.02;3000;10213239789;S
20240426;105531;157.02;50;10213239790;S
20240426;105531;157.02;20;10213239791;S
20240426;105531;157.02;20;10213239792;S
20240426;105531;157.02;10;10213239793;S
20240426;105531;157.02;120;10213239794;S
20240426;105531;157.02;700;10213239795;S
20240426;105531;157.02;10;10213239796;S
20240426;105531;157.02;310;10213239797;S
20240426;105532;157;100;10213240343;S
20240426;105532;157;10;10213240344;S
20240426;105532;157;10;10213240345;S
20240426;105532;157;20;10213240346;S
20240426;105532;157;140;10213240347;S
20240426;105532;157;360;10213240657;S
20240426;105532;157;100;10213240658;S
20240426;105532;157;540;10213240659;S
20240426;105533;157.04;290;10213240679;B
20240426;105533;157.06;520;10213240680;B
20240426;105533;157.06;50;10213240681;B
20240426;105533;157.06;60;10213240682;B
20240426;105533;157.06;50;10213240683;B
20240426;105533;157.06;300;10213240684;B
20240426;105533;157.08;730;10213240685;B
20240426;105533;157.02;50;10213240686;S
20240426;105533;157;460;10213240687;S
20240426;105533;157;10;10213240688;S
20240426;105533;157;10;10213240689;S
20240426;105533;157;470;10213240690;S
20240426;105534;157.06;20;10213242138;B
20240426;105540;157.06;300;10213245379;B
20240426;105542;157.06;10;10213247067;S
20240426;105553;157.06;690;10213254862;S
20240426;105553;157.06;4500;10213254863;S
20240426;105553;157.04;50;10213254864;S
20240426;105553;157.02;50;10213254865;S
20240426;105553;157.02;10;10213254866;S
20240426;105553;157.02;300;10213254867;S
20240426;105553;157.02;900;10213254868;S
20240426;105553;157;830;10213254869;S
20240426;105553;157;10;10213254870;S
20240426;105553;157;160;10213254871;S
20240426;105554;157;690;10213255337;S
20240426;105558;157.02;1270;10213257693;B
20240426;105558;157.04;10;10213257694;B
20240426;105558;157.04;1020;10213257695;B
20240426;105602;157.04;50;10213260064;B
20240426;105602;157.06;150;10213260065;B
20240426;105602;157.06;10;10213260082;B
20240426;105603;157;100;10213260365;S
20240426;105603;157.06;640;10213260994;B
20240426;105603;157.06;100;10213260995;B
20240426;105603;157.08;260;10213260996;B
20240426;105603;157.08;10;10213261044;B
20240426;105605;157;200;10213262117;S
20240426;105607;157.06;80;10213263313;B
20240426;105607;157.08;10;10213263716;B
20240426;105608;157.06;10;10213263912;B
20240426;105609;157;10;10213264673;S
20240426;105623;157.02;340;10213275485;B
20240426;105624;157.06;10;10213276194;B
20240426;105624;157.06;10;10213276195;B
20240426;105632;157.08;10;10213282488;B
20240426;105632;157.08;50;10213282489;B
20240426;105640;157.08;30;10213288295;B
20240426;105640;157.04;50;10213288406;S
20240426;105640;157.02;10;10213288407;S
20240426;105653;157.08;30;10213298415;B
20240426;105653;157.02;200;10213298429;S
20240426;105653;157.02;50;10213298430;S
20240426;105653;157.02;50;10213298431;S
20240426;105700;157.08;700;10213303386;B
20240426;105700;157.08;360;10213303387;B
20240426;105702;157.1;10;10213305460;B
20240426;105702;157.1;10;10213305461;B
20240426;105702;157.1;180;10213305462;B
20240426;105703;157.08;10;10213305521;S
20240426;105703;157.08;10;10213305830;S
20240426;105712;157.1;10;10213313073;B
20240426;105717;157.1;10;10213316503;B
20240426;105718;157.08;50;10213317693;S
20240426;105734;157.08;60;10213330154;S
20240426;105737;157.1;30;10213332254;B
20240426;105739;157.1;20;10213334520;B
20240426;105741;157.08;370;10213336243;S
20240426;105741;157.08;780;10213336244;S
20240426;105745;157.1;30;10213339193;B
20240426;105745;157.1;10;10213339194;B
20240426;105745;157.1;20;10213339195;B
20240426;105746;157.08;30;10213339246;S
20240426;105746;157.08;50;10213339247;S
20240426;105749;157.12;10;10213341848;B
20240426;105749;157.12;200;10213341849;B
20240426;105749;157.12;50;10213341850;B
20240426;105801;157.12;1000;10213351690;B
20240426;105801;157.12;250;10213351691;B
20240426;105801;157.14;6550;10213351692;B
20240426;105802;157.12;140;10213351933;S
20240426;105807;157.18;10;10213355941;B
20240426;105807;157.18;10;10213355942;B
20240426;105807;157.18;10;10213355943;B
20240426;105807;157.18;10;10213355944;B
20240426;105807;157.2;40;10213355945;B
20240426;105816;157.14;160;10213363583;B
20240426;105816;157.14;50;10213363628;B
20240426;105818;157.12;10;10213365685;S
20240426;105818;157.12;30;10213365686;S
20240426;105819;157.14;140;10213366089;B
20240426;105819;157.16;100;10213366090;B
20240426;105819;157.2;50;10213366091;B
20240426;105819;157.2;3570;10213366092;B
20240426;105821;157.24;10;10213367580;B
20240426;105824;157.24;10;10213370070;S
20240426;105828;157.28;10;10213373472;B
20240426;105842;157.28;100;10213383273;B
20240426;105842;157.28;30;10213383274;B
20240426;105842;157.3;510;10213383275;B
20240426;105849;157.28;80;10213388873;B
20240426;105908;157.26;150;10213401298;S
20240426;105908;157.24;150;10213401299;S
20240426;105909;157.24;160;10213401675;S
20240426;105909;157.28;20;10213401677;B
20240426;105910;157.24;70;10213402623;S
20240426;105911;157.28;150;10213403104;B
20240426;105911;157.3;650;10213403105;B
20240426;105911;157.28;20;10213403707;B
20240426;105914;157.26;20;10213405961;S
20240426;105915;157.28;40;10213405996;B
20240426;105918;157.26;10;10213408386;S
20240426;105922;157.26;20;10213411831;S
20240426;105941;157.26;100;10213426152;S
20240426;105941;157.26;10;10213426153;S
20240426;105941;157.24;610;10213426154;S
20240426;105941;157.24;10;10213426155;S
20240426;105941;157.24;100;10213426156;S
20240426;105941;157.24;60;10213426157;S
20240426;105941;157.24;50;10213426158;S
20240426;105941;157.22;50;10213426159;S
20240426;105941;157.22;10;10213426160;S
20240426;105941;157.26;50;10213427327;B
20240426;105941;157.26;50;10213427328;B
20240426;105950;157.2;140;10213434718;S
20240426;105950;157.2;20;10213434719;S
20240426;105950;157.2;150;10213434720;S
20240426;105953;157.22;10;10213437341;B
20240426;110000;157.2;150;10213443286;B
20240426;110001;157.2;10;10213444773;B
20240426;110009;157.2;10;10213451066;B
20240426;110010;157.18;40;10213451591;S
20240426;110043;157.2;80;10213479814;B
20240426;110052;157.16;10;10213487450;S
20240426;110052;157.16;120;10213487451;S
20240426;110052;157.16;80;10213487452;S
20240426;110052;157.16;290;10213487453;S
20240426;110120;157.2;10;10213510533;B
20240426;110127;157.2;30;10213517006;B
20240426;110136;157.2;30;10213524568;B
20240426;110137;157.14;10;10213524625;S
20240426;110139;157.2;10;10213527036;B
20240426;110151;157.12;70;10213535558;S
20240426;110151;157.1;30;10213535559;S
20240426;110153;157.1;10;10213539104;S
20240426;110156;157.2;10;10213541228;B
20240426;110156;157.2;60;10213541611;B
20240426;110156;157.2;50;10213541612;B
20240426;110203;157.22;140;10213546308;B
20240426;110203;157.24;510;10213546309;B
20240426;110204;157.2;200;10213546717;S
20240426;110204;157.2;20;10213546718;S
20240426;110223;157.2;10;10213561231;S
20240426;110228;157.22;50;10213564869;B
20240426;110228;157.22;100;10213564870;B
20240426;110235;157.18;100;10213570054;S
20240426;110236;157.18;60;10213570762;S
20240426;110255;157.18;200;10213584877;S
20240426;110303;157.22;30;10213590636;B
20240426;110309;157.2;100;10213595979;B
20240426;110315;157.18;30;10213600873;S
20240426;110315;157.18;10;10213601141;S
20240426;110317;157.18;20;10213602036;S
20240426;110317;157.18;580;10213603150;S
20240426;110317;157.18;20;10213603151;S
20240426;110317;157.18;180;10213603152;S
20240426;110317;157.16;50;10213603153;S
20240426;110317;157.16;570;10213603154;S
20240426;110318;157.2;30;10213603323;B
20240426;110318;157.2;50;10213603324;B
20240426;110321;157.2;70;10213606238;S
20240426;110337;157.2;30;10213618582;S
20240426;110340;157.22;10;10213621280;B
20240426;110341;157.24;10;10213621559;B
20240426;110350;157.24;10;10213629770;B
20240426;110351;157.24;10;10213630352;B
20240426;110352;157.22;40;10213632090;S
20240426;110405;157.24;10;10213642492;B
20240426;110405;157.22;10;10213642600;S
20240426;110405;157.22;100;10213642601;S
20240426;110407;157.24;110;10213644090;B
20240426;110407;157.26;100;10213644091;B
20240426;110407;157.28;980;10213644092;B
20240426;110407;157.28;310;10213644093;B
20240426;110414;157.3;10;10213649882;B
20240426;110429;157.26;50;10213663160;S
20240426;110437;157.28;10;10213669159;B
20240426;110441;157.3;150;10213671899;B
20240426;110445;157.3;100;10213676493;B
20240426;110446;157.3;1670;10213676641;B
20240426;110446;157.3;1670;10213677083;B
20240426;110446;157.3;1670;10213677386;B
20240426;110446;157.3;1670;10213677555;B
20240426;110447;157.3;1670;10213677839;B
20240426;110447;157.3;1590;10213677980;B
20240426;110447;157.3;1480;10213678132;B
20240426;110453;157.3;10;10213683808;B
20240426;110502;157.3;30;10213691314;B
20240426;110503;157.3;200;10213691517;B
20240426;110503;157.28;50;10213691805;S
20240426;110503;157.28;310;10213691806;S
20240426;110503;157.28;140;10213691807;S
20240426;110514;157.28;800;10213700854;S
20240426;110518;157.3;50;10213704449;B
20240426;110520;157.28;3900;10213706404;S
20240426;110520;157.28;320;10213706538;S
20240426;110525;157.26;100;10213710596;S
20240426;110525;157.26;300;10213710597;S
20240426;110529;157.26;150;10213714540;B
20240426;110529;157.28;20;10213714872;B
20240426;110539;157.28;1370;10213722414;B
20240426;110539;157.3;630;10213722415;B
20240426;110539;157.3;1600;10213722416;B
20240426;110539;157.3;870;10213722775;B
20240426;110539;157.3;20;10213722776;B
20240426;110539;157.3;10;10213722777;B
20240426;110539;157.3;10;10213722778;B
20240426;110539;157.3;110;10213722779;B
20240426;110539;157.32;430;10213722780;B
20240426;110551;157.36;100;10213731423;B
20240426;110554;157.34;10;10213733807;S
20240426;110555;157.34;10;10213735176;S
20240426;110605;157.32;20;10213742333;S
20240426;110605;157.32;90;10213742560;S
20240426;110619;157.36;10;10213747769;B
20240426;110636;157.36;10;10213752277;B
20240426;110640;157.36;30;10213753452;B
20240426;110651;157.36;650;10213756211;B
20240426;110651;157.36;50;10213756212;B
20240426;110651;157.36;910;10213756213;B
20240426;110656;157.34;30;10213757622;S
20240426;110658;157.36;90;10213758220;B
20240426;110658;157.38;10;10213758221;B
20240426;110709;157.4;1000;10213761797;B
20240426;110709;157.4;50;10213761879;B
20240426;110709;157.4;2000;10213761881;B
20240426;110711;157.4;90;10213762587;B
20240426;110724;157.38;20;10213766274;S
20240426;110725;157.4;40;10213766392;B
20240426;110726;157.4;60;10213766787;B
20240426;110738;157.38;10;10213769802;S
20240426;110738;157.4;10;10213769827;B
20240426;110738;157.4;10;10213769913;B
20240426;110741;157.38;100;10213770553;S
20240426;110748;157.38;390;10213772095;S
20240426;110748;157.38;2600;10213772096;S
20240426;110750;157.38;10;10213772693;B
20240426;110754;157.38;10;10213773550;B
20240426;110756;157.36;10;10213774020;S
20240426;110801;157.38;20;10213775243;B
20240426;110838;157.36;100;10213783611;S
20240426;110839;157.36;20;10213783719;S
20240426;110846;157.36;1040;10213785389;S
20240426;110846;157.34;20;10213785390;S
20240426;110846;157.34;80;10213785391;S
20240426;110857;157.32;10;10213787811;S
20240426;110904;157.38;50;10213789267;B
20240426;110904;157.38;900;10213789268;B
20240426;110914;157.32;20;10213791363;S
20240426;110915;157.36;320;10213791493;B
20240426;110915;157.36;210;10213791494;B
20240426;110915;157.38;20;10213791495;B
20240426;110925;157.38;10;10213793738;B
20240426;110929;157.32;120;10213794703;S
20240426;110929;157.32;10;10213794704;S
20240426;110929;157.32;1090;10213794705;S
20240426;110929;157.32;3600;10213794706;S
20240426;110929;157.3;10;10213794707;S
20240426;110929;157.3;1270;10213794708;S
20240426;110933;157.34;150;10213795682;B
20240426;110933;157.34;50;10213795683;B
20240426;110933;157.34;340;10213795684;B
20240426;110933;157.36;50;10213795685;B
20240426;110933;157.36;20;10213795686;B
20240426;110935;157.28;50;10213795961;S
20240426;110938;157.34;50;10213796747;B
20240426;110938;157.28;950;10213796759;S
20240426;110938;157.26;20;10213796760;S
20240426;110938;157.26;150;10213796761;S
20240426;110938;157.26;50;10213796762;S
20240426;110938;157.26;600;10213796763;S
20240426;110938;157.26;340;10213796764;S
20240426;110938;157.26;1070;10213796765;S
20240426;110938;157.24;10;10213796766;S
20240426;110938;157.24;50;10213796767;S
20240426;110938;157.24;1400;10213796768;S
20240426;110938;157.22;10;10213796769;S
20240426;110938;157.22;50;10213796770;S
20240426;110938;157.22;20;10213796771;S
20240426;110938;157.2;120;10213796772;S
20240426;110938;157.2;10;10213796773;S
20240426;110938;157.2;50;10213796774;S
20240426;110938;157.2;1000;10213796775;S
20240426;110938;157.2;5210;10213796776;S
20240426;110949;157.32;50;10213798990;B
20240426;110949;157.32;100;10213798991;B
20240426;110951;157.3;30;10213799472;B
20240426;110951;157.3;200;10213799556;B
20240426;110954;157.28;100;10213800054;S
20240426;111004;157.28;10;10213802484;S
20240426;111005;157.28;30;10213802645;S
20240426;111005;157.3;10;10213802696;B
20240426;111005;157.3;10;10213802697;B
20240426;111005;157.3;230;10213802698;B
20240426;111005;157.32;50;10213802699;B
20240426;111005;157.32;330;10213802700;B
20240426;111006;157.34;20;10213802955;B
20240426;111017;157.32;40;10213805136;S
20240426;111021;157.34;10;10213805897;B
20240426;111028;157.34;10;10213807432;B
20240426;111036;157.34;90;10213809257;B
20240426;111036;157.34;110;10213809258;B
20240426;111037;157.34;10;10213809481;B
20240426;111057;157.36;10;10213813804;B
20240426;111105;157.32;100;10213815246;S
20240426;111105;157.3;200;10213815247;S
20240426;111106;157.3;70;10213815432;S
20240426;111107;157.34;10;10213815622;B
20240426;111125;157.34;10;10213819796;B
20240426;111137;157.34;10;10213822704;B
20240426;111138;157.3;430;10213822918;S
20240426;111138;157.28;60;10213822919;S
20240426;111138;157.28;30;10213822920;S
20240426;111138;157.28;10;10213822921;S
20240426;111138;157.28;1030;10213822922;S
20240426;111138;157.28;290;10213822923;S
20240426;111138;157.28;150;10213822924;S
20240426;111144;157.3;10;10213824762;B
20240426;111153;157.3;10;10213827130;B
20240426;111200;157.3;30;10213828795;B
20240426;111200;157.3;20;10213828796;B
20240426;111208;157.22;50;10213830474;S
20240426;111218;157.22;30;10213832612;S
20240426;111233;157.22;50;10213835572;S
20240426;111235;157.26;30;10213836042;B
20240426;111248;157.26;10;10213838857;B
20240426;111257;157.22;20;10213841125;S
20240426;111257;157.22;530;10213841126;S
20240426;111316;157.22;1020;10213845142;S
20240426;111316;157.22;50;10213845143;S
20240426;111316;157.22;10;10213845144;S
20240426;111316;157.2;200;10213845145;S
20240426;111316;157.2;50;10213845146;S
20240426;111316;157.2;20;10213845147;S
20240426;111316;157.2;150;10213845148;S
20240426;111316;157.2;2700;10213845149;S
20240426;111316;157.2;320;10213845150;S
20240426;111316;157.18;30;10213845151;S
20240426;111316;157.18;180;10213845152;S
20240426;111316;157.18;50;10213845153;S
20240426;111316;157.16;220;10213845154;S
20240426;111316;157.16;100;10213845155;S
20240426;111316;157.16;50;10213845156;S
20240426;111316;157.16;30;10213845157;S
20240426;111316;157.14;180;10213845158;S
20240426;111316;157.14;50;10213845159;S
20240426;111316;157.14;120;10213845160;S
20240426;111316;157.14;3910;10213845161;S
20240426;111316;157.12;10;10213845162;S
20240426;111316;157.12;50;10213845163;S
20240426;111316;157.12;500;10213845164;S
20240426;111317;157.1;150;10213845251;S
20240426;111322;157.1;110;10213846281;S
20240426;111322;157.1;90;10213846282;S
20240426;111322;157.1;10;10213846283;S
20240426;111322;157.1;30;10213846284;S
20240426;111322;157.1;220;10213846285;S
20240426;111322;157.1;10;10213846286;S
20240426;111322;157.1;10;10213846287;S
20240426;111322;157.1;20;10213846288;S
20240426;111322;157.1;320;10213846289;S
20240426;111322;157.08;10;10213846290;S
20240426;111322;157.08;1170;10213846291;S
20240426;111326;157.1;20;10213846976;B
20240426;111326;157.1;30;10213847083;B
20240426;111326;157.12;100;10213847084;B
20240426;111342;157.12;10;10213850642;B
20240426;111344;157.12;80;10213851254;B
20240426;111344;157.12;50;10213851255;B
20240426;111349;157.12;50;10213852260;S
20240426;111349;157.12;310;10213852261;S
20240426;111349;157.12;200;10213852262;S
20240426;111350;157.12;10;10213852426;S
20240426;111358;157.14;10;10213854541;B
20240426;111358;157.16;50;10213854542;B
20240426;111358;157.16;170;10213854543;B
20240426;111358;157.16;70;10213854544;B
20240426;111411;157.16;10;10213857607;B
20240426;111420;157.16;10;10213859461;B
20240426;111430;157.16;20;10213861354;B
20240426;111431;157.12;30;10213861648;S
20240426;111443;157.16;10;10213864205;B
20240426;111443;157.18;10;10213864206;B
20240426;111444;157.12;10;10213864314;S
20240426;111457;157.18;1480;10213867327;B
20240426;111519;157.18;30;10213871705;B
20240426;111522;157.18;610;10213872324;B
20240426;111522;157.18;20;10213872325;B
20240426;111522;157.2;50;10213872326;B
20240426;111522;157.2;320;10213872327;B
20240426;111530;157.18;50;10213874196;B
20240426;111632;157.18;40;10213889805;B
20240426;111632;157.2;10;10213889806;B
20240426;111641;157.2;90;10213891921;B
20240426;111642;157.2;10;10213892165;B
20240426;111644;157.2;10;10213892496;B
20240426;111647;157.2;10;10213893093;B
20240426;111651;157.2;90;10213894004;B
20240426;111651;157.2;20;10213894005;B
20240426;111651;157.22;100;10213894006;B
20240426;111651;157.22;40;10213894007;B
20240426;111651;157.22;300;10213894008;B
20240426;111651;157.24;50;10213894009;B
20240426;111651;157.24;30;10213894010;B
20240426;111651;157.26;20;10213894136;B
20240426;111723;157.26;10;10213901526;B
20240426;111731;157.26;10;10213903486;B
20240426;111733;157.26;50;10213903806;B
20240426;111739;157.22;50;10213904973;S
20240426;111739;157.2;10;10213904974;S
20240426;111739;157.2;50;10213904975;S
20240426;111739;157.2;300;10213904976;S
20240426;111739;157.2;2100;10213904977;S
20240426;111739;157.18;10;10213904978;S
20240426;111739;157.18;50;10213904979;S
20240426;111739;157.18;3060;10213904980;S
20240426;111739;157.16;220;10213904981;S
20240426;111739;157.16;50;10213904982;S
20240426;111739;157.16;10;10213904983;S
20240426;111739;157.16;1590;10213904984;S
20240426;111739;157.16;410;10213904985;S
20240426;111739;157.14;50;10213904986;S
20240426;111739;157.14;250;10213904987;S
20240426;111739;157.14;10000;10213904988;S
20240426;111739;157.12;50;10213904989;S
20240426;111739;157.12;10;10213904990;S
20240426;111739;157.12;220;10213904991;S
20240426;111739;157.12;50;10213904992;S
20240426;111739;157.12;32100;10213904993;S
20240426;111748;157.2;10;10213907049;B
20240426;111750;157.24;20;10213907351;B
20240426;111800;157.26;10;10213909705;B
20240426;111801;157.26;250;10213910081;B
20240426;111806;157.26;10;10213911148;B
20240426;111806;157.26;40;10213911149;B
20240426;111808;157.28;10;10213911422;B
20240426;111823;157.28;30;10213914619;B
20240426;111825;157.28;20;10213914982;B
20240426;111826;157.28;10;10213915110;B
20240426;111834;157.28;50;10213917164;B
20240426;111835;157.28;20;10213917448;B
20240426;111901;157.24;10;10213923496;S
20240426;111903;157.24;350;10213923787;S
20240426;111903;157.26;10;10213923881;B
20240426;111918;157.28;10;10213926963;B
20240426;111939;157.26;10;10213931470;B
20240426;111940;157.28;100;10213931785;B
20240426;111946;157.26;190;10213932937;B
20240426;111950;157.24;100;10213933662;S
20240426;112012;157.24;1000;10213937748;S
20240426;112012;157.24;50;10213937771;S
20240426;112019;157.28;50;10213939227;B
20240426;112025;157.26;10;10213940612;B
20240426;112033;157.24;1200;10213942231;S
20240426;112033;157.28;10;10213942308;B
20240426;112037;157.24;100;10213942943;S
20240426;112041;157.26;10;10213943753;B
20240426;112042;157.28;20;10213944029;B
20240426;112050;157.24;10;10213945609;S
20240426;112052;157.26;50;10213946162;B
20240426;112057;157.28;60;10213947321;B
20240426;112102;157.24;90;10213948382;S
20240426;112102;157.24;400;10213948513;S
20240426;112102;157.24;70;10213948530;S
20240426;112107;157.26;10;10213949565;B
20240426;112109;157.26;20;10213949926;B
20240426;112113;157.24;200;10213950792;S
20240426;112114;157.26;10;10213950933;B
20240426;112118;157.26;30;10213951834;B
20240426;112131;157.24;90;10213954260;S
20240426;112136;157.26;100;10213955203;B
20240426;112136;157.24;10;10213955305;S
20240426;112139;157.24;1000;10213955786;S
20240426;112141;157.26;10;10213956086;B
20240426;112142;157.26;100;10213956384;B
20240426;112148;157.26;10;10213957664;B
20240426;112149;157.24;60;10213957761;S
20240426;112158;157.24;1000;10213959659;S
20240426;112158;157.26;10;10213959720;B
20240426;112200;157.26;10;10213960013;B
20240426;112201;157.26;350;10213960330;B
20240426;112201;157.28;150;10213960374;B
20240426;112201;157.28;150;10213960407;B
20240426;112201;157.28;20;10213960423;B
20240426;112201;157.28;130;10213960424;B
20240426;112201;157.28;140;10213960425;B
20240426;112201;157.28;60;10213960464;B
20240426;112201;157.28;230;10213960465;B
20240426;112206;157.28;70;10213961492;B
20240426;112206;157.3;700;10213961493;B
20240426;112206;157.3;70;10213961494;B
20240426;112206;157.3;40;10213961495;B
20240426;112207;157.32;50;10213961581;B
20240426;112207;157.34;740;10213961582;B
20240426;112207;157.36;40;10213961651;B
20240426;112207;157.36;50;10213961652;B
20240426;112207;157.36;620;10213961653;B
20240426;112219;157.36;10;10213964130;B
20240426;112222;157.36;70;10213964871;B
20240426;112222;157.38;780;10213964872;B
20240426;112223;157.38;190;10213964969;B
20240426;112223;157.38;500;10213964970;B
20240426;112223;157.38;70;10213964971;B
20240426;112226;157.38;10;10213965713;B
20240426;112228;157.38;10;10213966025;B
20240426;112232;157.38;10;10213967002;B
20240426;112239;157.36;100;10213968401;S
20240426;112245;157.38;1490;10213969543;B
20240426;112245;157.38;20;10213969544;B
20240426;112247;157.4;20;10213969784;B
20240426;112250;157.38;990;10213970492;S
20240426;112250;157.38;2020;10213970493;S
20240426;112251;157.38;10;10213970590;S
20240426;112257;157.4;650;10213972023;B
20240426;112307;157.4;30;10213973852;B
20240426;112312;157.4;10;10213974789;B
20240426;112318;157.4;200;10213975888;B
20240426;112320;157.38;10;10213976365;S
20240426;112321;157.4;60;10213976657;B
20240426;112323;157.4;70;10213977091;B
20240426;112325;157.4;50;10213977361;B
20240426;112328;157.4;10;10213978050;B
20240426;112336;157.38;80;10213979795;S
20240426;112339;157.38;10;10213980544;S
20240426;112346;157.4;10;10213981741;B
20240426;112356;157.38;100;10213983888;S
20240426;112357;157.4;500;10213983994;B
20240426;112357;157.38;20;10213984106;S
20240426;112400;157.4;8470;10213984568;B
20240426;112400;157.4;200;10213984569;B
20240426;112403;157.38;110;10213985201;S
20240426;112405;157.4;60;10213985641;B
20240426;112415;157.38;10;10213987622;S
20240426;112417;157.38;10;10213987922;S
20240426;112438;157.38;100;10213992448;S
20240426;112443;157.4;10;10213993648;B
20240426;112458;157.4;200;10213996694;B
20240426;112459;157.4;170;10213996854;B
20240426;112515;157.38;100;10214001646;S
20240426;112521;157.4;10;10214003110;B
20240426;112529;157.4;10;10214004982;B
20240426;112534;157.4;10;10214006326;B
20240426;112535;157.4;250;10214006508;B
20240426;112538;157.38;40;10214007552;S
20240426;112539;157.4;10;10214007867;B
20240426;112541;157.4;10;10214008464;B
20240426;112545;157.4;20;10214009372;B
20240426;112555;157.4;10;10214012476;B
20240426;112556;157.38;3000;10214012628;S
20240426;112557;157.4;20;10214012958;B
20240426;112601;157.4;20;10214014237;B
20240426;112611;157.4;30;10214016780;B
20240426;112613;157.38;10;10214017238;S
20240426;112614;157.4;140;10214017470;B
20240426;112631;157.4;10;10214021735;B
20240426;112632;157.4;10;10214021898;B
20240426;112633;157.4;10;10214022101;B
20240426;112633;157.4;10;10214022237;B
20240426;112634;157.4;10;10214022286;B
20240426;112634;157.4;10;10214022358;B
20240426;112635;157.4;10;10214022461;B
20240426;112635;157.4;10;10214022555;B
20240426;112636;157.4;10;10214022651;B
20240426;112636;157.38;10;10214022652;S
20240426;112636;157.4;10;10214022763;B
20240426;112636;157.4;10;10214022867;B
20240426;112637;157.4;10;10214022965;B
20240426;112637;157.4;10;10214023106;B
20240426;112638;157.4;10;10214023224;B
20240426;112638;157.4;10;10214023338;B
20240426;112639;157.4;10;10214023439;B
20240426;112639;157.4;10;10214023572;B
20240426;112640;157.4;10;10214023728;B
20240426;112640;157.4;10;10214023849;B
20240426;112641;157.4;10;10214023933;B
20240426;112641;157.4;10;10214023997;B
20240426;112641;157.4;10;10214024027;B
20240426;112641;157.4;10;10214024103;B
20240426;112641;157.4;10;10214024146;B
20240426;112642;157.4;10;10214024196;B
20240426;112642;157.4;10;10214024252;B
20240426;112643;157.4;10;10214024411;B
20240426;112643;157.4;10;10214024436;B
20240426;112643;157.4;10;10214024478;B
20240426;112643;157.4;10;10214024486;B
20240426;112643;157.4;10;10214024515;B
20240426;112644;157.4;10;10214024803;B
20240426;112645;157.4;10;10214024840;B
20240426;112645;157.4;10;10214024880;B
20240426;112645;157.4;10;10214024922;B
20240426;112645;157.4;10;10214024988;B
20240426;112646;157.4;10;10214025182;B
20240426;112646;157.4;10;10214025217;B
20240426;112646;157.4;10;10214025252;B
20240426;112647;157.4;10;10214025292;B
20240426;112653;157.38;10;10214026672;S
20240426;112655;157.4;10;10214027281;B
20240426;112657;157.38;20;10214028024;S
20240426;112703;157.38;10;10214029274;S
20240426;112705;157.4;10;10214029603;B
20240426;112712;157.38;20;10214031183;S
20240426;112719;157.4;20;10214032687;B
20240426;112720;157.4;10;10214032860;B
20240426;112737;157.38;20;10214036561;S
20240426;112737;157.38;80;10214036562;S
20240426;112740;157.4;30;10214037256;B
20240426;112743;157.38;100;10214037820;S
20240426;112743;157.4;10;10214037949;B
20240426;112746;157.4;200;10214038382;B
20240426;112748;157.4;20;10214038829;B
20240426;112755;157.4;100;10214040295;B
20240426;112800;157.38;10;10214041193;S
20240426;112800;157.4;20;10214041322;B
20240426;112803;157.4;10;10214041807;B
20240426;112813;157.4;20;10214043715;B
20240426;112832;157.4;10;10214047360;B
20240426;112832;157.4;80;10214047472;B
20240426;112847;157.38;50;10214050508;S
20240426;112849;157.4;10;10214051002;B
20240426;112851;157.4;10;10214051298;B
20240426;112901;157.38;10;10214053357;S
20240426;112905;157.4;6110;10214054335;B
20240426;112905;157.4;410;10214054336;B
20240426;112905;157.4;30;10214054337;B
20240426;112905;157.4;100;10214054338;B
20240426;112905;157.4;1000;10214054339;B
20240426;112905;157.4;60;10214054340;B
20240426;112905;157.4;10;10214054341;B
20240426;112905;157.4;600;10214054342;B
20240426;112905;157.4;80;10214054343;B
20240426;112905;157.4;230;10214054344;B
20240426;112905;157.4;300;10214054345;B
20240426;112908;157.42;10;10214054952;B
20240426;112910;157.42;10;10214055265;B
20240426;112910;157.42;10;10214055266;B
20240426;112911;157.4;70;10214055393;S
20240426;112911;157.4;10;10214055394;S
20240426;112917;157.42;120;10214056695;B
20240426;112925;157.42;670;10214058219;B
20240426;112925;157.42;150;10214058220;B
20240426;112925;157.42;100;10214058221;B
20240426;112925;157.42;80;10214058222;B
20240426;112934;157.42;200;10214060203;B
20240426;112935;157.42;90;10214060405;B
20240426;112939;157.4;60;10214061194;S
20240426;112945;157.42;10;10214062358;B
20240426;112952;157.42;10;10214063810;B
20240426;112953;157.4;500;10214064017;S
20240426;113011;157.4;860;10214068072;S
20240426;113015;157.42;10;10214069051;B
20240426;113023;157.4;100;10214071302;S
20240426;113039;157.4;90;10214075588;S
20240426;113051;157.4;10;10214078149;S
20240426;113105;157.42;10;10214081271;B
20240426;113112;157.4;30;10214082456;S
20240426;113116;157.4;600;10214083250;S
20240426;113122;157.42;30;10214084550;B
20240426;113125;157.42;10;10214085103;B
20240426;113129;157.4;10;10214085840;S
20240426;113132;157.42;10;10214086346;B
20240426;113132;157.4;100;10214086382;S
20240426;113133;157.42;540;10214086725;B
20240426;113133;157.42;100;10214086726;B
20240426;113133;157.44;30;10214086727;B
20240426;113133;157.44;30;10214086728;B
20240426;113133;157.44;70;10214086736;B
20240426;113134;157.46;10;10214086746;B
20240426;113134;157.48;200;10214086793;B
20240426;113134;157.48;560;10214086794;B
20240426;113200;157.48;60;10214091733;B
20240426;113207;157.48;10;10214093143;B
20240426;113211;157.48;30;10214094055;B
20240426;113213;157.48;1200;10214094694;B
20240426;113219;157.48;50;10214095882;B
20240426;113224;157.46;200;10214096809;S
20240426;113227;157.48;30;10214097580;B
20240426;113230;157.48;50;10214098134;B
20240426;113236;157.48;10;10214099225;B
20240426;113243;157.48;30;10214100769;B
20240426;113244;157.48;290;10214100830;B
20240426;113249;157.48;10;10214101861;B
20240426;113254;157.48;10;10214102841;B
20240426;113257;157.48;10;10214103328;B
20240426;113302;157.46;1000;10214104237;S
20240426;113321;157.48;100;10214108091;B
20240426;113326;157.48;60;10214109095;B
20240426;113330;157.46;290;10214110089;S
20240426;113338;157.48;20;10214112154;B
20240426;113348;157.48;60;10214115152;B
20240426;113349;157.46;5610;10214115385;S
20240426;113349;157.46;6750;10214115386;S
20240426;113349;157.46;50;10214115387;S
20240426;113350;157.44;50;10214115743;B
20240426;113350;157.44;80;10214115744;B
20240426;113350;157.46;1460;10214115745;B
20240426;113400;157.4;20;10214117796;S
20240426;113402;157.44;20;10214118292;B
20240426;113405;157.44;10;10214119564;B
20240426;113433;157.4;10;10214125965;S
20240426;113445;157.4;30;10214129592;S
20240426;113445;157.4;10;10214129593;S
20240426;113445;157.4;10;10214129594;S
20240426;113445;157.4;110;10214129595;S
20240426;113445;157.4;60;10214129596;S
20240426;113445;157.4;190;10214129597;S
20240426;113449;157.4;100;10214130549;S
20240426;113450;157.44;10;10214130948;B
20240426;113452;157.44;10;10214131287;B
20240426;113512;157.4;10;10214135310;S
20240426;113524;157.42;10;10214138036;B
20240426;113529;157.42;30;10214139447;B
20240426;113529;157.4;50;10214139503;S
20240426;113530;157.42;10;10214139682;B
20240426;113530;157.42;130;10214139683;B
20240426;113531;157.42;10;10214140024;B
20240426;113549;157.42;40;10214144110;B
20240426;113549;157.42;70;10214144111;B
20240426;113549;157.42;100;10214144182;B
20240426;113607;157.42;980;10214148040;B
20240426;113616;157.4;350;10214150086;S
20240426;113616;157.4;150;10214150087;S
20240426;113616;157.42;10;10214150239;B
20240426;113620;157.42;30;10214150975;B
20240426;113623;157.4;10;10214151641;S
20240426;113623;157.4;490;10214151642;S
20240426;113629;157.4;30;10214152761;B
20240426;113630;157.38;10;10214152906;S
20240426;113630;157.38;70;10214152912;S
20240426;113630;157.38;50;10214152935;S
20240426;113631;157.4;10;10214153201;B
20240426;113644;157.4;10;10214155382;B
20240426;113644;157.4;10;10214155383;B
20240426;113646;157.4;10;10214155685;B
20240426;113651;157.4;20;10214156367;B
20240426;113652;157.38;30;10214156531;S
20240426;113656;157.4;10;10214156949;B
20240426;113659;157.4;10;10214157243;B
20240426;113659;157.38;180;10214157269;S
20240426;113659;157.38;20;10214157270;S
20240426;113659;157.38;50;10214157271;S
20240426;113659;157.38;20;10214157272;S
20240426;113659;157.38;150;10214157273;S
20240426;113659;157.38;10;10214157274;S
20240426;113659;157.38;10;10214157275;S
20240426;113659;157.36;3000;10214157276;S
20240426;113702;157.36;10;10214157680;B
20240426;113707;157.36;40;10214158224;B
20240426;113707;157.38;30;10214158225;B
20240426;113711;157.36;10;10214158644;B
20240426;113712;157.36;40;10214158721;B
20240426;113712;157.38;20;10214158722;B
20240426;113712;157.38;140;10214158723;B
20240426;113715;157.38;10;10214159042;B
20240426;113721;157.34;80;10214159607;S
20240426;113721;157.3;10;10214159608;S
20240426;113721;157.3;50;10214159609;S
20240426;113721;157.28;20;10214159610;S
20240426;113721;157.28;150;10214159611;S
20240426;113721;157.28;190;10214159612;S
20240426;113726;157.28;150;10214160257;S
20240426;113726;157.26;40;10214160258;S
20240426;113726;157.26;310;10214160259;S
20240426;113732;157.36;10;10214160908;B
20240426;113733;157.26;430;10214160987;S
20240426;113733;157.26;70;10214160988;S
20240426;113738;157.24;10;10214161669;S
20240426;113738;157.24;50;10214161670;S
20240426;113738;157.22;10;10214161671;S
20240426;113738;157.22;80;10214161672;S
20240426;113738;157.22;50;10214161673;S
20240426;113738;157.22;300;10214161674;S
20240426;113739;157.22;10;10214161805;S
20240426;113741;157.22;10;10214162054;B
20240426;113741;157.26;10;10214162055;B
20240426;113742;157.2;40;10214162152;S
20240426;113742;157.2;50;10214162153;S
20240426;113742;157.2;10;10214162154;S
20240426;113742;157.2;400;10214162155;S
20240426;113743;157.18;10;10214162234;S
20240426;113743;157.18;220;10214162235;S
20240426;113743;157.18;50;10214162236;S
20240426;113743;157.18;300;10214162237;S
20240426;113743;157.16;50;10214162238;S
20240426;113743;157.16;150;10214162239;S
20240426;113743;157.14;10;10214162240;S
20240426;113743;157.14;10;10214162241;S
20240426;113743;157.14;100;10214162242;S
20240426;113743;157.14;10;10214162243;S
20240426;113743;157.14;50;10214162244;S
20240426;113743;157.14;500;10214162245;S
20240426;113743;157.14;1040;10214162246;S
20240426;113744;157.14;40;10214162362;S
20240426;113746;157.16;60;10214162591;S
20240426;113746;157.14;440;10214162592;S
20240426;113749;157.14;260;10214162856;S
20240426;113749;157.14;240;10214162857;S
20240426;113753;157.12;500;10214163288;S
20240426;113755;157.24;10;10214163830;B
20240426;113801;157.18;50;10214164488;S
20240426;113801;157.16;70;10214164489;S
20240426;113805;157.24;20;10214164909;B
20240426;113807;157.26;140;10214165233;B
20240426;113807;157.26;50;10214165234;B
20240426;113807;157.26;3820;10214165235;B
20240426;113807;157.28;50;10214165236;B
20240426;113807;157.28;2230;10214165237;B
20240426;113807;157.28;460;10214165238;B
20240426;113807;157.3;50;10214165239;B
20240426;113807;157.3;3820;10214165240;B
20240426;113810;157.34;140;10214165484;B
20240426;113810;157.32;50;10214165503;S
20240426;113810;157.32;50;10214165504;S
20240426;113811;157.32;10;10214165577;S
20240426;113819;157.32;10;10214166669;S
20240426;113823;157.34;10;10214167099;B
20240426;113823;157.38;10;10214167100;B
20240426;113841;157.38;150;10214169089;B
20240426;113841;157.4;240;10214169090;B
20240426;113841;157.42;2110;10214169091;B
20240426;113843;157.4;70;10214169319;B
20240426;113843;157.42;2390;10214169320;B
20240426;113843;157.42;100;10214169321;B
20240426;113843;157.42;500;10214169322;B
20240426;113843;157.42;450;10214169323;B
20240426;113843;157.42;580;10214169324;B
20240426;113843;157.44;290;10214169325;B
20240426;113903;157.44;50;10214171689;B
20240426;113906;157.44;10;10214172066;B
20240426;113915;157.4;50;10214173014;S
20240426;113915;157.4;50;10214173015;S
20240426;113927;157.44;10;10214174294;B
20240426;113940;157.44;10;10214175725;B
20240426;113954;157.44;30;10214177211;B
20240426;113954;157.44;40;10214177212;B
20240426;113954;157.44;10;10214177213;B
20240426;113954;157.44;80;10214177214;B
20240426;113954;157.44;10;10214177215;B
20240426;113954;157.44;140;10214177216;B
20240426;113956;157.42;20;10214177355;S
20240426;114004;157.44;360;10214177957;B
20240426;114006;157.42;200;10214178099;S
20240426;114006;157.42;5100;10214178100;S
20240426;114006;157.42;50;10214178101;S
20240426;114006;157.4;50;10214178102;S
20240426;114006;157.4;170;10214178103;S
20240426;114006;157.4;3000;10214178104;S
20240426;114006;157.4;450;10214178105;S
20240426;114015;157.4;170;10214179004;B
20240426;114019;157.4;50;10214179547;S
20240426;114021;157.4;30;10214179888;S
20240426;114027;157.38;10;10214180578;B
20240426;114030;157.4;50;10214180842;B
20240426;114037;157.4;260;10214181430;B
20240426;114046;157.4;10;10214183511;B
20240426;114058;157.4;10;10214185186;B
20240426;114103;157.36;10;10214186596;S
20240426;114103;157.34;90;10214186597;S
20240426;114103;157.38;90;10214186974;B
20240426;114103;157.38;440;10214186975;B
20240426;114103;157.38;50;10214186976;B
20240426;114103;157.38;10;10214186977;B
20240426;114103;157.4;640;10214186978;B
20240426;114103;157.4;470;10214186979;B
20240426;114127;157.38;10;10214190569;B
20240426;114128;157.38;40;10214190691;B
20240426;114128;157.38;10;10214190692;B
20240426;114133;157.36;10;10214191309;B
20240426;114135;157.36;10;10214191536;B
20240426;114136;157.36;30;10214191652;B
20240426;114136;157.36;20;10214191653;B
20240426;114139;157.36;10;10214192026;B
20240426;114140;157.36;20;10214192083;B
20240426;114145;157.34;120;10214192612;S
20240426;114145;157.34;10;10214192662;B
20240426;114155;157.32;10;10214193846;B
20240426;114157;157.34;10;10214194277;B
20240426;114215;157.34;10;10214197761;B
20240426;114218;157.34;10;10214198307;B
20240426;114220;157.34;10;10214198618;B
20240426;114231;157.34;60;10214200302;B
20240426;114238;157.3;10;10214201131;S
20240426;114238;157.3;10;10214201132;S
20240426;114238;157.3;30;10214201133;S
