<DATE>;<TIME>;<LAST>;<VOL>;<ID>;<OPER>
20240522;095940;149;330;10427179961;S
20240522;095940;149;270;10427179962;B
20240522;095940;149;500;10427179963;B
20240522;095940;149;1230;10427179964;B
20240522;095940;149;200;10427179965;B
20240522;095940;149;10;10427179966;B
20240522;095940;149;40;10427179967;B
20240522;095940;149;10;10427179968;B
20240522;095940;149;10;10427179969;B
20240522;095940;149;20;10427179970;B
20240522;095940;149;10;10427179971;B
20240522;095940;149;10;10427179972;B
20240522;095940;149;10;10427179973;B
20240522;095940;149;100;10427179974;B
20240522;095940;149;10;10427179975;B
20240522;095940;149;20;10427179976;B
20240522;095940;149;10;10427179977;B
20240522;095940;149;30;10427179978;B
20240522;095940;149;10;10427179979;B
20240522;095940;149;10;10427179980;S
20240522;095940;149;100;10427179981;B
20240522;095940;149;10;10427179982;B
20240522;095940;149;70;10427179983;B
20240522;095940;149;20;10427179984;S
20240522;095940;149;10;10427179985;B
20240522;095940;149;50;10427179986;S
20240522;095940;149;500;10427179987;S
20240522;095940;149;10;10427179988;S
20240522;095940;149;180;10427179989;S
20240522;095940;149;760;10427179990;S
20240522;095940;149;20;10427179991;S
20240522;095940;149;10;10427179992;B
20240522;095940;149;20;10427179993;S
20240522;095940;149;200;10427179994;S
20240522;095940;149;20;10427179995;B
20240522;095940;149;100;10427179996;B
20240522;095940;149;90;10427179997;B
20240522;095940;149;20;10427179998;B
20240522;095940;149;380;10427179999;B
20240522;095940;149;30;10427180000;S
20240522;095940;149;50;10427180001;S
20240522;095940;149;40;10427180002;S
20240522;095940;149;40;10427180003;S
20240522;095940;149;10;10427180004;S
20240522;095940;149;40;10427180005;S
20240522;095940;149;960;10427180006;S
20240522;095940;149;40;10427180007;S
20240522;095940;149;960;10427180008;S
20240522;095940;149;500;10427180009;S
20240522;095940;149;1540;10427180010;S
20240522;095940;149;40;10427180011;S
20240522;095940;149;10;10427180012;S
20240522;095940;149;20;10427180013;S
20240522;095940;149;490;10427180014;S
20240522;095940;149;710;10427180015;S
20240522;095940;149;890;10427180016;S
20240522;095940;149;810;10427180017;S
20240522;095940;149;20;10427180018;S
20240522;095940;149;20;10427180019;S
20240522;095940;149;4150;10427180020;S
20240522;095940;149;10;10427180021;B
20240522;095940;149;100;10427180022;B
20240522;095940;149;1300;10427180023;S
20240522;095940;149;770;10427180024;B
20240522;095940;149;80;10427180025;B
20240522;095940;149;200;10427180026;B
20240522;095940;149;1400;10427180027;B
20240522;095940;149;20;10427180028;S
20240522;095940;149;1000;10427180029;S
20240522;095940;149;100;10427180030;S
20240522;095940;149;100;10427180031;S
20240522;095940;149;100;10427180032;S
20240522;095940;149;40;10427180033;B
20240522;095940;149;100;10427180034;B
20240522;095940;149;30;10427180035;B
20240522;095940;149;300;10427180036;B
20240522;095940;149;50;10427180037;B
20240522;095940;149;10;10427180038;B
20240522;095940;149;250;10427180039;B
20240522;095940;149;200;10427180040;B
20240522;095940;149;1400;10427180041;B
20240522;095940;149;200;10427180042;B
20240522;095940;149;2010;10427180043;B
20240522;095940;149;40;10427180044;B
20240522;095940;149;430;10427180045;B
20240522;095940;149;100;10427180046;B
20240522;095940;149;40;10427180047;B
20240522;095940;149;200;10427180048;B
20240522;095940;149;30;10427180049;B
20240522;095940;149;50;10427180050;B
20240522;095940;149;10;10427180051;B
20240522;095940;149;50;10427180052;B
20240522;095940;149;20;10427180053;B
20240522;095940;149;3230;10427180054;B
20240522;095940;149;30;10427180055;B
20240522;095940;149;20;10427180056;B
20240522;095940;149;10;10427180057;B
20240522;095940;149;20;10427180058;B
20240522;095940;149;500;10427180059;B
20240522;095940;149;20;10427180060;B
20240522;095940;149;100;10427180061;B
20240522;095940;149;500;10427180062;B
20240522;095940;149;680;10427180063;B
20240522;095940;149;10;10427180064;B
20240522;095940;149;10;10427180065;B
20240522;100000;149;50;10427184353;B
20240522;100000;148.98;20;10427184500;S
20240522;100000;148.98;20;10427184501;S
20240522;100000;148.96;10;10427184502;S
20240522;100000;148.94;20;10427184503;S
20240522;100000;148.94;20;10427184504;S
20240522;100000;148.94;70;10427184505;S
20240522;100000;148.94;50;10427184506;S
20240522;100000;148.94;170;10427184507;S
20240522;100000;148.92;10;10427184508;S
20240522;100000;148.92;10;10427184509;S
20240522;100000;148.92;10;10427184510;S
20240522;100000;148.92;350;10427184511;S
20240522;100000;148.92;10;10427184512;S
20240522;100000;148.92;30;10427184513;S
20240522;100000;148.92;20;10427184514;S
20240522;100000;148.92;40;10427184515;S
20240522;100000;148.92;10;10427184516;S
20240522;100000;148.92;10;10427184517;S
20240522;100000;148.92;10;10427184518;S
20240522;100000;148.92;10;10427184519;S
20240522;100000;148.92;40;10427184520;S
20240522;100000;148.92;10;10427184521;S
20240522;100000;148.92;10;10427184522;S
20240522;100000;148.92;10;10427184523;S
20240522;100000;148.92;260;10427184524;S
20240522;100000;148.92;20;10427184525;S
20240522;100000;148.92;200;10427184526;S
20240522;100000;148.92;30;10427184527;S
20240522;100000;148.92;10;10427184528;S
20240522;100000;148.92;20;10427184529;S
20240522;100000;148.92;110;10427184530;S
20240522;100000;148.92;950;10427184724;S
20240522;100000;148.92;50;10427184725;S
20240522;100000;148.92;10;10427184726;S
20240522;100000;148.92;100;10427184727;S
20240522;100000;148.92;500;10427184728;S
20240522;100000;148.92;10;10427184729;S
20240522;100000;148.9;10;10427184730;S
20240522;100000;148.9;30;10427184731;S
20240522;100000;148.9;10;10427184732;S
20240522;100000;148.9;10;10427184733;S
20240522;100000;148.9;10;10427184734;S
20240522;100000;148.9;50;10427184735;S
20240522;100000;148.9;50;10427184736;S
20240522;100000;148.9;50;10427184737;S
20240522;100000;148.9;180;10427184738;S
20240522;100000;148.88;50;10427184759;B
20240522;100000;148.9;1180;10427184760;B
20240522;100000;148.9;1170;10427184761;B
20240522;100000;148.88;50;10427184766;B
20240522;100000;148.9;1150;10427184767;B
20240522;100001;148.88;10;10427184773;B
20240522;100001;148.88;40;10427184786;B
20240522;100001;148.9;560;10427184787;B
20240522;100001;148.82;120;10427184797;S
20240522;100001;148.82;800;10427184798;S
20240522;100001;148.8;10;10427184799;S
20240522;100001;148.8;20;10427184800;S
20240522;100001;148.8;100;10427184801;S
20240522;100001;148.8;10;10427184802;S
20240522;100001;148.8;100;10427184803;S
20240522;100001;148.8;50;10427184804;S
20240522;100001;148.8;50;10427184805;S
20240522;100001;148.8;290;10427184806;S
20240522;100001;148.8;50;10427184807;S
20240522;100001;148.82;1350;10427184864;S
20240522;100001;148.8;750;10427184865;S
20240522;100001;148.8;1200;10427185017;S
20240522;100001;148.8;500;10427185018;S
20240522;100001;148.8;20;10427185019;S
20240522;100001;148.8;10;10427185020;S
20240522;100001;148.8;190;10427185021;S
20240522;100001;148.8;30;10427185022;S
20240522;100001;148.8;10;10427185023;S
20240522;100001;148.78;190;10427185024;S
20240522;100001;148.76;30;10427185025;S
20240522;100001;148.76;30;10427185026;S
20240522;100001;148.76;10;10427185027;S
20240522;100001;148.76;50;10427185028;S
20240522;100001;148.74;50;10427185029;S
20240522;100001;148.72;50;10427185030;S
20240522;100001;148.7;10;10427185031;S
20240522;100001;148.7;10;10427185032;S
20240522;100001;148.7;50;10427185033;S
20240522;100001;148.68;50;10427185034;S
20240522;100001;148.68;120;10427185035;S
20240522;100001;148.66;50;10427185036;S
20240522;100001;148.66;1350;10427185037;S
20240522;100001;148.64;50;10427185038;S
20240522;100001;148.64;500;10427185039;S
20240522;100001;148.64;1680;10427185040;S
20240522;100001;148.62;1000;10427185041;S
20240522;100001;148.62;50;10427185042;S
20240522;100001;148.6;1710;10427185043;S
20240522;100001;148.62;50;10427185228;S
20240522;100001;148.62;1350;10427185229;S
20240522;100001;148.62;1680;10427185230;S
20240522;100001;148.6;1320;10427185231;S
20240522;100001;148.62;50;10427185242;S
20240522;100001;148.62;1350;10427185243;S
20240522;100001;148.6;1520;10427185244;S
20240522;100001;148.62;1350;10427185246;S
20240522;100001;148.6;450;10427185247;S
20240522;100001;148.6;10;10427185248;S
20240522;100001;148.6;30;10427185249;S
20240522;100001;148.6;20;10427185250;S
20240522;100001;148.6;10;10427185251;S
20240522;100001;148.6;10;10427185252;S
20240522;100001;148.56;180;10427185253;S
20240522;100001;148.54;10;10427185254;S
20240522;100001;148.54;10;10427185255;S
20240522;100001;148.54;30;10427185256;S
20240522;100001;148.54;190;10427185257;S
20240522;100001;148.54;10;10427185276;S
20240522;100001;148.54;1450;10427185277;S
20240522;100001;148.54;230;10427185278;S
20240522;100001;148.52;1000;10427185279;S
20240522;100001;148.52;30;10427185280;S
20240522;100001;148.52;10;10427185281;S
20240522;100001;148.52;10;10427185282;S
20240522;100001;148.52;180;10427185283;S
20240522;100001;148.5;10;10427185284;S
20240522;100001;148.5;500;10427185285;S
20240522;100001;148.5;30;10427185286;S
20240522;100001;148.5;10;10427185287;S
20240522;100001;148.5;600;10427185288;S
20240522;100001;148.5;10;10427185289;S
20240522;100001;148.5;10;10427185290;S
20240522;100001;148.5;10;10427185291;S
20240522;100001;148.5;30;10427185292;S
20240522;100001;148.5;10;10427185293;S
20240522;100001;148.5;50;10427185294;S
20240522;100001;148.5;20;10427185295;S
20240522;100001;148.5;10;10427185296;S
20240522;100001;148.5;10;10427185297;S
20240522;100001;148.5;50;10427185298;S
20240522;100001;148.5;100;10427185299;S
20240522;100001;148.52;100;10427185321;S
20240522;100001;148.52;720;10427185330;S
20240522;100001;148.84;10;10427185349;B
20240522;100002;148.84;10;10427185406;B
20240522;100002;148.54;50;10427185511;S
20240522;100002;148.52;110;10427185512;S
20240522;100002;148.8;10;10427185521;B
20240522;100002;148.52;1240;10427185536;S
20240522;100002;148.52;1370;10427185537;S
20240522;100002;148.5;50;10427185538;S
20240522;100002;148.5;10;10427185539;S
20240522;100002;148.5;500;10427185540;S
20240522;100002;148.5;200;10427185541;S
20240522;100002;148.5;630;10427185542;S
20240522;100002;148.5;100;10427185627;S
20240522;100002;148.8;40;10427185711;B
20240522;100002;148.8;50;10427185713;S
20240522;100002;148.56;50;10427185843;S
20240522;100002;148.56;10;10427185844;S
20240522;100002;148.54;120;10427185845;S
20240522;100002;148.54;50;10427185846;S
20240522;100002;148.54;50;10427185847;S
20240522;100002;148.52;50;10427185848;S
20240522;100002;148.52;1350;10427185849;S
20240522;100002;148.52;130;10427185850;S
20240522;100002;148.5;20;10427185851;S
20240522;100002;148.5;30;10427185852;S
20240522;100002;148.5;200;10427185853;S
20240522;100002;148.5;400;10427185854;S
20240522;100002;148.5;10;10427185855;S
20240522;100002;148.5;10;10427185856;S
20240522;100002;148.5;10;10427185857;S
20240522;100002;148.5;20;10427185858;S
20240522;100002;148.5;500;10427185859;S
20240522;100002;148.5;20;10427185860;S
20240522;100002;148.5;40;10427185861;S
20240522;100002;148.5;10;10427185862;S
20240522;100002;148.5;160;10427185863;S
20240522;100002;148.6;10;10427185902;S
20240522;100002;148.52;1350;10427185903;S
20240522;100002;148.5;440;10427185904;S
20240522;100002;148.5;20;10427185905;S
20240522;100002;148.5;50;10427185906;S
20240522;100002;148.5;130;10427185907;S
20240522;100002;148.48;20;10427185908;S
20240522;100002;148.48;30;10427185909;S
20240522;100002;148.48;100;10427185910;S
20240522;100002;148.46;10;10427185911;S
20240522;100002;148.46;10;10427185912;S
20240522;100002;148.46;20;10427185913;S
20240522;100002;148.44;10;10427185914;S
20240522;100002;148.44;100;10427185915;S
20240522;100002;148.44;10;10427185916;S
20240522;100002;148.44;30;10427185917;S
20240522;100002;148.44;10;10427185918;S
20240522;100002;148.44;1540;10427185919;S
20240522;100002;148.44;460;10427185920;S
20240522;100002;148.42;10;10427185921;S
20240522;100002;148.4;10;10427185922;S
20240522;100002;148.4;10;10427185923;S
20240522;100002;148.4;20;10427185924;S
20240522;100002;148.4;500;10427185925;S
20240522;100002;148.4;10;10427185926;S
20240522;100002;148.34;1100;10427185927;S
20240522;100002;148.34;240;10427185928;S
20240522;100002;148.34;150;10427185930;S
20240522;100002;148.34;400;10427185932;S
20240522;100002;148.34;130;10427185933;S
20240522;100002;148.32;100;10427185934;S
20240522;100002;148.32;50;10427185935;S
20240522;100002;148.3;10;10427185936;S
20240522;100002;148.3;30;10427185937;S
20240522;100002;148.3;70;10427185938;S
20240522;100002;148.3;120;10427185939;S
20240522;100002;148.3;1350;10427185940;S
20240522;100002;148.28;70;10427185941;S
20240522;100002;148.28;200;10427185942;S
20240522;100002;148.26;10;10427185943;S
20240522;100002;148.26;500;10427185944;S
20240522;100002;148.26;500;10427185945;S
20240522;100002;148.26;30;10427185946;S
20240522;100002;148.24;20;10427185947;S
20240522;100002;148.24;10;10427185948;S
20240522;100002;148.22;50;10427185949;S
20240522;100002;148.22;60;10427185950;S
20240522;100002;148.22;50;10427185951;S
20240522;100002;148.22;50;10427185952;S
20240522;100002;148.22;120;10427185953;S
20240522;100002;148.2;10;10427185954;S
20240522;100002;148.2;10;10427185955;S
20240522;100002;148.2;10;10427185956;S
20240522;100002;148.2;10;10427185957;S
20240522;100002;148.2;250;10427185958;S
20240522;100002;148.2;50;10427185959;S
20240522;100002;148.2;30;10427185960;S
20240522;100002;148.2;10;10427185961;S
20240522;100002;148.2;50;10427185962;S
20240522;100002;148.2;20;10427185963;S
20240522;100002;148.2;40;10427185964;S
20240522;100002;148.2;100;10427185965;S
20240522;100002;148.2;100;10427185966;S
20240522;100002;148.2;40;10427185967;S
20240522;100002;148.32;160;10427185968;S
20240522;100002;148.54;20;10427186156;S
20240522;100002;148.54;80;10427186157;S
20240522;100003;148.64;50;10427186246;B
20240522;100003;148.64;50;10427186247;B
20240522;100003;148.6;10;10427186353;S
20240522;100003;148.6;190;10427186401;S
20240522;100003;148.56;120;10427186402;S
20240522;100003;148.54;440;10427186403;S
20240522;100003;148.64;10;10427186495;B
20240522;100004;148.56;10;10427186765;S
20240522;100004;148.54;180;10427186766;S
20240522;100004;148.54;10;10427186767;S
20240522;100004;148.52;120;10427186768;S
20240522;100004;148.5;10;10427186769;S
20240522;100004;148.5;10;10427186770;S
20240522;100004;148.5;100;10427186771;S
20240522;100004;148.5;50;10427186772;S
20240522;100004;148.5;10;10427186773;S
20240522;100004;148.5;200;10427186774;S
20240522;100004;148.48;10;10427186775;S
20240522;100004;148.48;10;10427186776;S
20240522;100004;148.42;70;10427186777;S
20240522;100004;148.4;10;10427186778;S
20240522;100004;148.4;50;10427186779;S
20240522;100004;148.38;200;10427186780;S
20240522;100004;148.34;10;10427186781;S
20240522;100004;148.3;20;10427186782;S
20240522;100004;148.3;50;10427186783;S
20240522;100004;148.3;10;10427186784;S
20240522;100004;148.3;120;10427186785;S
20240522;100004;148.3;20;10427186786;S
20240522;100004;148.28;1350;10427186787;S
20240522;100004;148.26;320;10427186788;S
20240522;100004;148.64;10;10427186931;B
20240522;100004;148.26;670;10427187123;S
20240522;100004;148.64;10;10427187173;B
20240522;100004;148.26;1310;10427187858;S
20240522;100004;148.26;690;10427187859;S
20240522;100004;148.26;30;10427187861;S
20240522;100004;148.64;10;10427188043;B
20240522;100004;148.26;10;10427188047;S
20240522;100004;148.64;10;10427188160;B
20240522;100005;148.64;40;10427188748;B
20240522;100005;148.64;10;10427188769;B
20240522;100005;148.64;90;10427188770;B
20240522;100005;148.64;20;10427188950;B
20240522;100005;148.64;20;10427188954;B
20240522;100005;148.64;10;10427189234;B
20240522;100005;148.66;120;10427189235;B
20240522;100005;148.66;50;10427189236;B
20240522;100005;148.68;50;10427189237;B
20240522;100005;148.68;120;10427189238;B
20240522;100005;148.7;50;10427189239;B
20240522;100005;148.72;50;10427189240;B
20240522;100005;148.74;50;10427189241;B
20240522;100005;148.76;50;10427189242;B
20240522;100005;148.78;50;10427189243;B
20240522;100005;148.8;50;10427189244;B
20240522;100005;148.8;100;10427189245;B
20240522;100005;148.82;50;10427189246;B
20240522;100005;148.86;600;10427189247;B
20240522;100005;148.88;5260;10427189248;B
20240522;100005;148.56;10;10427189267;S
20240522;100005;148.74;10;10427189273;B
20240522;100006;148.48;30;10427189880;S
20240522;100006;148.74;40;10427190278;B
20240522;100006;148.74;120;10427190279;B
20240522;100006;148.76;40;10427190280;B
20240522;100006;148.76;50;10427190281;B
20240522;100006;148.78;50;10427190282;B
20240522;100006;148.8;50;10427190283;B
20240522;100006;148.82;50;10427190284;B
20240522;100006;148.82;40;10427190285;B
20240522;100006;148.84;50;10427190286;B
20240522;100006;148.86;50;10427190287;B
20240522;100006;148.86;460;10427190288;B
20240522;100006;148.86;10;10427190289;B
20240522;100006;148.48;20;10427190396;S
20240522;100006;148.46;10;10427190397;S
20240522;100006;148.46;50;10427190398;S
20240522;100006;148.44;50;10427190399;S
20240522;100006;148.42;50;10427190400;S
20240522;100006;148.4;50;10427190401;S
20240522;100006;148.38;50;10427190402;S
20240522;100006;148.36;50;10427190403;S
20240522;100006;148.34;50;10427190404;S
20240522;100006;148.32;50;10427190405;S
20240522;100006;148.3;50;10427190406;S
20240522;100006;148.3;120;10427190407;S
20240522;100006;148.28;230;10427190408;S
20240522;100006;148.72;20;10427190457;B
20240522;100006;148.72;10;10427190729;B
20240522;100006;148.72;20;10427190730;B
20240522;100006;148.72;50;10427190731;B
20240522;100006;148.7;10;10427190951;B
20240522;100006;148.34;50;10427190952;S
20240522;100006;148.34;350;10427190953;S
20240522;100006;148.7;40;10427191039;B
20240522;100006;148.72;20;10427191040;B
20240522;100007;148.7;20;10427191302;B
20240522;100007;148.66;10;10427191304;S
20240522;100007;148.36;50;10427191309;S
20240522;100007;148.34;330;10427191310;S
20240522;100007;148.34;50;10427191311;S
20240522;100007;148.32;600;10427191312;S
20240522;100007;148.32;50;10427191313;S
20240522;100007;148.3;50;10427191314;S
20240522;100007;148.28;50;10427191315;S
20240522;100007;148.26;120;10427191316;S
20240522;100007;148.7;10;10427191382;B
20240522;100007;148.66;20;10427191703;S
20240522;100007;148.6;50;10427191704;S
20240522;100007;148.58;50;10427191705;S
20240522;100007;148.56;50;10427191706;S
20240522;100007;148.54;30;10427191707;S
20240522;100007;148.52;50;10427191835;S
20240522;100007;148.5;340;10427191836;S
20240522;100007;148.5;10;10427192118;S
20240522;100008;148.72;50;10427192470;B
20240522;100008;148.72;50;10427192471;B
20240522;100008;148.74;50;10427192472;B
20240522;100008;148.76;50;10427192473;B
20240522;100008;148.78;50;10427192474;B
20240522;100008;148.8;50;10427192475;B
20240522;100008;148.82;50;10427192476;B
20240522;100008;148.84;50;10427192477;B
20240522;100008;148.86;50;10427192478;B
20240522;100008;148.86;170;10427192479;B
20240522;100009;148.54;50;10427192700;S
20240522;100009;148.52;90;10427192701;S
20240522;100010;148.84;10;10427192938;B
20240522;100011;148.84;10;10427192993;B
20240522;100011;148.84;30;10427192999;B
20240522;100011;148.84;60;10427193000;B
20240522;100011;148.54;50;10427193240;S
20240522;100011;148.52;10;10427193241;S
20240522;100011;148.52;40;10427193242;S
20240522;100011;148.82;30;10427193260;B
20240522;100011;148.82;10;10427193274;B
20240522;100011;148.82;10;10427193332;B
20240522;100011;148.84;60;10427193333;B
20240522;100011;148.84;50;10427193334;B
20240522;100011;148.86;160;10427193335;B
20240522;100011;148.86;50;10427193336;B
20240522;100011;148.88;10;10427193337;B
20240522;100013;148.7;20;10427193657;B
20240522;100013;148.54;50;10427193694;S
20240522;100013;148.52;10;10427193695;S
20240522;100013;148.52;10;10427193696;S
20240522;100013;148.52;120;10427193697;S
20240522;100013;148.5;2330;10427193698;S
20240522;100013;148.5;50;10427193699;S
20240522;100013;148.5;10;10427193700;S
20240522;100013;148.5;800;10427193701;S
20240522;100013;148.48;50;10427193702;S
20240522;100013;148.48;100;10427193703;S
20240522;100013;148.46;50;10427193704;S
20240522;100013;148.46;10;10427193705;S
20240522;100013;148.44;50;10427193706;S
20240522;100013;148.42;50;10427193707;S
20240522;100013;148.4;50;10427193708;S
20240522;100013;148.38;50;10427193709;S
20240522;100013;148.36;50;10427193710;S
20240522;100013;148.24;100;10427193711;S
20240522;100013;148.24;60;10427193712;S
20240522;100014;148.64;50;10427193985;B
20240522;100014;148.66;50;10427193986;B
20240522;100014;148.66;120;10427193987;B
20240522;100014;148.68;50;10427193988;B
20240522;100014;148.7;50;10427193989;B
20240522;100014;148.7;6390;10427193990;S
20240522;100014;148.7;50;10427193992;S
20240522;100015;148.38;10;10427194236;S
20240522;100016;148.38;40;10427194445;S
20240522;100016;148.36;10;10427194446;S
20240522;100016;148.36;50;10427194447;S
20240522;100016;148.34;50;10427194448;S
20240522;100016;148.32;50;10427194449;S
20240522;100016;148.3;50;10427194450;S
20240522;100016;148.28;50;10427194451;S
20240522;100016;148.26;50;10427194452;S
20240522;100016;148.26;120;10427194453;S
20240522;100016;148.26;10;10427194454;S
20240522;100016;148.26;10;10427194455;S
20240522;100016;148.24;50;10427194456;S
20240522;100016;148.24;220;10427194457;S
20240522;100016;148.62;10;10427194603;B
20240522;100017;148.32;10;10427194768;S
20240522;100017;148.24;990;10427194769;S
20240522;100018;148.26;10;10427195085;S
20240522;100018;148.24;540;10427195086;S
20240522;100019;148.24;100;10427195398;S
20240522;100019;148.24;500;10427195399;S
20240522;100019;148.22;100;10427195400;S
20240522;100019;148.22;10;10427195401;S
20240522;100019;148.22;50;10427195402;S
20240522;100019;148.22;100;10427195403;S
20240522;100019;148.2;10;10427195404;S
20240522;100019;148.2;10;10427195405;S
20240522;100019;148.2;120;10427195406;S
20240522;100021;148.38;10;10427196063;B
20240522;100022;148.24;60;10427196199;S
20240522;100022;148.2;120;10427196200;S
20240522;100022;148.18;10;10427196201;S
20240522;100022;148.18;750;10427196202;S
20240522;100022;148.4;10;10427196207;B
20240522;100025;148.38;20;10427196756;S
20240522;100025;148.3;2990;10427196818;S
20240522;100025;148.28;20;10427196819;S
20240522;100025;148.2;10000;10427196848;S
20240522;100025;148.24;10;10427196944;B
20240522;100027;148.24;110;10427197332;B
20240522;100028;148.28;400;10427197649;S
20240522;100028;148.3;20;10427197663;B
20240522;100028;148.28;140;10427197677;S
20240522;100028;148.3;10;10427197712;S
20240522;100028;148.28;190;10427197713;S
20240522;100028;148.32;20;10427197824;B
20240522;100030;148.32;30;10427198119;B
20240522;100030;148.34;120;10427198120;B
20240522;100030;148.34;850;10427198121;B
20240522;100030;148.28;160;10427198204;S
20240522;100030;148.28;150;10427198205;S
20240522;100030;148.28;40;10427198294;S
20240522;100030;148.3;10;10427198325;B
20240522;100030;148.28;10;10427198361;S
20240522;100031;148.28;60;10427198385;S
20240522;100031;148.26;440;10427198386;S
20240522;100031;148.26;1000;10427198456;S
20240522;100031;148.3;40;10427198510;B
20240522;100031;148.32;20;10427198511;B
20240522;100032;148.3;80;10427198654;B
20240522;100033;148.26;470;10427198746;S
20240522;100033;148.26;390;10427198756;S
20240522;100033;148.24;80;10427198757;S
20240522;100033;148.24;220;10427198783;S
20240522;100033;148.24;10;10427198784;S
20240522;100033;148.24;920;10427198850;S
20240522;100033;148.24;690;10427198860;S
20240522;100033;148.26;20;10427198889;B
20240522;100033;148.28;50;10427199039;B
20240522;100034;148.28;100;10427199078;B
20240522;100034;148.24;10;10427199082;S
20240522;100034;148.24;770;10427199129;S
20240522;100034;148.22;500;10427199130;S
20240522;100034;148.22;20;10427199131;S
20240522;100034;148.22;710;10427199132;S
20240522;100034;148.24;100;10427199239;B
20240522;100035;148.22;50;10427199464;S
20240522;100036;148.24;100;10427199566;S
20240522;100036;148.24;50;10427199602;B
20240522;100036;148.24;350;10427199617;B
20240522;100036;148.28;120;10427199618;B
20240522;100036;148.28;530;10427199619;B
20240522;100036;148.22;320;10427199663;S
20240522;100037;148.28;670;10427199781;B
20240522;100037;148.28;320;10427199782;B
20240522;100037;148.22;50;10427199806;S
20240522;100037;148.28;10;10427199881;B
20240522;100038;148.28;100;10427199948;B
20240522;100038;148.3;50;10427199949;B
20240522;100039;148.32;100;10427200183;B
20240522;100039;148.32;2000;10427200224;B
20240522;100041;148.34;200;10427200852;B
20240522;100041;148.34;800;10427200882;B
20240522;100041;148.34;50;10427200883;B
20240522;100041;148.36;50;10427200884;B
20240522;100041;148.36;10;10427200885;B
20240522;100041;148.36;590;10427200886;B
20240522;100041;148.4;50;10427200939;B
20240522;100041;148.4;1110;10427200940;B
20240522;100041;148.4;800;10427200941;B
20240522;100041;148.42;1000;10427200942;B
20240522;100041;148.42;50;10427200943;B
20240522;100041;148.42;6990;10427200944;B
20240522;100042;148.46;50;10427201004;B
20240522;100042;148.48;610;10427201005;B
20240522;100042;148.48;50;10427201111;B
20240522;100042;148.5;50;10427201112;B
20240522;100044;148.54;20;10427201565;B
20240522;100045;148.54;50;10427201629;B
20240522;100045;148.56;50;10427201630;B
20240522;100045;148.56;20;10427201723;B
20240522;100045;148.56;100;10427201742;B
20240522;100045;148.54;120;10427201755;S
20240522;100045;148.56;10;10427201767;B
20240522;100046;148.56;100;10427201785;B
20240522;100047;148.6;10;10427202067;B
20240522;100047;148.58;10;10427202105;S
20240522;100048;148.62;10;10427202248;B
20240522;100049;148.62;10;10427202421;B
20240522;100049;148.58;700;10427202466;S
20240522;100049;148.6;50;10427202489;B
20240522;100049;148.6;50;10427202490;S
20240522;100049;148.6;50;10427202491;S
20240522;100049;148.6;50;10427202492;S
20240522;100049;148.6;50;10427202494;S
20240522;100049;148.6;50;10427202496;S
20240522;100049;148.6;50;10427202502;S
20240522;100050;148.6;3000;10427202519;B
20240522;100050;148.62;60;10427202526;B
20240522;100050;148.64;10000;10427202527;B
20240522;100050;148.64;50;10427202528;B
20240522;100050;148.66;120;10427202529;B
20240522;100050;148.66;50;10427202530;B
20240522;100050;148.68;50;10427202531;B
20240522;100050;148.7;50;10427202532;B
20240522;100050;148.7;610;10427202533;B
20240522;100050;148.72;10;10427202534;B
20240522;100050;148.66;10;10427202588;S
20240522;100050;148.74;50;10427202607;B
20240522;100050;148.74;10;10427202625;B
20240522;100051;148.68;50;10427202726;S
20240522;100051;148.66;320;10427202727;S
20240522;100051;148.66;50;10427202728;S
20240522;100051;148.64;50;10427202729;S
20240522;100051;148.64;610;10427202730;S
20240522;100051;148.64;120;10427202731;S
20240522;100051;148.62;50;10427202732;S
20240522;100051;148.62;2000;10427202733;S
20240522;100051;148.6;50;10427202734;S
20240522;100051;148.58;120;10427202735;S
20240522;100051;148.58;180;10427202736;S
20240522;100051;148.58;50;10427202737;S
20240522;100051;148.58;10;10427202738;S
20240522;100051;148.58;100;10427202739;S
20240522;100051;148.56;50;10427202740;S
20240522;100051;148.56;800;10427202741;S
20240522;100051;148.54;7390;10427202742;S
20240522;100051;148.6;50;10427202771;B
20240522;100051;148.58;50;10427202839;S
20240522;100051;148.56;70;10427202840;S
20240522;100053;148.62;100;10427203300;B
20240522;100053;148.62;50;10427203301;B
20240522;100053;148.64;50;10427203302;B
20240522;100053;148.64;70;10427203303;B
20240522;100053;148.66;50;10427203304;B
20240522;100053;148.66;170;10427203305;B
20240522;100054;148.66;50;10427203391;B
20240522;100054;148.68;70;10427203392;B
20240522;100054;148.68;50;10427203393;B
20240522;100054;148.7;50;10427203394;B
20240522;100054;148.72;50;10427203395;B
20240522;100054;148.72;100;10427203396;B
20240522;100054;148.74;40;10427203443;B
20240522;100054;148.76;50;10427203444;B
20240522;100054;148.76;50;10427203445;B
20240522;100054;148.78;50;10427203446;B
20240522;100054;148.78;610;10427203447;B
20240522;100054;148.8;50;10427203448;B
20240522;100054;148.8;6000;10427203449;B
20240522;100054;148.8;800;10427203450;B
20240522;100054;148.82;50;10427203451;B
20240522;100054;148.82;2300;10427203452;B
20240522;100055;148.8;320;10427203630;S
20240522;100056;148.74;50;10427203828;S
20240522;100056;148.74;610;10427203829;S
20240522;100056;148.72;50;10427203830;S
20240522;100056;148.7;50;10427203831;S
20240522;100056;148.68;50;10427203832;S
20240522;100056;148.68;120;10427203833;S
20240522;100056;148.66;50;10427203834;S
20240522;100056;148.66;800;10427203835;S
20240522;100059;148.74;10;10427204269;B
20240522;100059;148.72;10;10427204353;S
20240522;100059;148.8;50;10427204511;B
20240522;100100;148.72;40;10427204543;S
20240522;100100;148.72;60;10427204544;S
20240522;100100;148.8;100;10427204779;B
20240522;100101;148.74;10;10427204851;S
20240522;100101;148.74;50;10427204852;S
20240522;100101;148.72;30;10427204853;S
20240522;100101;148.72;50;10427204854;S
20240522;100101;148.72;330;10427204855;S
20240522;100101;148.7;2060;10427204856;S
20240522;100101;148.8;100;10427205038;B
20240522;100101;148.8;10;10427205058;B
20240522;100102;148.8;60;10427205077;B
20240522;100102;148.8;10;10427205177;B
20240522;100103;148.8;10;10427205242;B
20240522;100103;148.8;10;10427205317;B
20240522;100104;148.8;10;10427205345;B
20240522;100104;148.78;10;10427205489;S
20240522;100104;148.78;50;10427205490;S
20240522;100104;148.76;50;10427205491;S
20240522;100104;148.76;50;10427205492;S
20240522;100104;148.74;40;10427205493;S
20240522;100104;148.74;50;10427205495;S
20240522;100105;148.8;80;10427205569;B
20240522;100108;148.8;10;10427206494;B
20240522;100108;148.8;90;10427206495;B
20240522;100109;148.8;20;10427206621;B
20240522;100110;148.8;50;10427206848;B
20240522;100114;148.8;20;10427207417;B
20240522;100114;148.8;100;10427207456;B
20240522;100115;148.8;30;10427207599;B
20240522;100116;148.8;40;10427207854;B
20240522;100116;148.8;10;10427207855;B
20240522;100118;148.8;240;10427208151;B
20240522;100118;148.8;300;10427208152;B
20240522;100118;148.8;100;10427208153;B
20240522;100118;148.8;360;10427208154;B
20240522;100118;148.8;30;10427208161;B
20240522;100119;148.8;2940;10427208325;B
20240522;100119;148.8;200;10427208326;B
20240522;100119;148.82;10;10427208327;B
20240522;100119;148.82;20;10427208328;B
20240522;100119;148.82;310;10427208329;B
20240522;100120;148.84;10;10427208720;B
20240522;100121;148.82;10;10427208808;S
20240522;100122;148.84;90;10427208911;B
20240522;100122;148.84;30;10427209111;S
20240522;100123;148.86;100;10427209255;B
20240522;100123;148.86;220;10427209256;B
20240522;100123;148.88;180;10427209257;B
20240522;100123;148.9;210;10427209284;B
20240522;100124;148.9;110;10427209556;B
20240522;100124;148.9;420;10427209557;B
20240522;100126;148.9;10;10427209878;B
20240522;100128;148.9;100;10427210275;B
20240522;100130;148.9;50;10427210810;B
20240522;100131;148.9;40;10427210994;B
20240522;100131;148.9;60;10427211012;B
20240522;100131;148.9;90;10427211052;B
20240522;100132;148.9;40;10427211060;B
20240522;100133;148.9;2390;10427211325;B
20240522;100133;148.9;2460;10427211326;B
20240522;100135;148.88;200;10427211541;S
20240522;100135;148.88;100;10427211542;S
20240522;100135;148.88;400;10427211543;S
20240522;100135;148.86;40;10427211581;S
20240522;100135;148.86;320;10427211582;S
20240522;100135;148.84;80;10427211583;S
20240522;100135;148.84;10;10427211584;S
20240522;100135;148.84;550;10427211585;S
20240522;100136;148.84;30;10427211705;S
20240522;100136;148.9;50;10427211714;B
20240522;100136;148.9;70;10427211717;B
20240522;100136;148.9;20;10427211719;B
20240522;100136;148.84;30;10427211751;S
20240522;100140;148.88;10;10427212367;B
20240522;100140;148.9;10;10427212368;B
20240522;100140;148.9;70;10427212587;B
20240522;100142;148.9;520;10427212798;B
20240522;100142;148.9;480;10427212799;B
20240522;100142;148.88;10;10427212860;B
20240522;100144;148.88;40;10427213123;S
20240522;100144;148.84;40;10427213124;S
20240522;100144;148.84;120;10427213125;S
20240522;100145;148.9;390;10427213258;B
20240522;100145;148.9;10;10427213259;B
20240522;100145;148.9;50;10427213260;B
20240522;100145;148.92;400;10427213283;B
20240522;100146;148.92;30;10427213513;B
20240522;100149;148.92;330;10427214035;B
20240522;100149;148.92;170;10427214036;B
20240522;100150;148.9;50;10427214298;S
20240522;100150;148.9;50;10427214333;S
20240522;100151;148.9;2130;10427214487;S
20240522;100151;148.9;50;10427214488;S
20240522;100151;148.9;320;10427214489;S
20240522;100151;148.9;2000;10427214490;S
20240522;100151;148.9;200;10427214491;S
20240522;100153;148.86;50;10427214829;B
20240522;100153;148.86;310;10427214830;B
20240522;100153;148.88;50;10427214831;B
20240522;100153;148.88;90;10427214832;B
20240522;100155;148.84;10;10427215123;S
20240522;100155;148.84;30;10427215124;S
20240522;100155;148.82;120;10427215138;S
20240522;100155;148.8;10;10427215139;S
20240522;100155;148.8;20;10427215140;S
20240522;100155;148.8;40;10427215141;S
20240522;100155;148.8;10;10427215142;S
20240522;100155;148.8;50;10427215143;S
20240522;100155;148.8;30;10427215144;S
20240522;100157;148.78;20;10427215510;S
20240522;100157;148.76;20;10427215511;S
20240522;100157;148.76;360;10427215512;S
20240522;100158;148.8;10;10427215639;B
20240522;100158;148.8;10;10427215658;B
20240522;100158;148.8;30;10427215704;B
20240522;100200;148.76;10;10427215989;S
20240522;100200;148.76;20;10427216038;S
20240522;100200;148.76;100;10427216041;S
20240522;100200;148.76;430;10427216068;S
20240522;100201;148.76;50;10427216171;S
20240522;100201;148.78;10;10427216220;B
20240522;100201;148.78;50;10427216253;B
20240522;100202;148.78;160;10427216468;B
20240522;100202;148.78;100;10427216486;B
20240522;100203;148.8;10;10427216664;B
20240522;100204;148.78;10;10427216772;S
20240522;100205;148.78;40;10427216830;S
20240522;100205;148.78;310;10427216831;S
20240522;100205;148.78;10;10427216832;S
20240522;100205;148.78;100;10427216833;S
20240522;100205;148.76;2410;10427216834;S
20240522;100206;148.8;10;10427217002;B
20240522;100206;148.8;30;10427217073;B
20240522;100207;148.78;50;10427217225;S
20240522;100208;148.8;220;10427217281;B
20240522;100208;148.8;80;10427217282;B
20240522;100208;148.8;210;10427217295;B
20240522;100209;148.8;30;10427217500;B
20240522;100209;148.82;40;10427217501;B
20240522;100210;148.8;50;10427217715;S
20240522;100212;148.82;10;10427218036;B
20240522;100213;148.82;10;10427218149;B
20240522;100213;148.82;50;10427218150;B
20240522;100213;148.84;100;10427218151;B
20240522;100213;148.84;60;10427218152;B
20240522;100213;148.8;240;10427218187;S
20240522;100214;148.82;100;10427218226;S
20240522;100214;148.82;30;10427218252;B
20240522;100214;148.82;20;10427218284;B
20240522;100218;148.8;100;10427218798;S
20240522;100218;148.82;10;10427218934;B
20240522;100218;148.82;40;10427218937;B
20240522;100218;148.82;310;10427218938;B
20240522;100218;148.84;600;10427218939;B
20240522;100218;148.84;50;10427218940;B
20240522;100218;148.84;10;10427218941;B
20240522;100218;148.84;490;10427218942;B
20240522;100218;148.8;50;10427218943;S
20240522;100219;148.84;500;10427219090;B
20240522;100219;148.84;100;10427219095;B
20240522;100219;148.8;560;10427219239;S
20240522;100219;148.8;20;10427219240;S
20240522;100219;148.8;10;10427219241;S
20240522;100219;148.8;10;10427219242;S
20240522;100219;148.78;1000;10427219243;S
20240522;100219;148.78;1450;10427219244;S
20240522;100219;148.78;610;10427219245;S
20240522;100219;148.78;100;10427219246;S
20240522;100219;148.76;7620;10427219247;S
20240522;100219;148.76;500;10427219248;S
20240522;100219;148.76;10;10427219249;S
20240522;100219;148.76;6720;10427219250;S
20240522;100219;148.76;120;10427219251;S
20240522;100219;148.76;10;10427219252;S
20240522;100219;148.76;50;10427219253;S
20240522;100219;148.74;1910;10427219254;S
20240522;100219;148.74;700;10427219255;S
20240522;100221;148.74;50;10427219482;B
20240522;100221;148.74;60;10427219483;B
20240522;100221;148.7;940;10427219484;S
20240522;100221;148.7;90;10427219485;S
20240522;100221;148.66;10;10427219486;S
20240522;100221;148.64;30;10427219504;S
20240522;100221;148.6;10;10427219505;S
20240522;100221;148.6;60;10427219506;S
20240522;100221;148.64;10;10427219612;B
20240522;100221;148.64;30;10427219637;B
20240522;100221;148.64;10;10427219654;B
20240522;100221;148.64;310;10427219655;B
20240522;100221;148.66;50;10427219656;B
20240522;100221;148.66;120;10427219657;B
20240522;100221;148.66;510;10427219658;B
20240522;100222;148.6;20;10427219718;S
20240522;100222;148.6;50;10427219719;S
20240522;100222;148.6;10;10427219720;S
20240522;100222;148.58;1920;10427219721;S
20240522;100222;148.58;70;10427219828;S
20240522;100223;148.64;20;10427219858;B
20240522;100223;148.64;10;10427219923;B
20240522;100223;148.64;10;10427219960;B
20240522;100224;148.6;50;10427220172;B
20240522;100224;148.62;300;10427220173;B
20240522;100224;148.62;50;10427220174;B
20240522;100224;148.64;10;10427220175;B
20240522;100224;148.64;80;10427220176;B
20240522;100224;148.64;210;10427220177;B
20240522;100227;148.62;10;10427220581;B
20240522;100228;148.62;10;10427220674;B
20240522;100228;148.62;10;10427220678;B
20240522;100230;148.6;10;10427221146;S
20240522;100230;148.62;10;10427221243;B
20240522;100231;148.62;10;10427221299;B
20240522;100231;148.62;70;10427221300;B
20240522;100231;148.62;300;10427221301;B
20240522;100231;148.64;700;10427221302;B
20240522;100231;148.64;50;10427221303;B
20240522;100231;148.64;500;10427221332;S
20240522;100232;148.7;10;10427221495;B
20240522;100232;148.72;50;10427221496;B
20240522;100232;148.74;50;10427221497;B
20240522;100232;148.74;2390;10427221498;B
20240522;100233;148.74;10;10427221538;B
20240522;100235;148.64;120;10427222156;S
20240522;100235;148.64;120;10427222247;S
20240522;100235;148.6;490;10427222260;S
20240522;100235;148.66;50;10427222326;B
20240522;100235;148.66;120;10427222327;B
20240522;100235;148.66;10;10427222377;S
20240522;100236;148.66;150;10427222510;S
20240522;100237;148.66;170;10427222673;S
20240522;100237;148.64;500;10427222674;S
20240522;100237;148.62;300;10427222675;S
20240522;100237;148.6;10;10427222676;S
20240522;100237;148.6;100;10427222677;S
20240522;100237;148.58;1000;10427222678;S
20240522;100237;148.58;120;10427222679;S
20240522;100237;148.58;50;10427222680;S
20240522;100237;148.56;100;10427222681;S
20240522;100237;148.56;30;10427222682;S
20240522;100237;148.56;50;10427222683;S
20240522;100237;148.56;1900;10427222684;S
20240522;100237;148.56;3470;10427222685;S
20240522;100237;148.54;40;10427222787;S
20240522;100238;148.54;2500;10427222901;S
20240522;100240;148.56;10;10427223261;B
20240522;100240;148.58;20;10427223262;B
20240522;100240;148.54;200;10427223280;S
20240522;100240;148.6;10;10427223295;B
20240522;100241;148.54;2500;10427223305;S
20240522;100241;148.6;10;10427223318;B
20240522;100241;148.58;10;10427223451;B
20240522;100243;148.6;40;10427223714;B
20240522;100243;148.54;10;10427223735;S
20240522;100243;148.6;10;10427223740;B
20240522;100244;148.54;1000;10427223872;S
20240522;100245;148.54;10;10427224142;S
20240522;100246;148.54;400;10427224210;S
20240522;100247;148.54;170;10427224428;S
20240522;100247;148.54;3000;10427224438;S
20240522;100248;148.56;10;10427224543;B
20240522;100249;148.54;4780;10427224666;S
20240522;100249;148.54;20;10427224667;S
20240522;100249;148.54;20;10427224668;S
20240522;100249;148.54;10;10427224669;S
20240522;100249;148.54;10;10427224670;S
20240522;100249;148.54;10;10427224671;S
20240522;100249;148.54;60;10427224672;S
20240522;100249;148.54;910;10427224673;S
20240522;100249;148.52;10;10427224674;S
20240522;100249;148.52;10;10427224675;S
20240522;100249;148.52;320;10427224676;S
20240522;100249;148.5;10;10427224677;S
20240522;100249;148.5;20;10427224678;S
20240522;100249;148.5;50;10427224679;S
20240522;100249;148.5;10000;10427224680;S
20240522;100249;148.5;8100;10427224681;S
20240522;100249;148.5;120;10427224682;S
20240522;100249;148.5;100;10427224683;S
20240522;100249;148.48;50;10427224684;S
20240522;100249;148.46;50;10427224685;S
20240522;100249;148.46;610;10427224686;S
20240522;100249;148.44;10;10427224687;S
20240522;100249;148.44;10;10427224688;S
20240522;100249;148.44;50;10427224689;S
20240522;100249;148.42;50;10427224690;S
20240522;100249;148.4;20;10427224691;S
20240522;100249;148.4;10;10427224692;S
20240522;100249;148.4;10;10427224693;S
20240522;100249;148.4;1220;10427224694;S
20240522;100249;148.4;8780;10427224695;S
20240522;100249;148.4;50;10427224696;S
20240522;100249;148.34;830;10427224702;S
20240522;100249;148.34;10;10427224703;S
20240522;100249;148.32;330;10427224830;B
20240522;100249;148.32;610;10427224831;B
20240522;100249;148.32;50;10427224832;B
20240522;100249;148.34;50;10427224837;B
20240522;100249;148.34;100;10427224838;B
20240522;100249;148.3;10;10427224846;S
20240522;100249;148.3;580;10427224847;S
20240522;100249;148.3;70;10427224874;S
20240522;100249;148.3;210;10427224878;S
20240522;100250;148.3;240;10427224955;S
20240522;100250;148.26;1870;10427224956;S
20240522;100250;148.26;10;10427224966;S
20240522;100250;148.32;20;10427225071;B
20240522;100251;148.26;30;10427225248;S
20240522;100252;148.32;10;10427225264;B
20240522;100252;148.32;20;10427225311;B
20240522;100252;148.32;560;10427225316;B
20240522;100252;148.32;50;10427225317;B
20240522;100252;148.32;120;10427225318;B
20240522;100252;148.32;10;10427225319;B
20240522;100252;148.32;260;10427225320;B
20240522;100252;148.28;50;10427225324;S
20240522;100253;148.34;120;10427225525;B
20240522;100253;148.34;880;10427225526;S
20240522;100254;148.32;10;10427225537;S
20240522;100254;148.36;50;10427225569;B
20240522;100254;148.4;50;10427225574;B
20240522;100254;148.4;10;10427225575;B
20240522;100254;148.4;50;10427225576;S
20240522;100254;148.4;50;10427225577;B
20240522;100254;148.4;50;10427225611;B
20240522;100254;148.4;50;10427225612;B
20240522;100254;148.4;50;10427225613;B
20240522;100254;148.4;50;10427225621;B
20240522;100254;148.4;50;10427225622;B
20240522;100254;148.4;50;10427225624;B
20240522;100254;148.4;50;10427225631;B
20240522;100254;148.4;50;10427225657;B
20240522;100254;148.4;7360;10427225658;B
20240522;100257;148.36;10;10427225974;B
20240522;100257;148.36;10;10427225975;B
20240522;100258;148.36;10;10427226072;B
20240522;100258;148.38;30;10427226173;B
20240522;100258;148.38;10;10427226199;B
20240522;100300;148.4;10;10427226472;B
20240522;100300;148.4;10;10427226560;B
20240522;100302;148.4;3150;10427226842;B
20240522;100302;148.4;1030;10427226909;B
20240522;100302;148.4;50;10427226961;B
20240522;100303;148.4;90;10427227088;B
20240522;100303;148.4;10;10427227104;B
20240522;100304;148.4;1090;10427227199;B
20240522;100305;148.4;10;10427227261;B
20240522;100305;148.4;40;10427227420;B
20240522;100306;148.38;10;10427227517;S
20240522;100306;148.38;380;10427227518;S
20240522;100306;148.36;10;10427227519;S
20240522;100306;148.36;10;10427227520;S
20240522;100306;148.36;1400;10427227521;S
20240522;100306;148.34;120;10427227522;S
20240522;100306;148.34;1180;10427227523;S
20240522;100306;148.34;1150;10427227524;S
20240522;100306;148.34;610;10427227525;S
20240522;100306;148.32;1970;10427227526;S
20240522;100306;148.32;1290;10427227527;S
20240522;100306;148.32;400;10427227528;S
20240522;100306;148.3;1300;10427227529;S
20240522;100306;148.3;100;10427227530;S
20240522;100306;148.3;50;10427227531;S
20240522;100306;148.3;1380;10427227532;S
20240522;100306;148.3;20;10427227533;S
20240522;100306;148.3;2000;10427227534;S
20240522;100306;148.28;50;10427227535;S
20240522;100306;148.26;2080;10427227536;S
20240522;100306;148.26;10;10427227537;S
20240522;100306;148.26;40;10427227538;S
20240522;100306;148.26;50;10427227539;S
20240522;100306;148.26;100;10427227540;S
20240522;100306;148.24;50;10427227541;S
20240522;100306;148.24;200;10427227542;S
20240522;100306;148.24;10;10427227543;S
20240522;100306;148.24;10;10427227544;S
20240522;100306;148.24;100;10427227545;S
20240522;100306;148.24;50;10427227546;S
20240522;100306;148.22;3870;10427227547;S
20240522;100306;148.22;1700;10427227548;S
20240522;100306;148.22;100;10427227549;S
20240522;100306;148.22;100;10427227550;S
20240522;100306;148.22;10;10427227551;S
20240522;100306;148.22;10;10427227552;S
20240522;100306;148.22;1000;10427227553;S
20240522;100306;148.22;50;10427227554;S
20240522;100306;148.22;220;10427227555;S
20240522;100306;148.2;100;10427227556;S
20240522;100306;148.2;20;10427227557;S
20240522;100306;148.2;20;10427227558;S
20240522;100306;148.2;10;10427227559;S
20240522;100306;148.2;10;10427227560;S
20240522;100306;148.2;50;10427227561;S
20240522;100306;148.2;10;10427227562;S
20240522;100306;148.2;10;10427227563;S
20240522;100306;148.2;10;10427227564;S
20240522;100306;148.2;50;10427227565;S
20240522;100306;148.2;10;10427227566;S
20240522;100306;148.2;10;10427227567;S
20240522;100306;148.2;50;10427227568;S
20240522;100306;148.2;50;10427227569;S
20240522;100306;148.2;2500;10427227570;S
20240522;100306;148.2;240;10427227571;S
20240522;100306;148.18;73660;10427227572;S
20240522;100306;148.3;50;10427227616;B
20240522;100306;148.3;120;10427227617;B
20240522;100306;148.3;610;10427227618;B
20240522;100306;148.32;50;10427227619;B
20240522;100306;148.34;50;10427227620;B
20240522;100306;148.36;1880;10427227621;B
20240522;100306;148.34;50;10427227622;B
20240522;100306;148.34;50;10427227623;B
20240522;100307;148.22;50;10427227825;S
20240522;100307;148.2;120;10427227826;S
20240522;100307;148.2;30;10427227827;S
20240522;100307;148.22;50;10427227831;S
20240522;100307;148.2;20;10427227832;S
20240522;100307;148.22;50;10427227847;S
20240522;100307;148.2;150;10427227848;S
20240522;100308;148.2;10;10427227896;S
20240522;100308;148.2;120;10427227897;S
20240522;100308;148.18;70;10427227898;S
20240522;100308;148.18;200;10427227899;S
20240522;100308;148.18;200;10427227942;S
20240522;100308;148.18;500;10427227961;S
20240522;100308;148.18;200;10427227962;S
20240522;100308;148.18;250;10427227964;S
20240522;100308;148.18;200;10427227971;S
20240522;100308;148.18;200;10427228013;S
20240522;100308;148.18;200;10427228035;S
20240522;100308;148.18;200;10427228059;S
20240522;100308;148.18;20;10427228062;S
20240522;100309;148.2;1000;10427228074;B
20240522;100309;148.2;50;10427228075;B
20240522;100309;148.2;10;10427228076;B
20240522;100309;148.22;80;10427228081;B
20240522;100309;148.18;1000;10427228094;S
20240522;100309;148.18;4000;10427228120;S
20240522;100309;148.18;20;10427228125;S
20240522;100309;148.18;1000;10427228144;S
20240522;100309;148.22;920;10427228156;B
20240522;100309;148.18;4000;10427228162;S
20240522;100309;148.26;50;10427228164;B
20240522;100309;148.26;120;10427228165;B
20240522;100309;148.26;50;10427228166;S
20240522;100309;148.26;120;10427228167;S
20240522;100309;148.26;40;10427228191;B
20240522;100309;148.26;10;10427228211;B
20240522;100309;148.28;10;10427228217;B
20240522;100309;148.28;1000;10427228218;B
20240522;100310;148.24;500;10427228280;B
20240522;100310;148.26;240;10427228446;B
20240522;100310;148.3;100;10427228454;B
20240522;100310;148.22;50;10427228473;S
20240522;100310;148.2;120;10427228474;S
20240522;100310;148.2;50;10427228475;S
20240522;100310;148.2;10;10427228476;S
20240522;100310;148.18;4410;10427228477;S
20240522;100310;148.28;50;10427228537;B
20240522;100310;148.28;50;10427228540;B
20240522;100311;148.3;140;10427228592;B
20240522;100311;148.32;200;10427228617;B
20240522;100311;148.32;120;10427228618;B
20240522;100311;148.32;610;10427228653;B
20240522;100311;148.32;210;10427228654;S
20240522;100311;148.32;8790;10427228655;S
20240522;100311;148.22;10;10427228672;S
20240522;100311;148.3;10;10427228706;B
20240522;100311;148.32;40;10427228707;B
20240522;100311;148.32;20;10427228709;B
20240522;100313;148.3;10;10427229069;B
20240522;100313;148.26;10;10427229167;S
20240522;100313;148.24;240;10427229168;S
20240522;100313;148.24;30;10427229169;S
20240522;100313;148.24;200;10427229170;S
20240522;100313;148.22;110;10427229171;S
20240522;100313;148.2;1680;10427229172;S
20240522;100313;148.2;50;10427229173;S
20240522;100313;148.18;2310;10427229174;S
20240522;100314;148.24;500;10427229577;B
20240522;100314;148.24;10;10427229578;B
20240522;100314;148.28;110;10427229583;B
20240522;100315;148.3;50;10427229615;B
20240522;100315;148.26;10;10427229619;S
20240522;100315;148.32;100;10427229620;B
20240522;100315;148.32;10;10427229621;B
20240522;100315;148.34;10;10427229790;B
20240522;100315;148.34;200;10427229791;B
20240522;100315;148.34;610;10427229792;B
20240522;100315;148.38;610;10427229877;B
20240522;100315;148.38;4040;10427229878;B
20240522;100315;148.38;4040;10427229879;B
20240522;100315;148.38;3060;10427229880;B
20240522;100316;148.38;10;10427229945;B
20240522;100316;148.38;990;10427229946;B
20240522;100316;148.4;80;10427229975;B
20240522;100316;148.4;10;10427230006;B
20240522;100316;148.4;10;10427230015;B
20240522;100317;148.4;20;10427230063;B
20240522;100317;148.3;150;10427230109;S
20240522;100317;148.3;200;10427230110;S
20240522;100317;148.28;610;10427230111;S
20240522;100317;148.28;40;10427230112;S
20240522;100319;148.3;10;10427230419;B
20240522;100320;148.3;490;10427230730;B
20240522;100322;148.3;10;10427230886;S
20240522;100322;148.3;430;10427230887;S
20240522;100322;148.3;560;10427230888;S
20240522;100322;148.26;10;10427230956;S
20240522;100322;148.26;1320;10427230957;S
20240522;100322;148.34;10;10427230984;B
20240522;100324;148.26;10;10427231244;S
20240522;100324;148.3;1000;10427231290;B
20240522;100325;148.26;40;10427231433;S
20240522;100325;148.26;610;10427231434;S
20240522;100325;148.26;10;10427231435;S
20240522;100325;148.26;50;10427231436;S
20240522;100325;148.24;120;10427231437;S
20240522;100325;148.24;10;10427231438;S
20240522;100325;148.24;10;10427231439;S
20240522;100325;148.24;430;10427231440;S
20240522;100325;148.24;720;10427231441;S
20240522;100325;148.24;350;10427231524;S
20240522;100326;148.24;150;10427231547;S
20240522;100327;148.3;20;10427231844;B
20240522;100328;148.24;880;10427231971;S
20240522;100328;148.24;50;10427231972;S
20240522;100328;148.24;430;10427231973;S
20240522;100328;148.22;10;10427231974;S
20240522;100328;148.22;630;10427231975;S
20240522;100328;148.22;160;10427231978;S
20240522;100329;148.3;10;10427232096;B
20240522;100329;148.3;10;10427232122;B
20240522;100329;148.3;130;10427232168;B
20240522;100329;148.3;50;10427232169;B
20240522;100331;148.3;50;10427232379;S
20240522;100331;148.34;10;10427232398;B
20240522;100331;148.34;30;10427232411;B
20240522;100331;148.34;120;10427232412;B
20240522;100331;148.36;50;10427232413;B
20240522;100331;148.36;150;10427232414;B
20240522;100331;148.36;430;10427232415;B
20240522;100331;148.38;50;10427232416;B
20240522;100331;148.38;710;10427232417;B
20240522;100331;148.38;960;10427232418;B
20240522;100332;148.3;140;10427232493;S
20240522;100332;148.3;50;10427232553;S
20240522;100332;148.38;2040;10427232567;B
20240522;100332;148.38;10;10427232568;B
20240522;100332;148.4;450;10427232569;B
20240522;100333;148.4;20;10427232638;B
20240522;100333;148.38;100;10427232675;B
20240522;100333;148.4;2400;10427232676;B
20240522;100333;148.4;20;10427232692;B
20240522;100333;148.4;10;10427232712;B
20240522;100334;148.38;10;10427232890;S
20240522;100335;148.38;610;10427232909;S
20240522;100335;148.38;440;10427232910;S
20240522;100335;148.38;10;10427232911;S
20240522;100335;148.36;10;10427232912;S
20240522;100335;148.36;1380;10427232913;S
20240522;100337;148.4;10;10427233331;B
20240522;100338;148.36;80;10427233380;S
20240522;100338;148.36;220;10427233381;S
20240522;100339;148.36;390;10427233497;S
20240522;100339;148.36;440;10427233498;S
20240522;100339;148.36;1170;10427233499;S
20240522;100340;148.36;160;10427233721;S
20240522;100340;148.36;200;10427233806;S
20240522;100341;148.36;100;10427233938;S
20240522;100341;148.36;450;10427233939;S
20240522;100341;148.34;10;10427233940;S
20240522;100341;148.34;2440;10427233941;S
20240522;100341;148.34;280;10427233942;S
20240522;100341;148.34;10;10427233943;S
20240522;100341;148.32;3410;10427233944;S
20240522;100341;148.32;390;10427233945;S
20240522;100341;148.32;610;10427233946;S
20240522;100341;148.3;2270;10427233947;S
20240522;100341;148.3;2500;10427233948;S
20240522;100341;148.3;20;10427233949;S
20240522;100341;148.3;120;10427233950;S
20240522;100341;148.3;300;10427233951;S
20240522;100341;148.3;50;10427233952;S
20240522;100341;148.3;4390;10427233953;S
20240522;100341;148.3;10;10427233954;S
20240522;100341;148.3;30;10427233955;S
20240522;100341;148.3;500;10427233956;S
20240522;100341;148.28;50;10427233957;S
20240522;100341;148.28;5370;10427233958;S
20240522;100341;148.28;610;10427233959;S
20240522;100341;148.26;50;10427233960;S
20240522;100341;148.26;10;10427233961;S
20240522;100341;148.26;10;10427233962;S
20240522;100341;148.26;260;10427233963;S
20240522;100341;148.24;50;10427233964;S
20240522;100341;148.24;4000;10427233965;S
20240522;100341;148.24;2000;10427233966;S
20240522;100341;148.22;710;10427233967;S
20240522;100341;148.22;100;10427233968;S
20240522;100341;148.22;50;10427233969;S
20240522;100341;148.22;5000;10427233970;S
20240522;100341;148.22;1790;10427233971;S
20240522;100341;148.22;50;10427234038;B
20240522;100342;148.22;10;10427234104;B
20240522;100342;148.22;30;10427234106;B
20240522;100342;148.22;50;10427234107;B
20240522;100342;148.22;9340;10427234152;B
20240522;100342;148.22;50;10427234153;B
20240522;100342;148.24;450;10427234154;B
20240522;100342;148.24;50;10427234155;B
20240522;100342;148.26;50;10427234156;B
20240522;100342;148.26;120;10427234157;B
20240522;100342;148.26;610;10427234158;B
20240522;100342;148.28;50;10427234159;B
20240522;100342;148.3;50;10427234160;B
20240522;100342;148.3;2000;10427234161;B
20240522;100342;148.32;50;10427234162;B
20240522;100342;148.34;50;10427234163;B
20240522;100342;148.36;50;10427234164;B
20240522;100342;148.36;8300;10427234165;B
20240522;100343;148.36;460;10427234391;S
20240522;100343;148.36;20;10427234455;S
20240522;100344;148.36;800;10427234541;S
20240522;100344;148.36;50;10427234622;S
20240522;100345;148.38;10;10427234740;B
20240522;100345;148.36;100;10427234917;S
20240522;100347;148.36;70;10427235199;S
20240522;100348;148.38;90;10427235398;B
20240522;100348;148.38;10;10427235399;B
20240522;100348;148.38;10;10427235450;B
20240522;100348;148.36;1500;10427235476;S
20240522;100348;148.36;450;10427235484;B
20240522;100348;148.36;1020;10427235485;S
20240522;100349;148.36;10;10427235788;B
20240522;100350;148.34;800;10427235985;S
20240522;100350;148.36;10;10427236025;B
20240522;100350;148.34;30;10427236119;S
20240522;100352;148.36;20;10427236380;B
20240522;100352;148.34;50;10427236437;S
20240522;100352;148.36;60;10427236525;B
20240522;100352;148.36;450;10427236526;B
20240522;100352;148.38;90;10427236527;B
20240522;100352;148.38;1400;10427236528;B
20240522;100353;148.34;10;10427236588;S
20240522;100353;148.34;40;10427236590;S
20240522;100353;148.38;240;10427236656;B
20240522;100353;148.38;100;10427236657;B
20240522;100353;148.38;10;10427236674;B
20240522;100354;148.34;10;10427236844;S
20240522;100354;148.38;180;10427236866;B
20240522;100354;148.38;80;10427236888;S
20240522;100355;148.4;20;10427237039;B
20240522;100356;148.38;1000;10427237050;S
20240522;100358;148.4;10;10427237449;B
20240522;100400;148.4;10;10427237858;B
20240522;100401;148.4;10;10427238076;B
20240522;100402;148.4;10;10427238110;B
20240522;100402;148.4;30;10427238198;B
20240522;100403;148.4;50;10427238254;B
20240522;100403;148.4;10;10427238297;B
20240522;100403;148.4;10;10427238302;B
20240522;100403;148.4;30;10427238317;B
20240522;100404;148.4;10;10427238410;B
20240522;100405;148.38;100;10427238584;S
20240522;100406;148.38;100;10427238704;S
20240522;100406;148.4;30;10427238727;B
20240522;100406;148.4;1000;10427238797;B
20240522;100407;148.38;400;10427238807;S
20240522;100407;148.4;10;10427238956;B
20240522;100407;148.4;20;10427238959;B
20240522;100408;148.4;10;10427239021;B
20240522;100408;148.38;140;10427239067;S
20240522;100409;148.38;100;10427239156;S
20240522;100409;148.4;100;10427239190;B
20240522;100409;148.4;30;10427239195;B
20240522;100410;148.38;100;10427239386;S
20240522;100411;148.4;4000;10427239457;B
20240522;100411;148.4;120;10427239459;B
20240522;100411;148.4;1100;10427239492;B
20240522;100411;148.4;20;10427239531;B
20240522;100411;148.4;20;10427239619;B
20240522;100412;148.4;100;10427239703;B
20240522;100412;148.38;100;10427239707;S
20240522;100412;148.4;100;10427239732;B
20240522;100412;148.4;10;10427239762;B
20240522;100412;148.4;10;10427239787;B
20240522;100412;148.4;10;10427239792;B
20240522;100414;148.38;10;10427240175;S
20240522;100415;148.4;20;10427240217;B
20240522;100415;148.38;170;10427240235;S
20240522;100415;148.38;500;10427240284;S
20240522;100416;148.4;10;10427240369;B
20240522;100416;148.38;130;10427240370;S
20240522;100416;148.4;2500;10427240461;B
20240522;100417;148.4;10;10427240554;B
20240522;100417;148.4;10;10427240584;B
20240522;100419;148.4;2500;10427240872;B
20240522;100419;148.4;40;10427240876;B
20240522;100419;148.4;3000;10427240892;B
20240522;100419;148.4;400;10427240893;B
20240522;100420;148.38;70;10427240965;S
20240522;100420;148.38;70;10427240970;S
20240522;100420;148.4;10;10427240991;B
20240522;100420;148.4;2000;10427241061;B
20240522;100420;148.4;10;10427241075;B
20240522;100420;148.4;1720;10427241096;B
20240522;100420;148.4;2000;10427241097;B
20240522;100420;148.4;400;10427241098;B
20240522;100420;148.4;2000;10427241099;B
20240522;100420;148.4;500;10427241100;B
20240522;100420;148.5;240;10427241176;B
20240522;100421;148.5;400;10427241223;B
20240522;100421;148.5;4600;10427241224;B
20240522;100421;148.5;30;10427241268;B
20240522;100421;148.5;370;10427241280;B
20240522;100421;148.5;130;10427241281;B
20240522;100421;148.5;160;10427241302;B
20240522;100421;148.5;150;10427241303;B
20240522;100421;148.58;50;10427241319;S
20240522;100421;148.58;60;10427241320;S
20240522;100421;148.58;10;10427241328;S
20240522;100422;148.64;70;10427241524;S
20240522;100425;148.58;20;10427241845;S
20240522;100427;148.66;10;10427242281;B
20240522;100427;148.7;20;10427242282;B
20240522;100427;148.7;10;10427242283;B
20240522;100427;148.72;470;10427242284;B
20240522;100427;148.72;100;10427242285;B
20240522;100427;148.74;10;10427242286;B
20240522;100427;148.74;2130;10427242287;B
20240522;100428;148.76;100;10427242431;B
20240522;100428;148.78;60;10427242432;B
20240522;100429;148.78;1440;10427242620;B
20240522;100430;148.8;500;10427242660;B
20240522;100430;148.8;500;10427242661;B
20240522;100430;148.8;10;10427242662;B
20240522;100430;148.82;560;10427242668;B
20240522;100430;148.82;100;10427242709;B
20240522;100432;148.74;610;10427243048;S
20240522;100432;148.74;430;10427243049;S
20240522;100432;148.72;50;10427243050;S
20240522;100432;148.72;410;10427243051;S
20240522;100432;148.8;500;10427243105;B
20240522;100434;148.72;10;10427243292;S
20240522;100434;148.8;2000;10427243382;B
20240522;100434;148.82;810;10427243389;B
20240522;100436;148.76;20;10427243810;S
20240522;100436;148.74;50;10427243811;S
20240522;100436;148.74;130;10427243812;S
20240522;100438;148.78;10;10427244226;B
20240522;100439;148.78;360;10427244271;B
20240522;100441;148.78;10;10427244828;B
20240522;100442;148.74;10;10427244968;S
20240522;100443;148.76;200;10427245201;B
20240522;100444;148.74;20;10427245294;S
20240522;100444;148.74;330;10427245295;S
20240522;100444;148.76;10;10427245298;B
20240522;100445;148.76;50;10427245414;B
20240522;100445;148.76;1000;10427245445;B
20240522;100446;148.76;500;10427245544;B
20240522;100446;148.74;1140;10427245597;S
20240522;100446;148.74;610;10427245598;S
20240522;100446;148.74;180;10427245599;S
20240522;100447;148.76;50;10427245732;B
20240522;100449;148.74;10;10427245967;B
20240522;100449;148.74;10;10427245983;B
20240522;100449;148.76;1300;10427245991;B
20240522;100449;148.74;300;10427246033;B
20240522;100449;148.74;720;10427246034;B
20240522;100451;148.74;20;10427246286;B
20240522;100451;148.74;30;10427246361;B
20240522;100452;148.74;30;10427246460;B
20240522;100452;148.74;60;10427246470;S
20240522;100452;148.74;310;10427246485;S
20240522;100452;148.74;10;10427246500;S
20240522;100453;148.74;30;10427246703;B
20240522;100453;148.76;120;10427246736;B
20240522;100454;148.72;10;10427246774;S
20240522;100454;148.72;10;10427246775;S
20240522;100454;148.72;1310;10427246776;S
20240522;100456;148.72;10;10427247234;S
20240522;100458;148.74;10;10427247546;B
20240522;100458;148.72;70;10427247597;B
20240522;100458;148.7;10;10427247625;S
20240522;100458;148.7;110;10427247626;S
20240522;100459;148.74;10;10427247665;B
20240522;100501;148.72;50;10427247986;B
20240522;100502;148.7;1240;10427248176;S
20240522;100502;148.7;20;10427248177;S
20240522;100502;148.7;610;10427248178;S
20240522;100502;148.68;20;10427248179;S
20240522;100502;148.68;1080;10427248180;S
20240522;100502;148.72;20;10427248247;B
20240522;100503;148.72;1050;10427248403;B
20240522;100503;148.72;100;10427248404;B
20240522;100503;148.72;280;10427248405;B
20240522;100503;148.72;140;10427248406;B
20240522;100506;148.72;100;10427248777;B
20240522;100506;148.72;300;10427248845;B
20240522;100507;148.72;100;10427249012;B
20240522;100508;148.7;10;10427249419;B
20240522;100509;148.72;90;10427249482;B
20240522;100509;148.72;1350;10427249483;B
20240522;100509;148.74;360;10427249533;B
20240522;100510;148.74;20;10427249665;B
20240522;100511;148.7;10;10427249797;S
20240522;100511;148.7;600;10427249856;S
20240522;100511;148.68;980;10427249857;S
20240522;100511;148.68;10;10427249858;S
20240522;100511;148.68;30;10427249898;B
20240522;100512;148.68;30;10427249932;B
20240522;100512;148.68;230;10427249997;B
20240522;100514;148.68;10;10427250154;B
20240522;100514;148.68;1000;10427250171;B
20240522;100515;148.68;20;10427250349;B
20240522;100517;148.68;50;10427250580;B
20240522;100517;148.66;20;10427250591;S
20240522;100518;148.66;1010;10427250718;B
20240522;100518;148.66;1350;10427250721;B
20240522;100518;148.68;1520;10427250722;B
20240522;100518;148.68;10;10427250723;B
20240522;100518;148.7;430;10427250729;B
20240522;100518;148.68;100;10427250733;S
20240522;100518;148.7;10;10427250739;B
20240522;100519;148.7;1680;10427250769;B
20240522;100519;148.7;200;10427250770;B
20240522;100519;148.68;620;10427250846;S
20240522;100519;148.68;10;10427250847;S
20240522;100519;148.68;610;10427250848;S
20240522;100519;148.66;40;10427250849;B
20240522;100519;148.64;10;10427250947;S
20240522;100519;148.64;10;10427250948;S
20240522;100519;148.64;10;10427250949;S
20240522;100519;148.64;10;10427250950;S
20240522;100519;148.64;1630;10427250951;S
20240522;100519;148.64;50;10427251067;S
20240522;100519;148.64;610;10427251068;S
20240522;100519;148.64;120;10427251069;S
20240522;100519;148.62;890;10427251070;S
20240522;100520;148.62;1460;10427251174;S
20240522;100520;148.62;120;10427251175;S
20240522;100520;148.6;20;10427251176;S
20240522;100520;148.6;20;10427251177;S
20240522;100521;148.6;3010;10427251545;S
20240522;100521;148.6;20;10427251546;S
20240522;100521;148.6;420;10427251547;S
20240522;100521;148.58;10;10427251548;S
20240522;100521;148.58;1940;10427251549;S
20240522;100521;148.6;20;10427251550;S
20240522;100521;148.62;10;10427251573;B
20240522;100521;148.62;30;10427251574;B
20240522;100522;148.62;10;10427251750;B
20240522;100522;148.62;10;10427251751;B
20240522;100522;148.58;20;10427251774;S
20240522;100523;148.62;1510;10427251853;B
20240522;100523;148.64;420;10427251854;B
20240522;100523;148.66;1350;10427251855;B
20240522;100523;148.68;80;10427251856;B
20240522;100523;148.68;40;10427251870;B
20240522;100523;148.68;60;10427251871;B
20240522;100525;148.66;10;10427252159;B
20240522;100525;148.58;300;10427252223;S
20240522;100526;148.66;100;10427252334;B
20240522;100526;148.64;20;10427252383;B
20240522;100527;148.58;450;10427252401;S
20240522;100527;148.58;40;10427252447;S
20240522;100527;148.64;40;10427252530;B
20240522;100527;148.64;30;10427252536;B
20240522;100529;148.62;20;10427252704;B
20240522;100530;148.6;10;10427252875;B
20240522;100531;148.6;10;10427252969;B
20240522;100531;148.58;10;10427253079;S
20240522;100532;148.58;140;10427253204;S
20240522;100532;148.56;20;10427253205;S
20240522;100533;148.56;70;10427253270;S
20240522;100535;148.58;40;10427253512;B
20240522;100535;148.56;150;10427253612;S
20240522;100535;148.58;10;10427253621;B
20240522;100536;148.56;300;10427253662;S
20240522;100536;148.56;340;10427253748;S
20240522;100537;148.58;10;10427253768;B
20240522;100537;148.58;40;10427253859;B
20240522;100537;148.58;60;10427253860;B
20240522;100538;148.56;40;10427253965;S
20240522;100538;148.56;60;10427253966;S
20240522;100538;148.58;110;10427254052;B
20240522;100539;148.56;60;10427254055;S
20240522;100539;148.58;20;10427254056;B
20240522;100539;148.58;50;10427254063;B
20240522;100540;148.58;20;10427254265;B
20240522;100541;148.58;10;10427254496;B
20240522;100541;148.56;30;10427254513;S
20240522;100543;148.56;50;10427254740;S
20240522;100543;148.58;20;10427254823;B
20240522;100544;148.6;30;10427254892;B
20240522;100544;148.6;100;10427254893;B
20240522;100544;148.6;360;10427254894;B
20240522;100545;148.58;610;10427255037;S
20240522;100545;148.58;10;10427255038;S
20240522;100545;148.56;640;10427255039;S
20240522;100545;148.56;20;10427255040;S
20240522;100545;148.56;400;10427255041;S
20240522;100545;148.54;10;10427255042;S
20240522;100545;148.54;310;10427255043;S
20240522;100545;148.62;20;10427255067;B
20240522;100545;148.62;80;10427255146;B
20240522;100545;148.62;420;10427255147;B
20240522;100545;148.58;20;10427255148;S
20240522;100545;148.56;230;10427255149;B
20240522;100547;148.62;100;10427255284;B
20240522;100548;148.62;400;10427255606;B
20240522;100549;148.64;770;10427255673;B
20240522;100549;148.6;10;10427255709;S
20240522;100549;148.58;190;10427255710;S
20240522;100551;148.64;10;10427256249;B
20240522;100551;148.64;20;10427256254;B
20240522;100552;148.6;10;10427256260;S
20240522;100552;148.58;90;10427256261;S
20240522;100553;148.64;200;10427256453;B
20240522;100553;148.66;920;10427256454;B
20240522;100553;148.66;20;10427256455;B
20240522;100553;148.66;400;10427256456;B
20240522;100553;148.68;10;10427256457;B
20240522;100553;148.68;1450;10427256458;B
20240522;100553;148.7;10;10427256521;B
20240522;100554;148.7;1180;10427256594;B
20240522;100557;148.7;10;10427257279;B
20240522;100558;148.7;10;10427257494;B
20240522;100559;148.7;1170;10427257696;B
20240522;100601;148.7;10;10427258051;B
20240522;100603;148.66;50;10427258370;S
20240522;100603;148.66;20;10427258371;S
20240522;100604;148.7;10;10427258474;B
20240522;100604;148.7;870;10427258479;B
20240522;100608;148.68;10;10427258980;B
20240522;100608;148.64;500;10427259201;S
20240522;100609;148.68;40;10427259383;B
20240522;100609;148.68;950;10427259384;B
20240522;100610;148.66;10;10427259548;B
20240522;100613;148.66;10;10427260147;B
20240522;100613;148.66;20;10427260168;B
20240522;100614;148.64;10;10427260276;S
20240522;100614;148.64;10;10427260277;S
20240522;100614;148.64;820;10427260278;S
20240522;100614;148.64;1350;10427260279;S
20240522;100614;148.64;40;10427260280;S
20240522;100614;148.64;10;10427260287;B
20240522;100614;148.62;100;10427260290;S
20240522;100614;148.64;990;10427260310;B
20240522;100615;148.62;1370;10427260368;S
20240522;100615;148.62;10;10427260369;S
20240522;100615;148.62;70;10427260370;S
20240522;100615;148.62;1350;10427260371;S
20240522;100615;148.6;20;10427260372;S
20240522;100615;148.6;180;10427260373;S
20240522;100615;148.6;250;10427260392;S
20240522;100615;148.64;20;10427260393;B
20240522;100615;148.6;1490;10427260395;S
20240522;100615;148.6;90;10427260396;S
20240522;100615;148.58;10;10427260397;S
20240522;100615;148.58;20;10427260398;S
20240522;100615;148.58;890;10427260399;S
20240522;100615;148.58;1580;10427260458;S
20240522;100615;148.58;120;10427260459;S
20240522;100615;148.56;800;10427260460;S
20240522;100615;148.58;10;10427260480;B
20240522;100616;148.58;10;10427260646;B
20240522;100616;148.58;10;10427260647;B
20240522;100617;148.6;10;10427260750;B
20240522;100618;148.6;10;10427260869;B
20240522;100618;148.56;200;10427260906;S
20240522;100618;148.56;1000;10427260907;S
20240522;100618;148.56;10;10427260908;S
20240522;100618;148.56;790;10427260909;S
20240522;100618;148.56;400;10427260957;B
20240522;100618;148.56;430;10427260958;B
20240522;100618;148.56;180;10427260978;B
20240522;100618;148.56;20;10427260979;B
20240522;100619;148.56;50;10427261002;B
20240522;100622;148.56;10;10427261605;B
20240522;100622;148.54;10;10427261634;S
20240522;100622;148.54;40;10427261635;S
20240522;100622;148.56;10;10427261674;B
20240522;100623;148.54;610;10427261928;B
20240522;100623;148.54;180;10427261929;B
20240522;100624;148.56;100;10427262128;B
20240522;100625;148.56;10;10427262159;B
20240522;100625;148.56;50;10427262160;B
20240522;100625;148.56;10;10427262163;B
20240522;100627;148.56;40;10427262411;B
20240522;100627;148.56;200;10427262439;B
20240522;100627;148.56;380;10427262440;B
20240522;100627;148.56;610;10427262441;B
20240522;100627;148.56;390;10427262442;B
20240522;100627;148.56;500;10427262443;B
20240522;100628;148.6;20;10427262607;B
20240522;100628;148.56;150;10427262661;S
20240522;100628;148.6;10;10427262685;B
20240522;100629;148.62;100;10427262726;B
20240522;100629;148.62;610;10427262727;B
20240522;100629;148.64;380;10427262730;B
20240522;100629;148.64;90;10427262731;B
20240522;100629;148.64;100;10427262732;B
20240522;100629;148.64;190;10427262811;B
20240522;100629;148.64;170;10427262840;B
20240522;100630;148.64;150;10427262896;B
20240522;100630;148.64;390;10427262897;B
20240522;100630;148.66;960;10427262898;B
20240522;100630;148.66;1000;10427262899;B
20240522;100630;148.66;2000;10427262942;B
20240522;100630;148.66;10;10427262943;B
20240522;100630;148.66;490;10427262944;B
20240522;100631;148.66;10;10427263100;B
20240522;100632;148.66;10;10427263257;B
20240522;100633;148.66;20;10427263501;B
20240522;100633;148.66;570;10427263506;B
20240522;100633;148.66;640;10427263507;B
20240522;100634;148.6;50;10427263542;S
20240522;100634;148.6;390;10427263543;S
20240522;100634;148.6;560;10427263544;S
20240522;100639;148.66;360;10427264340;B
20240522;100639;148.66;610;10427264341;B
20240522;100639;148.66;50;10427264342;B
20240522;100639;148.68;120;10427264370;B
20240522;100641;148.68;30;10427264683;B
20240522;100643;148.68;10;10427265027;B
20240522;100644;148.68;50;10427265069;B
20240522;100644;148.68;770;10427265091;B
20240522;100648;148.68;10;10427265840;B
20240522;100649;148.68;1160;10427266063;B
20240522;100649;148.66;10;10427266099;S
20240522;100649;148.66;60;10427266100;S
20240522;100650;148.68;100;10427266219;B
20240522;100650;148.68;480;10427266299;B
20240522;100650;148.66;100;10427266302;S
20240522;100652;148.68;500;10427266558;B
20240522;100652;148.68;400;10427266575;B
20240522;100653;148.66;20;10427266782;S
20240522;100653;148.68;10;10427266792;B
20240522;100654;148.68;10;10427266914;B
20240522;100654;148.68;700;10427266926;B
20240522;100654;148.68;10;10427266927;B
20240522;100654;148.68;10;10427266928;B
20240522;100654;148.68;390;10427266929;B
20240522;100656;148.66;20;10427267189;S
20240522;100656;148.68;100;10427267314;B
20240522;100658;148.68;10;10427267666;B
20240522;100659;148.68;110;10427267915;B
20240522;100659;148.68;950;10427267916;B
20240522;100701;148.68;10;10427268357;B
20240522;100701;148.68;20;10427268419;B
20240522;100703;148.68;20;10427268822;B
20240522;100703;148.68;80;10427268823;B
20240522;100703;148.68;380;10427268853;S
20240522;100704;148.7;410;10427268967;B
20240522;100704;148.7;100;10427268968;B
20240522;100704;148.7;1740;10427268969;B
20240522;100704;148.68;50;10427269018;S
20240522;100704;148.7;20;10427269056;B
20240522;100706;148.7;200;10427269237;B
20240522;100706;148.7;70;10427269336;B
20240522;100706;148.7;30;10427269385;B
20240522;100707;148.7;10;10427269415;B
20240522;100708;148.7;10;10427269650;B
20240522;100708;148.7;120;10427269752;B
20240522;100709;148.7;3320;10427269900;B
20240522;100709;148.7;10;10427269902;B
20240522;100711;148.7;400;10427270132;B
20240522;100711;148.7;150;10427270188;B
20240522;100714;148.68;10;10427270716;S
20240522;100714;148.68;910;10427270772;S
20240522;100714;148.68;390;10427270773;S
20240522;100714;148.68;720;10427270774;S
20240522;100714;148.68;630;10427270775;S
20240522;100714;148.68;600;10427270776;S
20240522;100714;148.68;100;10427270777;S
20240522;100714;148.68;640;10427270778;S
20240522;100714;148.68;40;10427270779;S
20240522;100714;148.68;20;10427270780;S
20240522;100714;148.68;350;10427270781;S
20240522;100715;148.68;10;10427270944;S
20240522;100716;148.7;320;10427271001;B
20240522;100717;148.7;10;10427271144;B
20240522;100717;148.7;30;10427271185;B
20240522;100718;148.68;10;10427271344;S
20240522;100719;148.7;30;10427271483;B
20240522;100720;148.7;30;10427271645;B
20240522;100722;148.7;30;10427271897;B
20240522;100722;148.68;100;10427271919;S
20240522;100723;148.68;10;10427271943;S
20240522;100724;148.7;50;10427272093;B
20240522;100724;148.7;10;10427272145;B
20240522;100725;148.68;70;10427272249;S
20240522;100725;148.68;20;10427272250;S
20240522;100725;148.68;450;10427272251;S
20240522;100725;148.68;20;10427272252;S
20240522;100725;148.68;90;10427272253;S
20240522;100726;148.7;150;10427272380;B
20240522;100726;148.68;100;10427272395;S
20240522;100727;148.7;10;10427272441;B
20240522;100728;148.68;1000;10427272649;S
20240522;100729;148.68;40;10427272838;S
20240522;100731;148.68;10;10427273182;S
20240522;100734;148.68;500;10427273609;S
20240522;100734;148.7;10;10427273646;B
20240522;100735;148.7;10;10427273794;B
20240522;100737;148.7;10;10427273992;B
20240522;100737;148.7;10;10427274085;B
20240522;100738;148.7;160;10427274173;B
20240522;100739;148.7;10;10427274245;B
20240522;100739;148.7;10;10427274362;B
20240522;100739;148.68;70;10427274363;S
20240522;100740;148.68;100;10427274427;S
20240522;100742;148.7;100;10427274691;B
20240522;100744;148.7;40;10427274946;B
20240522;100745;148.7;10;10427275028;B
20240522;100745;148.68;80;10427275114;S
20240522;100745;148.7;50;10427275133;B
20240522;100747;148.68;10;10427275284;S
20240522;100748;148.68;450;10427275429;S
20240522;100748;148.68;440;10427275430;S
20240522;100748;148.68;10;10427275431;S
20240522;100748;148.68;10;10427275432;S
20240522;100748;148.68;950;10427275433;S
20240522;100748;148.68;10;10427275434;S
20240522;100748;148.68;450;10427275435;S
20240522;100748;148.68;100;10427275436;S
20240522;100748;148.68;420;10427275437;S
20240522;100748;148.68;360;10427275438;S
20240522;100748;148.7;100;10427275480;B
20240522;100749;148.7;50;10427275643;B
20240522;100750;148.7;20;10427275677;B
20240522;100750;148.68;10;10427275708;S
20240522;100750;148.68;10;10427275800;S
20240522;100750;148.68;140;10427275801;S
20240522;100750;148.7;10;10427275840;B
20240522;100751;148.68;60;10427275951;S
20240522;100752;148.68;1520;10427276028;S
20240522;100752;148.7;10;10427276128;B
20240522;100754;148.7;50;10427276469;B
20240522;100755;148.7;10;10427276631;B
20240522;100756;148.7;50;10427276701;B
20240522;100756;148.7;20;10427276750;B
20240522;100757;148.7;24450;10427276953;B
20240522;100758;148.7;1260;10427277060;B
20240522;100758;148.68;20;10427277074;S
20240522;100758;148.68;10;10427277075;S
20240522;100759;148.7;8000;10427277162;B
20240522;100759;148.68;290;10427277236;S
20240522;100759;148.68;50;10427277237;S
20240522;100759;148.68;30;10427277238;S
20240522;100759;148.68;30;10427277239;S
20240522;100759;148.68;410;10427277240;S
20240522;100800;148.7;100;10427277265;B
20240522;100800;148.68;600;10427277302;S
20240522;100801;148.7;10;10427277386;B
20240522;100801;148.68;110;10427277389;S
20240522;100801;148.7;30;10427277451;B
20240522;100802;148.7;600;10427277521;B
20240522;100802;148.68;10;10427277542;S
20240522;100803;148.7;400;10427277653;B
20240522;100803;148.7;330;10427277689;B
20240522;100803;148.7;10;10427277719;B
20240522;100803;148.7;320;10427277734;B
20240522;100803;148.68;2910;10427277772;S
20240522;100803;148.68;50;10427277773;S
20240522;100803;148.68;520;10427277774;S
20240522;100803;148.68;20;10427277775;S
20240522;100803;148.68;580;10427277776;S
20240522;100803;148.68;1350;10427277777;S
20240522;100803;148.68;1570;10427277778;S
20240522;100805;148.7;10;10427277990;B
20240522;100807;148.7;2770;10427278292;B
20240522;100808;148.68;320;10427278413;S
20240522;100808;148.68;100;10427278414;S
20240522;100808;148.68;580;10427278415;S
20240522;100808;148.7;4220;10427278431;B
20240522;100808;148.7;3000;10427278432;B
20240522;100808;148.7;10;10427278433;B
20240522;100808;148.7;500;10427278434;B
20240522;100808;148.7;900;10427278435;B
20240522;100808;148.7;100;10427278436;B
20240522;100808;148.7;10;10427278437;B
20240522;100808;148.7;100;10427278438;B
20240522;100808;148.7;380;10427278439;B
20240522;100808;148.7;90;10427278440;B
20240522;100808;148.7;6250;10427278441;B
20240522;100808;148.7;10;10427278444;B
20240522;100808;148.7;10;10427278525;B
20240522;100809;148.7;730;10427278580;B
20240522;100809;148.7;100;10427278581;B
20240522;100809;148.7;110;10427278582;B
20240522;100809;148.7;90;10427278583;B
20240522;100809;148.7;250;10427278584;B
20240522;100809;148.7;100;10427278585;B
20240522;100809;148.7;90;10427278586;B
20240522;100809;148.7;280;10427278587;B
20240522;100809;148.7;100;10427278588;B
20240522;100809;148.7;120;10427278589;B
20240522;100809;148.7;30;10427278590;B
20240522;100809;148.7;60;10427278605;B
20240522;100809;148.7;40;10427278606;B
20240522;100813;148.68;40;10427279161;S
20240522;100814;148.7;350;10427279242;S
20240522;100814;148.72;20;10427279247;B
20240522;100814;148.72;30;10427279373;B
20240522;100814;148.72;30;10427279374;B
20240522;100816;148.72;10;10427279632;B
20240522;100817;148.72;10;10427279805;B
20240522;100817;148.72;30;10427279806;B
20240522;100818;148.7;10;10427279964;S
20240522;100819;148.72;10;10427280188;B
20240522;100820;148.7;40;10427280288;S
20240522;100820;148.7;610;10427280289;S
20240522;100820;148.7;10;10427280290;S
20240522;100820;148.7;10;10427280291;S
20240522;100820;148.7;100;10427280292;S
20240522;100820;148.7;150;10427280293;S
20240522;100820;148.72;10;10427280310;B
20240522;100820;148.72;100;10427280406;B
20240522;100820;148.72;100;10427280407;B
20240522;100820;148.72;340;10427280408;B
20240522;100820;148.74;300;10427280409;B
20240522;100820;148.74;10;10427280410;B
20240522;100820;148.74;500;10427280411;B
20240522;100820;148.74;50;10427280412;B
20240522;100820;148.76;10;10427280413;B
20240522;100821;148.78;250;10427280526;B
20240522;100822;148.78;250;10427280627;B
20240522;100822;148.78;500;10427280687;B
20240522;100823;148.78;660;10427280795;B
20240522;100823;148.8;1340;10427280796;B
20240522;100823;148.8;1160;10427280854;B
20240522;100823;148.8;2000;10427280855;B
20240522;100823;148.8;1000;10427280856;B
20240522;100823;148.8;100;10427280857;B
20240522;100823;148.82;220;10427280858;B
20240522;100823;148.84;160;10427280859;B
20240522;100826;148.86;10;10427281222;B
20240522;100826;148.88;660;10427281223;B
20240522;100826;148.88;10;10427281224;B
20240522;100826;148.9;320;10427281225;B
20240522;100826;148.9;1000;10427281230;B
20240522;100827;148.9;1330;10427281291;B
20240522;100827;148.9;10;10427281293;B
20240522;100827;148.9;1000;10427281327;B
20240522;100827;148.9;70;10427281394;B
20240522;100828;148.9;570;10427281452;B
20240522;100828;148.9;100;10427281453;B
20240522;100828;148.92;330;10427281454;B
20240522;100829;148.92;50;10427281566;B
20240522;100829;148.92;20;10427281665;B
20240522;100830;148.92;100;10427281712;B
20240522;100830;148.92;30;10427281754;B
20240522;100830;148.92;700;10427281755;B
20240522;100830;148.92;60;10427281756;B
20240522;100830;148.96;10;10427281757;B
20240522;100830;148.96;200;10427281758;B
20240522;100831;148.98;100;10427281887;B
20240522;100831;148.98;10;10427281888;B
20240522;100831;148.98;20;10427281889;B
20240522;100831;149;70;10427281890;B
20240522;100832;149;10;10427282015;B
20240522;100832;149;200;10427282016;B
20240522;100832;149;150;10427282017;B
20240522;100832;149;490;10427282018;B
20240522;100832;149;10;10427282042;B
20240522;100834;149;10;10427282362;B
20240522;100836;148.98;20;10427282543;S
20240522;100839;149;10;10427283317;B
20240522;100839;149;10;10427283334;B
20240522;100839;149;10;10427283430;B
20240522;100840;149;10;10427283528;B
20240522;100840;149;10;10427283539;B
20240522;100840;149;100;10427283551;B
20240522;100841;149;110;10427283726;B
20240522;100841;149;130;10427283873;B
20240522;100841;149;10;10427283874;B
20240522;100841;149;100;10427283875;B
20240522;100841;149;20;10427283876;B
20240522;100841;149;300;10427283877;B
20240522;100841;149;10;10427283878;B
20240522;100841;149;1000;10427283879;B
20240522;100841;149;500;10427283880;B
20240522;100841;149;900;10427283881;B
20240522;100841;149;10;10427283882;B
20240522;100841;149;180;10427283883;B
20240522;100842;149;100;10427283956;B
20240522;100842;149;10;10427283962;B
20240522;100842;148.98;2480;10427283970;S
20240522;100842;148.98;520;10427283971;S
20240522;100843;149;50;10427284023;B
20240522;100843;149;100;10427284061;B
20240522;100844;148.98;100;10427284177;S
20240522;100844;149;10;10427284254;B
20240522;100844;149;10;10427284255;B
20240522;100844;149;60;10427284277;B
20240522;100844;148.98;10;10427284283;S
20240522;100845;149;1000;10427284384;B
20240522;100846;148.98;80;10427284428;S
20240522;100846;149;10;10427284434;B
20240522;100846;149;200;10427284456;B
20240522;100846;149;160;10427284463;B
20240522;100846;149;180;10427284533;B
20240522;100847;149;250;10427284591;B
20240522;100847;148.98;50;10427284617;S
20240522;100848;149;50;10427284685;B
20240522;100848;149;880;10427284689;B
20240522;100848;149;190;10427284690;B
20240522;100848;149;930;10427284691;B
20240522;100848;149;100;10427284761;B
20240522;100849;149;200;10427284947;B
20240522;100849;149;100;10427284958;B
20240522;100849;148.98;470;10427284989;S
20240522;100849;148.98;50;10427284990;S
20240522;100849;148.98;1520;10427284991;S
20240522;100849;149;1000;10427285016;B
20240522;100850;149;60;10427285152;B
20240522;100850;148.98;870;10427285185;S
20240522;100850;148.96;10;10427285186;S
20240522;100850;148.96;1120;10427285187;S
20240522;100852;148.98;50;10427285389;B
20240522;100852;148.96;2260;10427285405;S
20240522;100852;148.96;50;10427285406;S
20240522;100852;148.96;60;10427285407;S
20240522;100852;148.98;10;10427285435;B
20240522;100853;148.98;10;10427285816;B
20240522;100853;148.98;10;10427285834;B
20240522;100854;148.96;100;10427286003;S
20240522;100855;148.98;20;10427286045;B
20240522;100855;149;80;10427286046;B
20240522;100856;149;10;10427286229;B
20240522;100856;148.98;10;10427286255;B
20240522;100856;148.98;10;10427286256;B
20240522;100856;149;880;10427286257;B
20240522;100857;148.96;10;10427286290;S
20240522;100858;148.98;30;10427286495;B
20240522;100859;148.98;2970;10427286635;B
20240522;100859;149;30;10427286636;B
20240522;100859;149;20;10427286754;B
20240522;100900;149;50;10427286871;B
20240522;100900;148.98;10;10427286880;S
20240522;100900;148.98;500;10427286925;S
20240522;100902;149;150;10427287131;B
20240522;100903;149;90;10427287330;B
20240522;100904;148.98;60;10427287404;B
20240522;100904;148.98;200;10427287505;B
20240522;100906;148.98;10;10427287706;B
20240522;100906;148.96;100;10427287747;S
20240522;100907;148.98;50;10427287905;B
20240522;100908;148.98;80;10427288091;B
20240522;100909;148.98;60;10427288178;B
20240522;100909;148.98;50;10427288227;B
20240522;100909;148.98;10;10427288228;B
20240522;100909;148.98;1400;10427288261;B
20240522;100910;148.98;60;10427288583;B
20240522;100911;148.96;10;10427288899;S
20240522;100911;148.98;10;10427288900;B
20240522;100912;148.98;10;10427288950;B
20240522;100913;148.98;30;10427289082;B
20240522;100913;148.98;300;10427289089;B
20240522;100913;148.98;10;10427289191;B
20240522;100913;148.98;240;10427289235;B
20240522;100913;148.98;100;10427289236;B
20240522;100913;148.98;170;10427289237;B
20240522;100913;148.98;200;10427289238;B
20240522;100913;148.98;470;10427289239;B
20240522;100913;148.98;100;10427289240;B
20240522;100913;149;1300;10427289241;B
20240522;100913;149;100;10427289242;B
20240522;100913;149;560;10427289243;B
20240522;100913;149;100;10427289244;B
20240522;100913;149.02;1300;10427289251;B
20240522;100913;149.04;560;10427289252;B
20240522;100913;149.06;10;10427289253;B
20240522;100913;149.06;130;10427289254;B
20240522;100914;149.06;150;10427289339;B
20240522;100915;149.06;460;10427289435;B
20240522;100916;149.06;2000;10427289533;B
20240522;100916;149.06;20;10427289534;B
20240522;100916;149.06;10;10427289536;B
20240522;100918;149.06;10;10427289792;B
20240522;100918;149.06;500;10427289837;B
20240522;100918;149.06;100;10427289904;B
20240522;100919;149.06;10;10427290134;B
20240522;100919;149.06;10;10427290152;B
20240522;100920;149.06;10;10427290384;B
20240522;100920;149.06;10;10427290458;B
20240522;100922;149.06;1000;10427290705;B
20240522;100923;149.06;5580;10427290830;B
20240522;100923;149.08;100;10427290831;B
20240522;100923;149.08;10;10427290832;B
20240522;100923;149.1;3160;10427290833;B
20240522;100926;149.08;10;10427291266;B
20240522;100926;149.08;60;10427291311;B
20240522;100927;149.06;50;10427291377;S
20240522;100927;149.06;560;10427291378;S
20240522;100927;149.06;470;10427291379;S
20240522;100928;149.08;2430;10427291459;B
20240522;100928;149.08;490;10427291460;B
20240522;100929;149.06;50;10427291685;S
20240522;100933;149.08;10;10427293049;B
20240522;100934;149.08;100;10427293306;B
20240522;100935;149.08;130;10427293323;B
20240522;100935;149.08;10;10427293410;B
20240522;100936;149.08;10;10427293557;B
20240522;100936;149.08;100;10427293561;B
20240522;100938;149.08;30;10427293952;B
20240522;100938;149.08;120;10427293953;B
20240522;100938;149.08;1350;10427293954;B
20240522;100938;149.08;100;10427293985;B
20240522;100939;149.08;1250;10427294019;B
20240522;100939;149.1;1250;10427294020;B
20240522;100940;149.1;10;10427294199;B
20240522;100944;149.1;30;10427294707;B
20240522;100944;149.1;10;10427294796;B
20240522;100944;149.08;10;10427294813;S
20240522;100945;149.1;20;10427294899;B
20240522;100945;149.1;20;10427294987;B
20240522;100946;149.08;10;10427295086;S
20240522;100946;149.08;610;10427295087;S
20240522;100946;149.08;560;10427295088;S
20240522;100946;149.08;50;10427295089;S
20240522;100946;149.06;20;10427295090;S
20240522;100946;149.06;50;10427295091;S
20240522;100946;149.06;50;10427295092;S
20240522;100946;149.06;300;10427295093;S
20240522;100946;149.06;90;10427295094;S
20240522;100946;149.06;50;10427295095;S
20240522;100946;149.06;30;10427295096;S
20240522;100946;149.06;140;10427295097;S
20240522;100946;149.06;40;10427295098;S
20240522;100946;149.06;1000;10427295159;B
20240522;100946;149.08;560;10427295160;B
20240522;100946;149.1;60;10427295161;B
20240522;100946;149.1;10;10427295162;B
20240522;100946;149.1;90;10427295165;B
20240522;100947;149.1;200;10427295232;B
20240522;100950;149.04;50;10427295695;S
20240522;100950;149.04;60;10427295696;S
20240522;100953;149.08;10;10427296280;B
20240522;100953;149.06;50;10427296352;S
20240522;100953;149.06;610;10427296353;S
20240522;100953;149.06;560;10427296354;S
20240522;100953;149.06;10;10427296356;B
20240522;100954;149.04;10;10427296541;S
20240522;100954;149.04;20;10427296542;S
20240522;100955;149.06;30;10427296582;B
20240522;100955;149.06;30;10427296673;B
20240522;100956;149.06;150;10427296858;B
20240522;100957;149.06;150;10427296952;B
20240522;100958;149.06;910;10427297119;B
20240522;100958;149.08;90;10427297120;B
20240522;100959;149.06;50;10427297290;S
20240522;100959;149.06;230;10427297291;S
20240522;101000;149.08;600;10427297460;B
20240522;101001;149.08;10;10427297539;B
20240522;101001;149.08;380;10427297540;B
20240522;101001;149.08;90;10427297541;B
20240522;101001;149.1;60;10427297542;B
20240522;101001;149.08;50;10427297580;S
20240522;101001;149.1;490;10427297612;B
20240522;101001;149.08;10;10427297732;S
20240522;101001;149.08;200;10427297752;S
20240522;101002;149.1;60;10427297793;B
20240522;101003;149.1;10;10427297967;B
20240522;101003;149.1;10;10427298019;B
20240522;101003;149.1;20;10427298052;B
20240522;101004;149.08;100;10427298222;S
20240522;101005;149.08;300;10427298290;S
20240522;101005;149.08;50;10427298291;S
20240522;101005;149.08;150;10427298292;S
20240522;101005;149.1;770;10427298334;B
20240522;101006;149.1;10;10427298389;B
20240522;101006;149.1;3710;10427298531;B
20240522;101006;149.1;2000;10427298532;B
20240522;101006;149.1;20;10427298533;B
20240522;101006;149.12;270;10427298534;B
20240522;101007;149.12;670;10427298645;B
20240522;101007;149.12;1560;10427298699;B
20240522;101007;149.14;60;10427298700;B
20240522;101007;149.16;380;10427298701;B
20240522;101008;149.18;50;10427298744;B
20240522;101012;149.14;20;10427299445;S
20240522;101012;149.16;600;10427299516;B
20240522;101012;149.16;10;10427299585;B
20240522;101013;149.16;10;10427299667;B
20240522;101015;149.16;100;10427299912;B
20240522;101015;149.18;350;10427300070;B
20240522;101018;149.16;40;10427300927;S
20240522;101018;149.18;20;10427300949;B
20240522;101018;149.18;100;10427301022;B
20240522;101018;149.18;40;10427301028;B
20240522;101018;149.16;80;10427301053;S
20240522;101019;149.18;100;10427301071;B
20240522;101019;149.16;10;10427301139;S
20240522;101019;149.18;150;10427301191;B
20240522;101019;149.18;20;10427301215;B
20240522;101022;149.18;10;10427301627;B
20240522;101022;149.18;590;10427301638;B
20240522;101023;149.16;4200;10427301793;S
20240522;101023;149.16;550;10427301794;S
20240522;101023;149.16;610;10427301795;S
20240522;101023;149.16;50;10427301796;S
20240522;101023;149.14;50;10427301797;S
20240522;101023;149.12;10;10427301798;S
20240522;101025;149.12;10;10427302161;S
20240522;101034;149.18;100;10427303581;B
20240522;101035;149.18;150;10427303733;B
20240522;101037;149.12;30;10427304050;S
20240522;101037;149.12;170;10427304051;S
20240522;101038;149.12;50;10427304156;S
20240522;101038;149.12;540;10427304157;S
20240522;101038;149.12;610;10427304158;S
20240522;101038;149.1;50;10427304159;S
20240522;101038;149.1;200;10427304160;S
20240522;101038;149.1;10;10427304161;S
20240522;101038;149.1;10;10427304162;S
20240522;101038;149.1;380;10427304163;B
20240522;101038;149.1;10;10427304242;B
20240522;101039;149.1;160;10427304341;B
20240522;101039;149.16;10;10427304369;B
20240522;101039;149.16;100;10427304431;B
20240522;101041;149.16;760;10427304714;B
20240522;101041;149.18;820;10427304715;B
20240522;101041;149.18;420;10427304716;B
20240522;101041;149.14;50;10427304793;S
20240522;101041;149.14;610;10427304794;S
20240522;101041;149.14;540;10427304795;S
20240522;101041;149.12;310;10427304796;S
20240522;101041;149.12;50;10427304797;S
20240522;101041;149.1;50;10427304798;S
20240522;101041;149.1;320;10427304799;S
20240522;101041;149.1;610;10427304800;S
20240522;101041;149.08;20;10427304801;S
20240522;101041;149.08;9000;10427304802;S
20240522;101042;149.08;100;10427304897;S
20240522;101042;149.12;50;10427304914;B
20240522;101042;149.12;50;10427304915;B
20240522;101043;149.14;10;10427305060;B
20240522;101045;149.1;10;10427305415;S
20240522;101045;149.16;10;10427305450;B
20240522;101045;149.16;20;10427305451;B
20240522;101049;149.14;10;10427306048;B
20240522;101049;149.16;10;10427306049;B
20240522;101051;149.16;1340;10427306353;B
20240522;101051;149.16;100;10427306354;B
20240522;101051;149.18;80;10427306355;B
20240522;101051;149.18;20;10427306356;B
20240522;101051;149.18;1620;10427306357;B
20240522;101051;149.18;50;10427306358;B
20240522;101052;149.2;200;10427306484;B
20240522;101052;149.2;1500;10427306517;B
20240522;101052;149.2;1000;10427306530;B
20240522;101053;149.2;200;10427306567;B
20240522;101053;149.2;20;10427306584;B
20240522;101053;149.2;200;10427306593;B
20240522;101053;149.2;10;10427306643;B
20240522;101053;149.2;1010;10427306644;B
20240522;101055;149.2;10;10427307182;B
20240522;101057;149.18;20;10427307387;S
20240522;101057;149.18;1770;10427307400;S
20240522;101057;149.18;530;10427307401;S
20240522;101057;149.18;50;10427307402;S
20240522;101057;149.18;5500;10427307403;S
20240522;101057;149.18;10;10427307404;S
20240522;101057;149.18;270;10427307405;S
20240522;101100;149.18;10;10427307947;B
20240522;101100;149.18;500;10427307981;B
20240522;101106;149.18;250;10427309179;B
20240522;101106;149.18;750;10427309180;B
20240522;101107;149.16;2060;10427309207;S
20240522;101107;149.16;10;10427309244;B
20240522;101107;149.16;10;10427309275;B
20240522;101109;149.16;20;10427309454;B
20240522;101109;149.16;10;10427309567;B
20240522;101110;149.16;200;10427309673;B
20240522;101111;149.16;30;10427309858;B
20240522;101112;149.16;10;10427310048;B
20240522;101114;149.16;60;10427310460;B
20240522;101114;149.16;240;10427310461;B
20240522;101115;149.14;10;10427310598;S
20240522;101118;149.16;10;10427310911;B
20240522;101118;149.16;100;10427310945;B
20240522;101119;149.16;10;10427311054;B
20240522;101120;149.16;20;10427311185;B
20240522;101120;149.16;50;10427311187;B
20240522;101121;149.16;10;10427311508;B
20240522;101121;149.16;20;10427311531;B
20240522;101122;149.16;300;10427311548;B
20240522;101122;149.16;50;10427311615;B
20240522;101123;149.16;100;10427311873;B
20240522;101125;149.16;60;10427312076;B
20240522;101125;149.14;10;10427312131;S
20240522;101125;149.14;5500;10427312132;S
20240522;101125;149.14;10;10427312133;S
20240522;101125;149.12;10;10427312134;S
20240522;101125;149.12;500;10427312135;S
20240522;101125;149.12;10;10427312136;S
20240522;101125;149.12;610;10427312137;S
20240522;101126;149.1;10;10427312312;S
20240522;101126;149.1;20;10427312313;S
20240522;101126;149.1;50;10427312314;S
20240522;101126;149.1;120;10427312315;S
20240522;101126;149.1;400;10427312316;S
20240522;101128;149.12;50;10427312706;B
20240522;101128;149.12;450;10427312707;B
20240522;101129;149.12;10;10427312877;B
20240522;101130;149.12;10;10427313097;B
20240522;101131;149.12;1300;10427313239;B
20240522;101132;149.12;20;10427313438;B
20240522;101132;149.1;1600;10427313518;S
20240522;101132;149.1;1000;10427313519;S
20240522;101132;149.1;100;10427313520;S
20240522;101132;149.1;10;10427313521;S
20240522;101133;149.1;50;10427313657;B
20240522;101134;149.1;100;10427313964;B
20240522;101134;149.1;10;10427314002;B
20240522;101135;149.1;40;10427314131;B
20240522;101135;149.1;460;10427314132;B
20240522;101138;149.1;890;10427314424;B
20240522;101138;149.1;50;10427314425;B
20240522;101138;149.1;520;10427314426;B
20240522;101138;149.12;980;10427314427;B
20240522;101138;149.12;50;10427314428;B
20240522;101138;149.12;1680;10427314429;B
20240522;101138;149.12;2500;10427314430;B
20240522;101138;149.14;50;10427314431;B
20240522;101138;149.14;1390;10427314432;B
20240522;101138;149.14;1000;10427314433;B
20240522;101138;149.16;2890;10427314434;B
20240522;101141;149.12;10;10427314900;B
20240522;101143;149.12;10;10427315154;B
20240522;101143;149.12;30;10427315170;B
20240522;101143;149.12;120;10427315171;B
20240522;101144;149.12;10;10427315362;B
20240522;101145;149.12;10;10427315488;B
20240522;101146;149.12;30;10427315576;B
20240522;101148;149.12;350;10427315878;B
20240522;101148;149.12;50;10427315879;B
20240522;101148;149.12;600;10427315880;B
20240522;101150;149.12;20;10427316123;B
20240522;101151;149.1;10;10427316177;S
20240522;101151;149.1;1000;10427316203;S
20240522;101151;149.1;10;10427316271;B
20240522;101151;149.08;100;10427316326;S
20240522;101151;149.08;1520;10427316327;S
20240522;101151;149.08;500;10427316328;S
20240522;101151;149.08;20;10427316329;S
20240522;101151;149.06;20;10427316330;S
20240522;101151;149.06;340;10427316331;S
20240522;101151;149.06;1000;10427316332;S
20240522;101151;149.06;1500;10427316333;S
20240522;101151;149.04;900;10427316349;S
20240522;101151;149.04;40;10427316350;S
20240522;101151;149.04;10;10427316351;S
20240522;101151;149.02;100;10427316352;S
20240522;101151;149.02;160;10427316353;S
20240522;101151;149.02;10;10427316354;S
20240522;101151;149.02;10;10427316355;S
20240522;101151;149.02;1190;10427316356;S
20240522;101152;149.02;1810;10427316386;S
20240522;101152;149;50;10427316387;S
20240522;101152;149;10;10427316388;S
20240522;101152;149;10;10427316389;S
20240522;101152;149;100;10427316390;S
20240522;101152;149;20;10427316391;S
20240522;101152;149;3000;10427316392;S
20240522;101152;149;5000;10427316404;S
20240522;101152;149;20;10427316405;S
20240522;101152;149;10;10427316406;S
20240522;101152;149;100;10427316407;S
20240522;101152;149;10;10427316408;S
20240522;101152;149;1000;10427316409;S
20240522;101152;149;300;10427316410;S
20240522;101152;149;20;10427316411;S
20240522;101152;149;50;10427316412;S
20240522;101152;149;20;10427316413;S
20240522;101152;149;10;10427316414;S
20240522;101152;149;100;10427316415;S
20240522;101152;149;20;10427316416;S
20240522;101152;149;500;10427316417;S
20240522;101152;149;10;10427316418;S
20240522;101152;149;10;10427316419;S
20240522;101152;149;10;10427316420;S
20240522;101152;148.98;10;10427316421;S
20240522;101152;148.98;20;10427316422;S
20240522;101152;148.98;30;10427316423;S
20240522;101152;148.98;120;10427316424;S
20240522;101152;148.96;790;10427316425;S
20240522;101152;148.96;500;10427316426;S
20240522;101152;148.96;10;10427316427;S
20240522;101152;148.96;510;10427316428;S
20240522;101152;148.94;10;10427316429;S
20240522;101152;148.94;10;10427316430;S
20240522;101152;148.94;1000;10427316431;S
20240522;101152;148.94;50;10427316432;S
20240522;101152;148.92;260;10427316433;S
20240522;101152;148.94;10;10427316470;B
20240522;101152;148.92;700;10427316507;S
20240522;101152;148.94;50;10427316701;B
20240522;101152;148.94;610;10427316702;B
20240522;101152;148.96;50;10427316703;B
20240522;101152;148.98;50;10427316704;B
20240522;101152;148.98;510;10427316705;B
20240522;101152;148.98;1680;10427316706;B
20240522;101152;149;120;10427316707;B
20240522;101152;149;50;10427316708;B
20240522;101152;149;10000;10427316709;B
20240522;101152;149;800;10427316710;B
20240522;101152;149.02;50;10427316711;B
20240522;101152;149.02;2000;10427316712;B
20240522;101152;149.04;50;10427316713;B
20240522;101152;149.04;1350;10427316714;B
20240522;101152;149.06;50;10427316715;B
20240522;101152;149.06;4240;10427316716;B
20240522;101152;149.04;120;10427316747;B
20240522;101152;149.06;50;10427316748;B
20240522;101152;149.06;610;10427316749;B
20240522;101152;149.08;50;10427316750;B
20240522;101152;149.08;510;10427316751;B
20240522;101152;149.08;510;10427316752;B
20240522;101152;149.1;40;10427316753;B
