<DATE>;<TIME>;<LAST>;<VOL>;<ID>;<OPER>
20241227;095941;109.92;10;11858681128;S
20241227;095941;109.92;10;11858681129;S
20241227;095941;109.92;300;11858681130;S
20241227;095941;109.92;50;11858681131;S
20241227;095941;109.92;100;11858681132;S
20241227;095941;109.92;50;11858681133;B
20241227;095941;109.92;10;11858681134;B
20241227;095941;109.92;10;11858681135;B
20241227;095941;109.92;10;11858681136;S
20241227;095941;109.92;10;11858681137;S
20241227;095941;109.92;10;11858681138;S
20241227;095941;109.92;50;11858681139;S
20241227;095941;109.92;10;11858681140;S
20241227;095941;109.92;30;11858681141;B
20241227;095941;109.92;100;11858681142;B
20241227;095941;109.92;10;11858681143;B
20241227;095941;109.92;40;11858681144;S
20241227;095941;109.92;5450;11858681145;S
20241227;095941;109.92;10;11858681146;B
20241227;095941;109.92;100;11858681147;S
20241227;095941;109.92;20;11858681148;S
20241227;095941;109.92;3610;11858681149;S
20241227;095941;109.92;10;11858681150;S
20241227;095941;109.92;1400;11858681151;S
20241227;095941;109.92;560;11858681152;S
20241227;095941;109.92;400;11858681153;S
20241227;095941;109.92;10;11858681154;S
20241227;095941;109.92;10;11858681155;S
20241227;095941;109.92;30;11858681156;S
20241227;095941;109.92;50;11858681157;S
20241227;095941;109.92;700;11858681158;S
20241227;095941;109.92;10;11858681159;S
20241227;095941;109.92;20;11858681160;B
20241227;095941;109.92;450;11858681161;B
20241227;095941;109.92;10;11858681162;B
20241227;095941;109.92;20;11858681163;S
20241227;095941;109.92;10;11858681164;S
20241227;095941;109.92;20;11858681165;B
20241227;095941;109.92;10;11858681166;S
20241227;095941;109.92;10000;11858681167;S
20241227;095941;109.92;1000;11858681168;B
20241227;095941;109.92;200;11858681169;S
20241227;095941;109.92;700;11858681170;S
20241227;095941;109.92;10;11858681171;S
20241227;095941;109.92;290;11858681172;B
20241227;095941;109.92;200;11858681173;S
20241227;095941;109.92;270;11858681174;B
20241227;095941;109.92;800;11858681175;B
20241227;095941;109.92;1900;11858681176;B
20241227;095941;109.92;200;11858681177;B
20241227;095941;109.92;10;11858681178;B
20241227;095941;109.92;20;11858681179;B
20241227;095941;109.92;30;11858681180;B
20241227;095941;109.92;200;11858681181;B
20241227;095941;109.92;100;11858681182;B
20241227;100001;109.94;290;11858684547;B
20241227;100001;109.94;290;11858684549;B
20241227;100001;109.92;2780;11858684648;S
20241227;100001;109.92;2500;11858684801;S
20241227;100001;109.94;280;11858684839;B
20241227;100001;109.94;150;11858684878;B
20241227;100001;109.94;150;11858684886;B
20241227;100001;109.94;10;11858684904;B
20241227;100001;109.92;10;11858684916;S
20241227;100002;109.94;190;11858685061;B
20241227;100002;109.94;100;11858685062;B
20241227;100002;109.94;440;11858685078;B
20241227;100002;109.94;150;11858685083;B
20241227;100002;109.94;30;11858685172;B
20241227;100002;109.94;30;11858685181;B
20241227;100002;109.92;5000;11858685262;S
20241227;100002;109.92;500;11858685264;S
20241227;100002;109.92;100;11858685344;S
20241227;100003;109.94;10;11858685379;B
20241227;100003;109.92;580;11858685385;S
20241227;100003;109.92;1540;11858685386;S
20241227;100003;109.92;10;11858685387;S
20241227;100003;109.9;10;11858685577;S
20241227;100003;109.86;30;11858685578;S
20241227;100004;109.82;10;11858685958;S
20241227;100004;109.84;10;11858685959;B
20241227;100004;109.82;10;11858685962;S
20241227;100004;109.82;10;11858686124;S
20241227;100004;109.84;10;11858686184;B
20241227;100004;109.84;10;11858686185;B
20241227;100004;109.82;470;11858686205;S
20241227;100004;109.8;100;11858686206;S
20241227;100004;109.8;140;11858686207;S
20241227;100004;109.8;50;11858686353;S
20241227;100004;109.8;50;11858686422;S
20241227;100004;109.8;450;11858686423;S
20241227;100004;109.8;1200;11858686445;S
20241227;100004;109.84;10;11858686446;B
20241227;100004;109.82;10;11858686447;B
20241227;100005;109.8;10;11858686762;S
20241227;100005;109.82;10;11858686826;B
20241227;100005;109.8;10;11858686830;S
20241227;100005;109.82;20;11858686841;B
20241227;100005;109.82;10;11858686843;B
20241227;100005;109.8;10;11858686923;S
20241227;100005;109.82;50;11858687026;B
20241227;100005;109.82;40;11858687034;B
20241227;100005;109.82;30;11858687035;B
20241227;100005;109.82;10;11858687038;B
20241227;100005;109.82;10;11858687039;B
20241227;100005;109.8;10;11858687042;S
20241227;100005;109.82;10;11858687045;B
20241227;100005;109.82;40;11858687050;B
20241227;100005;109.84;10;11858687566;B
20241227;100005;109.8;10;11858687616;S
20241227;100005;109.84;30;11858687617;B
20241227;100005;109.8;10;11858687714;S
20241227;100005;109.84;10;11858687719;B
20241227;100005;109.8;10;11858687722;S
20241227;100006;109.84;10;11858687988;B
20241227;100006;109.82;20;11858688219;B
20241227;100006;109.8;10;11858688220;S
20241227;100006;109.82;10;11858688511;B
20241227;100006;109.82;10;11858688802;B
20241227;100006;109.82;10;11858688803;B
20241227;100006;109.8;40;11858688804;S
20241227;100006;109.8;10;11858688805;S
20241227;100006;109.82;30;11858688988;B
20241227;100006;109.82;10;11858688989;B
20241227;100006;109.82;10;11858688990;B
20241227;100006;109.82;10;11858688991;B
20241227;100006;109.8;10;11858689130;S
20241227;100006;109.82;10;11858689132;B
20241227;100006;109.82;10;11858689133;B
20241227;100006;109.8;10;11858689138;S
20241227;100006;109.82;50;11858689141;B
20241227;100007;109.82;10;11858689430;B
20241227;100007;109.82;10;11858689433;B
20241227;100007;109.84;10;11858689434;B
20241227;100007;109.84;100;11858689435;B
20241227;100007;109.84;10;11858689436;B
20241227;100007;109.8;10;11858689733;S
20241227;100007;109.8;190;11858689735;S
20241227;100007;109.8;50;11858689736;S
20241227;100007;109.78;310;11858689737;S
20241227;100008;109.82;10;11858690035;B
20241227;100008;109.82;10;11858690423;B
20241227;100008;109.82;280;11858690432;B
20241227;100008;109.82;30;11858690433;B
20241227;100008;109.82;10;11858690438;B
20241227;100008;109.82;10;11858690449;B
20241227;100008;109.82;10;11858691238;B
20241227;100008;109.82;10;11858691240;B
20241227;100008;109.82;10;11858691241;B
20241227;100008;109.82;500;11858691242;B
20241227;100009;109.78;10;11858691475;S
20241227;100009;109.82;10;11858691476;B
20241227;100009;109.78;20;11858691477;S
20241227;100009;109.78;10;11858691478;S
20241227;100009;109.82;10;11858691480;B
20241227;100010;109.82;360;11858691920;B
20241227;100010;109.78;180;11858692133;S
20241227;100010;109.78;10;11858692295;S
20241227;100012;109.8;2850;11858692735;B
20241227;100012;109.8;450;11858692736;B
20241227;100012;109.8;1310;11858692737;S
20241227;100012;109.8;90;11858692742;S
20241227;100012;109.8;90;11858692781;S
20241227;100013;109.8;10;11858692905;S
20241227;100014;109.82;150;11858693059;B
20241227;100014;109.82;60;11858693090;B
20241227;100014;109.8;710;11858693138;S
20241227;100015;109.82;100;11858693229;B
20241227;100016;109.8;2850;11858693434;S
20241227;100016;109.76;10;11858693531;S
20241227;100017;109.78;30;11858693735;B
20241227;100017;109.8;200;11858693736;B
20241227;100017;109.8;410;11858693737;B
20241227;100017;109.82;10;11858693774;B
20241227;100019;109.82;40;11858694219;B
20241227;100020;109.8;10;11858694558;S
20241227;100022;109.8;100;11858694903;S
20241227;100025;109.82;500;11858695483;B
20241227;100025;109.82;1970;11858695484;B
20241227;100025;109.82;200;11858695485;B
20241227;100025;109.82;410;11858695486;B
20241227;100025;109.82;1360;11858695487;B
20241227;100025;109.82;680;11858695488;B
20241227;100025;109.84;200;11858695489;B
20241227;100025;109.84;290;11858695490;B
20241227;100025;109.84;140;11858695491;B
20241227;100025;109.84;140;11858695492;B
20241227;100025;109.86;200;11858695493;B
20241227;100025;109.88;200;11858695494;B
20241227;100025;109.88;210;11858695495;B
20241227;100025;109.84;30;11858695542;B
20241227;100026;109.82;10;11858695839;S
20241227;100026;109.82;440;11858695858;S
20241227;100030;109.84;100;11858696794;B
20241227;100030;109.82;230;11858696822;S
20241227;100030;109.82;10;11858696823;S
20241227;100030;109.8;50;11858696824;S
20241227;100033;109.8;530;11858697459;S
20241227;100033;109.76;310;11858697460;S
20241227;100033;109.74;2160;11858697461;S
20241227;100033;109.78;370;11858697462;B
20241227;100033;109.8;200;11858697463;B
20241227;100033;109.8;270;11858697464;B
20241227;100033;109.8;1190;11858697466;B
20241227;100033;109.78;40;11858697594;B
20241227;100033;109.78;500;11858697619;B
20241227;100033;109.74;10;11858697637;S
20241227;100035;109.78;690;11858697897;B
20241227;100035;109.78;1040;11858697898;B
20241227;100035;109.78;560;11858697899;B
20241227;100035;109.78;470;11858697900;B
20241227;100035;109.78;270;11858697901;B
20241227;100035;109.78;420;11858698011;B
20241227;100035;109.78;870;11858698012;B
20241227;100037;109.78;10;11858698515;B
20241227;100038;109.74;30;11858698793;S
20241227;100040;109.76;500;11858699119;B
20241227;100042;109.76;10;11858699686;B
20241227;100043;109.76;10;11858699753;B
20241227;100043;109.72;560;11858699754;S
20241227;100043;109.72;2850;11858699844;S
20241227;100043;109.7;50;11858699845;S
20241227;100043;109.7;200;11858699846;S
20241227;100043;109.7;200;11858699847;S
20241227;100043;109.7;680;11858699848;S
20241227;100043;109.68;100;11858699849;S
20241227;100043;109.68;3870;11858699850;S
20241227;100045;109.68;1000;11858700167;S
20241227;100045;109.68;130;11858700264;S
20241227;100045;109.68;10;11858700265;S
20241227;100045;109.68;140;11858700295;S
20241227;100045;109.68;190;11858700333;S
20241227;100045;109.72;40;11858700339;B
20241227;100047;109.7;200;11858700915;B
20241227;100048;109.7;180;11858701008;B
20241227;100050;109.7;550;11858701454;B
20241227;100050;109.7;10;11858701455;B
20241227;100050;109.7;80;11858701456;B
20241227;100050;109.7;10;11858701457;B
20241227;100050;109.7;10;11858701458;B
20241227;100050;109.7;10;11858701459;B
20241227;100050;109.7;10;11858701494;S
20241227;100050;109.7;200;11858701495;S
20241227;100052;109.7;10;11858701906;S
20241227;100053;109.7;90;11858702134;S
20241227;100058;109.7;10;11858703444;B
20241227;100058;109.7;1360;11858703445;B
20241227;100058;109.7;680;11858703446;B
20241227;100058;109.72;2790;11858703447;B
20241227;100058;109.72;4960;11858703448;B
20241227;100059;109.68;290;11858703532;S
20241227;100100;109.7;1200;11858703805;B
20241227;100100;109.7;160;11858703827;B
20241227;100100;109.7;10;11858703828;B
20241227;100100;109.7;10;11858703829;B
20241227;100101;109.68;370;11858703971;S
20241227;100101;109.68;200;11858703972;S
20241227;100101;109.66;20;11858703973;S
20241227;100101;109.66;10;11858703974;S
20241227;100101;109.66;10;11858703975;S
20241227;100101;109.66;10;11858703976;S
20241227;100101;109.66;10;11858703977;S
20241227;100101;109.66;10;11858703978;S
20241227;100101;109.66;50;11858703979;S
20241227;100101;109.66;50;11858703980;S
20241227;100101;109.66;10;11858703981;S
20241227;100101;109.66;10;11858703982;S
20241227;100101;109.66;10;11858703983;S
20241227;100101;109.66;10;11858703984;S
20241227;100101;109.66;10;11858703985;S
20241227;100101;109.66;10;11858703986;S
20241227;100101;109.66;20;11858703987;S
20241227;100101;109.66;10;11858703988;S
20241227;100101;109.66;10;11858703989;S
20241227;100101;109.66;10;11858703990;S
20241227;100101;109.66;10;11858703991;S
20241227;100101;109.66;40;11858703992;S
20241227;100101;109.66;9960;11858704265;S
20241227;100101;109.66;30;11858704266;S
20241227;100101;109.66;500;11858704267;S
20241227;100101;109.66;20;11858704268;S
20241227;100101;109.66;30;11858704269;S
20241227;100101;109.66;1000;11858704270;S
20241227;100101;109.66;30;11858704271;S
20241227;100101;109.66;680;11858704272;S
20241227;100101;109.66;100;11858704273;S
20241227;100101;109.66;90;11858704274;S
20241227;100101;109.66;30;11858704275;S
20241227;100101;109.66;10;11858704276;S
20241227;100101;109.66;10;11858704277;S
20241227;100101;109.66;13070;11858704278;S
20241227;100103;109.68;20;11858704559;B
20241227;100103;109.66;5450;11858704841;S
20241227;100104;109.68;30;11858705070;B
20241227;100104;109.68;30;11858705076;B
20241227;100104;109.68;640;11858705100;B
20241227;100104;109.68;1360;11858705101;B
20241227;100104;109.68;680;11858705102;B
20241227;100104;109.68;1270;11858705103;B
20241227;100104;109.68;40;11858705104;B
20241227;100104;109.7;10;11858705105;B
20241227;100104;109.7;1000;11858705106;B
20241227;100105;109.68;50;11858705157;B
20241227;100105;109.66;340;11858705345;S
20241227;100106;109.68;440;11858705755;B
20241227;100106;109.68;440;11858705775;B
20241227;100108;109.66;100;11858706225;S
20241227;100108;109.68;60;11858706309;B
20241227;100108;109.68;60;11858706319;B
20241227;100109;109.68;30;11858706541;B
20241227;100109;109.68;30;11858706548;B
20241227;100110;109.66;10;11858706765;S
20241227;100112;109.66;1000;11858707648;S
20241227;100113;109.66;7000;11858708138;S
20241227;100114;109.66;10;11858708271;S
20241227;100114;109.68;10;11858708621;B
20241227;100114;109.66;150;11858708625;S
20241227;100115;109.68;240;11858708847;B
20241227;100115;109.68;90;11858708848;B
20241227;100115;109.68;170;11858708849;B
20241227;100115;109.68;1000;11858708886;B
20241227;100115;109.66;10;11858709193;S
20241227;100115;109.66;140;11858709366;S
20241227;100116;109.68;150;11858709680;B
20241227;100120;109.66;10;11858711342;S
20241227;100120;109.66;100;11858711500;S
20241227;100121;109.68;680;11858711830;B
20241227;100121;109.68;1430;11858711831;B
20241227;100121;109.68;740;11858711832;B
20241227;100122;109.66;5000;11858712695;S
20241227;100125;109.66;10;11858713788;S
20241227;100125;109.66;50;11858713959;S
20241227;100125;109.68;110;11858714044;B
20241227;100125;109.68;110;11858714069;B
20241227;100126;109.68;400;11858714151;B
20241227;100126;109.7;100;11858714152;B
20241227;100126;109.66;30;11858714210;S
20241227;100126;109.68;180;11858714301;B
20241227;100126;109.68;180;11858714326;B
20241227;100126;109.66;200;11858714359;S
20241227;100127;109.66;10;11858714709;S
20241227;100127;109.68;150;11858714792;B
20241227;100129;109.68;850;11858715513;B
20241227;100129;109.7;550;11858715514;B
20241227;100129;109.68;30;11858715567;S
20241227;100130;109.68;170;11858716200;S
20241227;100130;109.68;230;11858716201;S
20241227;100131;109.7;2400;11858716375;B
20241227;100134;109.7;230;11858717522;B
20241227;100139;109.7;40;11858719613;B
20241227;100141;109.68;1800;11858720287;S
20241227;100141;109.68;1050;11858720414;S
20241227;100141;109.68;80;11858720415;S
20241227;100141;109.68;10;11858720442;B
20241227;100142;109.66;2100;11858720546;S
20241227;100142;109.66;60;11858720547;S
20241227;100143;109.68;100;11858720903;B
20241227;100143;109.68;10;11858720916;B
20241227;100143;109.68;70;11858721026;B
20241227;100145;109.68;80;11858722021;B
20241227;100147;109.68;100;11858722538;B
20241227;100147;109.66;150;11858722801;S
20241227;100147;109.66;10;11858722802;S
20241227;100147;109.66;130;11858722803;S
20241227;100149;109.68;260;11858723311;B
20241227;100149;109.68;240;11858723525;B
20241227;100149;109.68;60;11858723526;B
20241227;100151;109.68;320;11858724051;B
20241227;100151;109.68;530;11858724052;B
20241227;100151;109.68;70;11858724053;B
20241227;100152;109.68;930;11858724508;B
20241227;100152;109.68;70;11858724509;B
20241227;100153;109.66;90;11858724814;S
20241227;100153;109.66;230;11858724817;S
20241227;100153;109.66;10;11858724818;S
20241227;100153;109.66;10;11858724819;S
20241227;100154;109.66;20;11858725005;S
20241227;100154;109.66;100;11858725006;S
20241227;100154;109.66;50;11858725007;S
20241227;100154;109.64;10;11858725221;S
20241227;100154;109.64;130;11858725222;S
20241227;100155;109.64;10;11858725507;S
20241227;100158;109.66;120;11858726364;B
20241227;100158;109.66;80;11858726365;B
20241227;100203;109.66;260;11858727922;B
20241227;100203;109.66;240;11858727923;B
20241227;100207;109.64;10;11858728974;S
20241227;100208;109.68;450;11858729475;B
20241227;100208;109.66;10;11858729512;S
20241227;100209;109.68;550;11858729642;B
20241227;100209;109.68;180;11858729643;B
20241227;100209;109.68;10;11858729644;B
20241227;100210;109.66;350;11858729891;S
20241227;100210;109.66;150;11858730012;S
20241227;100210;109.68;90;11858730089;B
20241227;100211;109.68;470;11858730188;B
20241227;100211;109.68;6000;11858730189;B
20241227;100211;109.7;680;11858730190;B
20241227;100211;109.7;300;11858730191;B
20241227;100211;109.7;200;11858730192;B
20241227;100211;109.7;100;11858730193;B
20241227;100211;109.7;1000;11858730194;B
20241227;100211;109.7;1020;11858730195;B
20241227;100211;109.7;1090;11858730196;S
20241227;100211;109.7;100;11858730198;S
20241227;100211;109.7;150;11858730360;S
20241227;100211;109.7;350;11858730361;S
20241227;100211;109.7;30;11858730395;B
20241227;100212;109.7;30;11858730546;B
20241227;100213;109.7;2770;11858730636;B
20241227;100213;109.7;2830;11858730637;B
20241227;100213;109.72;1600;11858730638;B
20241227;100213;109.66;50;11858730700;S
20241227;100213;109.66;690;11858730701;S
20241227;100213;109.7;500;11858730815;B
20241227;100213;109.7;20;11858730873;S
20241227;100215;109.72;180;11858731146;B
20241227;100215;109.7;980;11858731202;S
20241227;100215;109.7;720;11858731203;S
20241227;100215;109.7;300;11858731204;S
20241227;100215;109.72;10;11858731414;B
20241227;100217;109.72;3250;11858731702;B
20241227;100218;109.74;10;11858732050;S
20241227;100219;109.76;1000;11858732227;B
20241227;100219;109.76;500;11858732459;B
20241227;100222;109.74;730;11858733234;S
20241227;100222;109.74;180;11858733242;S
20241227;100227;109.78;30;11858734429;B
20241227;100227;109.78;470;11858734430;B
20241227;100227;109.78;10;11858734627;B
20241227;100228;109.8;10;11858734681;B
20241227;100228;109.8;40;11858734688;B
20241227;100228;109.8;20;11858734806;B
20241227;100229;109.8;330;11858734985;B
20241227;100229;109.8;10;11858734986;B
20241227;100229;109.8;60;11858734987;B
20241227;100229;109.76;200;11858735042;S
20241227;100229;109.76;80;11858735043;S
20241227;100229;109.74;1920;11858735044;S
20241227;100229;109.74;1000;11858735045;S
20241227;100229;109.74;200;11858735046;S
20241227;100229;109.74;360;11858735047;S
20241227;100229;109.74;680;11858735048;S
20241227;100229;109.72;200;11858735049;S
20241227;100229;109.7;200;11858735050;S
20241227;100229;109.7;330;11858735051;S
20241227;100229;109.7;4810;11858735052;S
20241227;100229;109.68;200;11858735053;S
20241227;100229;109.68;50;11858735054;S
20241227;100229;109.68;5560;11858735055;S
20241227;100229;109.68;8000;11858735056;S
20241227;100229;109.66;10;11858735057;S
20241227;100229;109.66;600;11858735058;S
20241227;100229;109.66;200;11858735059;S
20241227;100229;109.66;1360;11858735060;S
20241227;100229;109.64;50;11858735061;S
20241227;100229;109.64;10;11858735062;S
20241227;100229;109.64;250;11858735063;S
20241227;100229;109.64;200;11858735064;S
20241227;100229;109.64;20;11858735065;S
20241227;100229;109.62;20;11858735066;S
20241227;100229;109.62;10;11858735067;S
20241227;100229;109.62;120;11858735068;S
20241227;100229;109.62;500;11858735069;S
20241227;100229;109.62;200;11858735070;S
20241227;100229;109.62;2660;11858735071;S
20241227;100229;109.66;10;11858735226;S
20241227;100229;109.66;10;11858735237;S
20241227;100229;109.66;10;11858735241;S
20241227;100231;109.72;10;11858735836;B
20241227;100232;109.66;2800;11858736009;S
20241227;100232;109.66;680;11858736010;S
20241227;100232;109.64;200;11858736011;S
20241227;100232;109.64;390;11858736012;S
20241227;100232;109.62;200;11858736013;S
20241227;100232;109.62;1360;11858736014;S
20241227;100232;109.62;10;11858736015;S
20241227;100232;109.6;200;11858736016;S
20241227;100232;109.6;400;11858736017;S
20241227;100232;109.6;7690;11858736018;S
20241227;100232;109.58;200;11858736019;S
20241227;100232;109.58;200;11858736020;S
20241227;100232;109.58;2740;11858736021;S
20241227;100232;109.58;2930;11858736022;B
20241227;100233;109.66;50;11858736242;B
20241227;100233;109.66;10;11858736299;B
20241227;100234;109.66;30;11858736684;B
20241227;100235;109.68;20;11858736753;B
20241227;100235;109.68;10;11858736797;B
20241227;100237;109.68;40;11858737213;B
20241227;100238;109.68;130;11858737529;B
20241227;100238;109.68;1880;11858737530;B
20241227;100238;109.7;200;11858737531;B
20241227;100238;109.7;2830;11858737532;B
20241227;100238;109.7;680;11858737533;B
20241227;100238;109.7;60;11858737534;B
20241227;100238;109.72;190;11858737535;B
20241227;100238;109.72;1360;11858737536;B
20241227;100238;109.72;270;11858737537;B
20241227;100238;109.74;200;11858737538;B
20241227;100238;109.74;1500;11858737539;B
20241227;100239;109.72;200;11858737695;B
20241227;100239;109.72;300;11858737696;B
20241227;100239;109.72;20;11858737922;B
20241227;100241;109.62;200;11858738134;S
20241227;100241;109.62;300;11858738135;S
20241227;100247;109.6;1000;11858739484;S
20241227;100247;109.6;290;11858739560;S
20241227;100249;109.66;200;11858740042;B
20241227;100249;109.68;200;11858740043;B
20241227;100249;109.68;30;11858740044;B
20241227;100249;109.68;20;11858740045;B
20241227;100252;109.7;200;11858740669;B
20241227;100252;109.7;1800;11858740670;B
20241227;100254;109.68;1000;11858741025;S
20241227;100255;109.66;140;11858741066;S
20241227;100255;109.66;10;11858741105;S
20241227;100258;109.66;20;11858741649;S
20241227;100259;109.7;10;11858741773;B
20241227;100259;109.74;450;11858741774;B
20241227;100259;109.74;3000;11858741775;B
20241227;100259;109.74;200;11858741776;B
20241227;100259;109.76;200;11858741777;B
20241227;100259;109.76;1360;11858741778;B
20241227;100259;109.78;200;11858741779;B
20241227;100259;109.78;2040;11858741780;B
20241227;100259;109.78;2540;11858741914;S
20241227;100259;109.78;200;11858741915;S
20241227;100259;109.78;680;11858741916;S
20241227;100259;109.76;200;11858741917;S
20241227;100259;109.74;200;11858741918;S
20241227;100259;109.72;180;11858741919;S
20241227;100259;109.78;200;11858741965;B
20241227;100259;109.78;1390;11858741966;B
20241227;100300;109.76;10;11858741994;B
20241227;100306;109.78;200;11858743234;S
20241227;100306;109.78;170;11858743235;S
20241227;100306;109.78;130;11858743242;S
20241227;100307;109.8;20;11858743371;B
20241227;100307;109.78;10;11858743386;S
20241227;100308;109.8;10;11858743565;B
20241227;100308;109.82;100;11858743566;B
20241227;100308;109.82;20;11858743567;B
20241227;100308;109.82;20;11858743568;B
20241227;100308;109.82;220;11858743569;B
20241227;100308;109.82;120;11858743570;S
20241227;100312;109.82;250;11858744376;S
20241227;100312;109.84;10;11858744394;B
20241227;100312;109.86;180;11858744395;B
20241227;100312;109.86;230;11858744396;B
20241227;100312;109.88;200;11858744397;B
20241227;100312;109.88;2380;11858744398;B
20241227;100313;109.88;50;11858744405;B
20241227;100313;109.88;10;11858744409;B
20241227;100314;109.88;200;11858744726;B
20241227;100318;109.82;260;11858745440;S
20241227;100318;109.8;2830;11858745441;S
20241227;100318;109.8;250;11858745442;S
20241227;100318;109.78;200;11858745443;S
20241227;100318;109.78;460;11858745444;S
20241227;100324;109.8;610;11858746634;S
20241227;100327;109.78;20;11858747207;S
20241227;100328;109.78;10;11858747226;S
20241227;100331;109.8;50;11858747773;B
20241227;100331;109.8;3000;11858747774;B
20241227;100331;109.8;1000;11858747775;B
20241227;100331;109.8;320;11858747776;B
20241227;100331;109.8;3390;11858747777;S
20241227;100332;109.82;40;11858748066;B
20241227;100332;109.82;50;11858748067;B
20241227;100332;109.82;70;11858748072;S
20241227;100334;109.86;20;11858748479;B
20241227;100334;109.88;180;11858748480;B
20241227;100334;109.82;130;11858748488;S
20241227;100334;109.82;320;11858748489;S
20241227;100334;109.88;20;11858748527;B
20241227;100334;109.88;80;11858748528;B
20241227;100336;109.82;360;11858748858;S
20241227;100336;109.82;90;11858748859;S
20241227;100336;109.88;2830;11858748924;B
20241227;100336;109.88;200;11858748925;B
20241227;100336;109.88;680;11858748926;B
20241227;100336;109.88;5380;11858748927;B
20241227;100338;109.88;200;11858749237;B
20241227;100338;109.88;290;11858749238;B
20241227;100340;109.82;200;11858749584;S
20241227;100340;109.82;1150;11858749585;S
20241227;100343;109.88;1000;11858750201;B
20241227;100345;109.88;840;11858750432;B
20241227;100345;109.9;970;11858750454;B
20241227;100345;109.88;840;11858750473;B
20241227;100345;109.86;50;11858750485;S
20241227;100346;109.9;10;11858750933;B
20241227;100347;109.88;10;11858751243;S
20241227;100348;109.9;1000;11858751301;B
20241227;100349;109.9;30;11858751517;B
20241227;100350;109.9;10;11858751682;B
20241227;100350;109.88;10;11858751685;S
20241227;100351;109.9;2100;11858751820;B
20241227;100351;109.9;230;11858752037;B
20241227;100351;109.9;230;11858752069;B
20241227;100353;109.9;190;11858752567;B
20241227;100355;109.88;450;11858752814;S
20241227;100359;109.9;10;11858753998;B
20241227;100359;109.9;10;11858754149;B
20241227;100403;109.88;1350;11858754916;S
20241227;100404;109.9;10;11858755363;B
20241227;100406;109.9;70;11858755822;B
20241227;100407;109.9;20;11858755846;B
20241227;100407;109.9;110;11858755866;B
20241227;100407;109.9;1000;11858755867;B
20241227;100407;109.9;20;11858755868;B
20241227;100407;109.9;30;11858755869;B
20241227;100407;109.9;150;11858755888;S
20241227;100408;109.9;100;11858756041;S
20241227;100408;109.9;280;11858756130;S
20241227;100408;109.9;720;11858756131;S
20241227;100408;109.92;100;11858756165;B
20241227;100409;109.92;500;11858756525;B
20241227;100409;109.92;2270;11858756526;B
20241227;100409;109.92;3000;11858756527;B
20241227;100409;109.92;730;11858756528;B
20241227;100409;109.92;170;11858756529;B
20241227;100409;109.92;100;11858756530;B
20241227;100409;109.92;100;11858756531;B
20241227;100409;109.92;70;11858756549;B
20241227;100409;109.92;200;11858756562;B
20241227;100409;109.92;200;11858756564;B
20241227;100411;109.92;3430;11858756823;B
20241227;100411;109.92;700;11858756824;B
20241227;100411;109.92;760;11858756825;B
20241227;100411;109.94;10;11858756826;B
20241227;100411;109.94;10;11858756827;B
20241227;100411;109.94;10;11858756828;B
20241227;100411;109.94;10;11858756829;B
20241227;100411;109.94;10;11858756830;B
20241227;100411;109.94;60;11858756831;B
20241227;100413;109.94;20;11858757239;B
20241227;100413;109.92;150;11858757274;S
20241227;100415;109.94;2000;11858757688;B
20241227;100416;109.92;1000;11858757703;S
20241227;100416;109.94;9990;11858757727;B
20241227;100416;109.92;50;11858757856;S
20241227;100416;109.92;140;11858757873;S
20241227;100417;109.94;5000;11858757952;B
20241227;100417;109.94;600;11858757954;B
20241227;100418;109.92;10;11858758112;S
20241227;100420;109.94;1000;11858758476;B
20241227;100420;109.94;1330;11858758515;B
20241227;100420;109.94;20;11858758516;B
20241227;100420;109.94;10;11858758517;B
20241227;100420;109.94;100;11858758518;B
20241227;100420;109.96;130;11858758519;B
20241227;100420;109.96;170;11858758520;B
20241227;100420;109.96;500;11858758521;B
20241227;100421;109.98;10;11858758608;B
20241227;100421;109.98;1000;11858758609;B
20241227;100421;109.98;40;11858758610;B
20241227;100421;109.98;1000;11858758611;B
20241227;100421;109.98;100;11858758612;B
20241227;100421;109.98;1000;11858758613;B
20241227;100421;109.98;150;11858758614;B
20241227;100421;110;20;11858758615;B
20241227;100421;110;30;11858758616;B
20241227;100421;110;700;11858758617;B
20241227;100421;110;100;11858758618;B
20241227;100421;110;29180;11858758619;B
20241227;100421;110;10;11858758620;B
20241227;100421;110;28210;11858758621;B
20241227;100421;110;700;11858758622;B
20241227;100421;109.98;1780;11858758637;S
20241227;100421;109.98;680;11858758638;S
20241227;100421;109.98;200;11858758639;S
20241227;100421;109.98;1140;11858758640;S
20241227;100421;109.98;50;11858758648;S
20241227;100421;110;230;11858758672;B
20241227;100421;110;60;11858758673;B
20241227;100421;109.98;10;11858758700;S
20241227;100421;110;3000;11858758786;B
20241227;100421;110;450;11858758827;B
20241227;100421;110;5000;11858758847;B
20241227;100421;110;250;11858758862;B
20241227;100421;110;1000;11858758885;B
20241227;100421;109.98;40;11858758888;S
20241227;100422;110;10;11858758941;B
20241227;100422;110;250;11858758945;B
20241227;100422;110;50;11858758974;B
20241227;100422;110;40;11858758989;B
20241227;100423;110;3000;11858759163;B
20241227;100423;110;20;11858759170;B
20241227;100423;109.98;120;11858759289;S
20241227;100423;109.98;1540;11858759290;S
20241227;100423;109.98;60;11858759291;S
20241227;100423;109.98;680;11858759292;S
20241227;100423;109.98;10;11858759293;S
20241227;100423;109.98;2360;11858759294;S
20241227;100423;109.96;10;11858759295;S
20241227;100423;109.96;210;11858759296;S
20241227;100424;110;2510;11858759431;B
20241227;100424;110;30;11858759446;B
20241227;100424;110;200;11858759478;B
20241227;100425;109.98;30;11858759583;B
20241227;100425;109.98;10;11858759584;B
20241227;100425;109.96;200;11858759665;S
20241227;100426;109.98;1120;11858759751;B
20241227;100426;110;1880;11858759752;B
20241227;100426;109.96;1160;11858759755;S
20241227;100426;109.96;10;11858759756;S
20241227;100426;109.96;180;11858759757;S
20241227;100427;110;1980;11858759898;B
20241227;100427;110;10;11858759899;B
20241227;100427;110;10;11858759900;B
20241227;100427;110;20000;11858760049;B
20241227;100427;110;100;11858760051;B
20241227;100428;110;150;11858760070;B
20241227;100428;110;770;11858760165;B
20241227;100428;110;10;11858760166;B
20241227;100428;110;890;11858760205;B
20241227;100428;110;20;11858760206;B
20241227;100428;110;100;11858760207;B
20241227;100428;110;1080;11858760208;B
20241227;100428;110;300;11858760209;B
20241227;100428;110;20;11858760210;B
20241227;100428;110;1500;11858760211;B
20241227;100428;110;1090;11858760212;B
20241227;100428;110;60;11858760213;B
20241227;100428;110;850;11858760340;B
20241227;100428;110;10;11858760341;B
20241227;100428;110;10;11858760342;B
20241227;100428;110;60;11858760343;B
20241227;100428;110.02;10;11858760344;B
20241227;100428;110.02;10;11858760345;B
20241227;100428;110.02;10;11858760346;B
20241227;100428;110.06;20;11858760347;B
20241227;100428;110.08;40;11858760348;B
20241227;100428;110.08;430;11858760349;B
20241227;100428;110.08;70;11858760353;B
20241227;100428;110.1;10;11858760354;B
20241227;100428;110.1;10;11858760355;B
20241227;100428;110.1;20;11858760356;B
20241227;100428;110.12;390;11858760357;B
20241227;100429;110.08;50;11858760458;S
20241227;100429;110.12;250;11858760470;B
20241227;100429;110.12;970;11858760479;B
20241227;100429;110.12;30;11858760480;B
20241227;100429;110.18;500;11858760625;B
20241227;100429;110.2;10;11858760626;B
20241227;100429;110.2;230;11858760627;B
20241227;100429;110.2;10;11858760642;B
20241227;100430;110.18;10;11858760666;S
20241227;100430;110.2;1000;11858760730;B
20241227;100430;110.2;760;11858760734;B
20241227;100430;110.2;500;11858760735;B
20241227;100430;110.2;240;11858760736;B
20241227;100430;110.2;760;11858760817;B
20241227;100430;110.2;10;11858760818;B
20241227;100430;110.22;1490;11858760819;B
20241227;100431;110.26;100;11858760822;B
20241227;100431;110.24;30;11858760831;S
20241227;100431;110.26;20;11858760834;B
20241227;100432;110.26;10;11858761062;B
20241227;100434;110.24;170;11858761527;S
20241227;100434;110.22;80;11858761528;S
20241227;100434;110.26;500;11858761548;B
20241227;100435;110.24;200;11858761613;S
20241227;100435;110.22;250;11858761614;S
20241227;100435;110.24;110;11858761643;S
20241227;100435;110.24;90;11858761655;S
20241227;100435;110.24;910;11858761656;S
20241227;100438;110.26;10;11858762223;B
20241227;100438;110.26;10;11858762224;B
20241227;100438;110.26;140;11858762225;B
20241227;100438;110.26;210;11858762236;B
20241227;100438;110.26;10;11858762237;B
20241227;100438;110.26;50;11858762238;B
20241227;100438;110.28;500;11858762239;B
20241227;100438;110.28;70;11858762240;B
20241227;100438;110.28;50;11858762260;B
20241227;100438;110.28;50;11858762261;B
20241227;100438;110.28;330;11858762329;B
20241227;100438;110.3;620;11858762335;B
20241227;100438;110.3;510;11858762346;B
20241227;100438;110.28;430;11858762475;S
20241227;100438;110.28;200;11858762476;S
20241227;100438;110.28;370;11858762477;S
20241227;100438;110.3;280;11858762499;B
20241227;100438;110.3;280;11858762524;B
20241227;100439;110.28;810;11858762607;S
20241227;100439;110.3;50;11858762612;B
20241227;100439;110.3;260;11858762613;B
20241227;100439;110.3;10;11858762614;B
20241227;100439;110.3;10;11858762615;B
20241227;100439;110.32;20;11858762662;B
20241227;100440;110.38;100;11858763051;B
20241227;100440;110.38;500;11858763052;B
20241227;100440;110.38;500;11858763053;B
20241227;100440;110.4;2000;11858763054;B
20241227;100440;110.4;30;11858763055;B
20241227;100440;110.4;2000;11858763056;B
20241227;100440;110.4;1000;11858763057;B
20241227;100440;110.4;20;11858763058;B
20241227;100440;110.4;250;11858763059;B
20241227;100440;110.42;1000;11858763060;B
20241227;100440;110.42;680;11858763061;B
20241227;100440;110.44;200;11858763062;B
20241227;100440;110.44;10;11858763063;B
20241227;100440;110.44;710;11858763064;B
20241227;100440;110.38;200;11858763065;S
20241227;100440;110.38;300;11858763066;S
20241227;100440;110.4;200;11858763070;S
20241227;100440;110.4;200;11858763071;S
20241227;100440;110.4;10;11858763072;S
20241227;100440;110.4;200;11858763073;S
20241227;100440;110.4;50;11858763076;B
20241227;100440;110.46;50;11858763077;B
20241227;100440;110.44;680;11858763078;B
20241227;100440;110.46;1420;11858763079;B
20241227;100440;110.46;50;11858763088;B
20241227;100440;110.46;490;11858763090;B
20241227;100440;110.38;90;11858763093;S
20241227;100440;110.38;110;11858763115;S
20241227;100440;110.36;190;11858763116;S
20241227;100441;110.46;80;11858763180;B
20241227;100441;110.46;90;11858763184;B
20241227;100441;110.46;1000;11858763188;B
20241227;100441;110.38;10;11858763206;S
20241227;100441;110.46;10;11858763215;B
20241227;100441;110.38;10;11858763220;S
20241227;100441;110.38;10;11858763232;S
20241227;100441;110.46;10;11858763370;B
20241227;100443;110.44;6000;11858764136;S
20241227;100444;110.42;10;11858764315;S
20241227;100444;110.42;90;11858764316;S
20241227;100444;110.44;10;11858764326;B
20241227;100445;110.44;90;11858764396;B
20241227;100445;110.46;90;11858764397;B
20241227;100445;110.46;680;11858764398;B
20241227;100445;110.46;40;11858764399;B
20241227;100447;110.42;1000;11858764743;S
20241227;100447;110.44;10;11858764987;B
20241227;100447;110.46;90;11858764988;B
20241227;100448;110.42;1000;11858765003;S
20241227;100448;110.42;10;11858765100;S
20241227;100448;110.42;30;11858765101;S
20241227;100448;110.42;990;11858765102;S
20241227;100448;110.42;1350;11858765103;S
20241227;100448;110.38;10;11858765105;S
20241227;100448;110.34;1000;11858765172;S
20241227;100449;110.36;100;11858765222;B
20241227;100449;110.34;1000;11858765289;S
20241227;100449;110.34;10;11858765290;S
20241227;100449;110.34;10;11858765291;S
20241227;100449;110.34;1610;11858765431;S
20241227;100449;110.34;1350;11858765434;S
20241227;100450;110.34;1000;11858765553;S
20241227;100451;110.36;150;11858765634;B
20241227;100451;110.34;10;11858765651;S
20241227;100451;110.34;10;11858765652;S
20241227;100451;110.34;250;11858765654;S
20241227;100451;110.34;370;11858765677;S
20241227;100451;110.32;10;11858765678;S
20241227;100451;110.3;130;11858765679;S
20241227;100451;110.3;220;11858765680;B
20241227;100452;110.28;10;11858765895;S
20241227;100452;110.26;20;11858765896;S
20241227;100452;110.26;880;11858765961;S
20241227;100452;110.24;10;11858765962;S
20241227;100452;110.24;110;11858765963;S
20241227;100452;110.26;200;11858766047;B
20241227;100452;110.26;640;11858766048;B
20241227;100452;110.28;200;11858766067;B
20241227;100452;110.28;1360;11858766068;B
20241227;100452;110.3;270;11858766069;B
20241227;100452;110.3;200;11858766070;B
20241227;100452;110.32;200;11858766071;B
20241227;100452;110.34;200;11858766072;B
20241227;100452;110.34;450;11858766073;B
20241227;100452;110.34;2830;11858766074;B
20241227;100452;110.34;2830;11858766075;B
20241227;100452;110.34;680;11858766076;B
20241227;100452;110.36;200;11858766077;B
20241227;100452;110.36;10;11858766078;B
20241227;100452;110.36;2300;11858766079;B
20241227;100452;110.38;200;11858766080;B
20241227;100452;110.38;20;11858766081;B
20241227;100452;110.38;5480;11858766082;B
20241227;100452;110.4;200;11858766083;B
20241227;100452;110.4;500;11858766084;B
20241227;100452;110.4;8000;11858766085;B
20241227;100452;110.42;200;11858766086;B
20241227;100452;110.42;2000;11858766087;B
20241227;100452;110.44;70000;11858766088;B
20241227;100452;110.44;200;11858766089;B
20241227;100452;110.46;10;11858766090;B
20241227;100452;110.46;200;11858766091;B
20241227;100452;110.48;500;11858766092;B
20241227;100452;110.48;760;11858766093;B
20241227;100452;110.32;40;11858766096;B
20241227;100452;110.32;810;11858766097;B
20241227;100452;110.32;10;11858766098;B
20241227;100452;110.32;840;11858766099;B
20241227;100452;110.32;1130;11858766100;B
20241227;100453;110.34;10;11858766459;S
20241227;100454;110.4;100;11858766512;B
20241227;100454;110.4;10;11858766619;B
20241227;100455;110.38;810;11858766700;S
20241227;100455;110.38;190;11858766701;S
20241227;100456;110.4;100;11858766946;B
20241227;100458;110.36;200;11858767316;S
20241227;100458;110.36;200;11858767341;B
20241227;100458;110.36;600;11858767346;B
20241227;100458;110.4;40;11858767347;B
20241227;100458;110.4;1440;11858767348;B
20241227;100458;110.38;2830;11858767396;B
20241227;100458;110.38;1670;11858767397;B
20241227;100500;110.32;570;11858767695;S
20241227;100500;110.3;20;11858767776;S
20241227;100500;110.32;430;11858767847;B
20241227;100500;110.36;200;11858767848;B
20241227;100500;110.36;680;11858767849;B
20241227;100500;110.38;200;11858767850;B
20241227;100500;110.38;290;11858767851;B
20241227;100501;110.3;50;11858767926;S
20241227;100501;110.36;50;11858767962;B
20241227;100501;110.38;10;11858767963;B
20241227;100502;110.3;1280;11858768340;S
20241227;100502;110.3;200;11858768341;S
20241227;100502;110.3;20;11858768342;S
20241227;100503;110.36;50;11858768382;B
20241227;100503;110.38;420;11858768383;B
20241227;100503;110.38;10;11858768399;B
20241227;100503;110.38;2100;11858768537;B
20241227;100503;110.38;2830;11858768538;B
20241227;100503;110.38;1000;11858768539;B
20241227;100503;110.38;200;11858768540;B
20241227;100503;110.4;1000;11858768541;B
20241227;100503;110.4;10000;11858768542;B
20241227;100503;110.4;200;11858768543;B
20241227;100503;110.4;100;11858768544;B
20241227;100503;110.42;1000;11858768545;B
20241227;100503;110.42;10;11858768546;B
20241227;100503;110.42;200;11858768547;B
20241227;100503;110.42;1000;11858768548;B
20241227;100503;110.42;90;11858768549;B
20241227;100503;110.42;680;11858768550;B
20241227;100503;110.44;10;11858768551;B
20241227;100503;110.44;200;11858768552;B
20241227;100503;110.46;200;11858768553;B
20241227;100503;110.46;1180;11858768554;B
20241227;100503;110.36;560;11858768555;B
20241227;100505;110.4;500;11858768906;B
20241227;100505;110.4;10;11858768907;B
20241227;100505;110.46;1490;11858768908;B
20241227;100506;110.46;2830;11858769140;B
20241227;100506;110.46;1440;11858769141;B
20241227;100507;110.48;200;11858769344;B
20241227;100507;110.48;1800;11858769345;B
20241227;100507;110.42;50;11858769362;S
20241227;100507;110.38;200;11858769499;S
20241227;100507;110.38;10;11858769500;S
20241227;100507;110.38;10;11858769501;S
20241227;100508;110.4;200;11858769736;S
20241227;100508;110.4;60;11858769737;S
20241227;100509;110.4;740;11858769801;B
20241227;100509;110.46;200;11858769802;B
20241227;100509;110.48;60;11858769803;B
20241227;100513;110.42;200;11858770812;S
20241227;100513;110.42;1150;11858770813;S
20241227;100515;110.38;10;11858771515;S
20241227;100515;110.36;200;11858771516;S
20241227;100515;110.36;290;11858771517;S
20241227;100516;110.42;20;11858771576;B
20241227;100517;110.44;40;11858771834;B
20241227;100517;110.44;2830;11858771835;B
20241227;100517;110.44;200;11858771836;B
20241227;100517;110.46;5950;11858771837;B
20241227;100518;110.4;300;11858772012;S
20241227;100518;110.44;200;11858772130;B
20241227;100518;110.44;2690;11858772131;B
20241227;100518;110.4;50;11858772136;B
20241227;100518;110.4;200;11858772137;B
20241227;100519;110.4;100;11858772232;B
20241227;100519;110.4;20;11858772439;B
20241227;100520;110.34;200;11858772574;S
20241227;100521;110.4;10;11858772727;B
20241227;100521;110.38;50;11858772789;S
20241227;100523;110.38;50;11858772990;S
20241227;100523;110.38;20;11858773151;S
20241227;100523;110.36;80;11858773152;S
20241227;100524;110.34;200;11858773315;S
20241227;100524;110.34;700;11858773342;S
20241227;100525;110.34;10;11858773488;S
20241227;100525;110.36;10;11858773564;B
20241227;100525;110.34;60;11858773587;S
20241227;100526;110.36;190;11858773604;B
20241227;100526;110.38;10;11858773605;B
20241227;100526;110.34;30;11858773717;S
20241227;100526;110.34;170;11858773718;S
20241227;100527;110.36;90;11858773772;B
20241227;100527;110.38;1090;11858773773;B
20241227;100527;110.38;1730;11858773799;B
20241227;100527;110.38;200;11858773800;B
20241227;100527;110.38;1070;11858773801;B
20241227;100527;110.34;80;11858773888;S
20241227;100527;110.34;120;11858773889;S
20241227;100527;110.38;1000;11858773903;B
20241227;100528;110.32;10;11858773948;S
20241227;100528;110.32;90;11858773949;S
20241227;100531;110.32;200;11858774471;S
20241227;100531;110.32;400;11858774472;S
20241227;100531;110.34;60;11858774495;B
20241227;100531;110.38;10;11858774496;B
20241227;100531;110.4;100;11858774519;B
20241227;100531;110.32;200;11858774529;S
20241227;100531;110.32;350;11858774530;S
20241227;100531;110.32;10;11858774531;B
20241227;100531;110.32;440;11858774625;B
20241227;100531;110.38;560;11858774626;B
20241227;100532;110.32;10;11858774725;B
20241227;100533;110.38;40;11858774888;B
20241227;100533;110.38;100;11858775171;B
20241227;100534;110.3;200;11858775300;S
20241227;100534;110.3;880;11858775301;S
20241227;100535;110.32;100;11858775548;S
20241227;100536;110.32;100;11858775616;S
20241227;100536;110.32;210;11858775617;S
20241227;100536;110.3;470;11858775618;S
20241227;100536;110.3;570;11858775619;S
20241227;100538;110.32;50;11858776046;S
20241227;100540;110.34;10;11858776596;S
20241227;100543;110.36;100;11858777018;B
20241227;100545;110.32;150;11858777552;S
20241227;100545;110.32;850;11858777553;S
20241227;100545;110.32;50;11858777569;S
20241227;100545;110.32;140;11858777662;S
20241227;100545;110.32;100;11858777671;S
20241227;100546;110.36;20;11858777841;B
20241227;100549;110.32;230;11858778467;S
20241227;100554;110.32;200;11858779616;B
20241227;100554;110.32;390;11858779617;B
20241227;100554;110.32;510;11858779618;B
20241227;100554;110.34;2850;11858779619;B
20241227;100554;110.34;200;11858779620;B
20241227;100554;110.34;680;11858779621;B
20241227;100554;110.36;2380;11858779622;B
20241227;100554;110.36;1000;11858779623;B
20241227;100554;110.36;200;11858779624;B
20241227;100554;110.36;880;11858779625;B
20241227;100554;110.36;30;11858779626;B
20241227;100554;110.36;10;11858779627;B
20241227;100554;110.38;240;11858779628;B
20241227;100554;110.38;200;11858779629;B
20241227;100554;110.38;100;11858779630;B
20241227;100554;110.38;5130;11858779631;B
20241227;100554;110.3;1350;11858779632;S
20241227;100555;110.28;10;11858779696;S
20241227;100555;110.28;1000;11858779874;S
20241227;100556;110.3;50;11858779953;B
20241227;100556;110.3;10;11858780004;B
20241227;100557;110.28;50;11858780191;S
20241227;100557;110.3;1440;11858780285;B
20241227;100557;110.3;450;11858780286;B
20241227;100557;110.3;2610;11858780287;S
20241227;100557;110.28;240;11858780288;S
20241227;100559;110.28;10;11858780726;S
20241227;100559;110.28;40;11858780765;S
20241227;100559;110.26;50;11858780766;S
20241227;100559;110.24;10;11858780767;S
20241227;100559;110.24;1250;11858780768;S
20241227;100600;110.3;10;11858781115;B
20241227;100603;110.24;1360;11858781774;S
20241227;100603;110.22;640;11858781775;S
20241227;100604;110.26;200;11858781926;B
20241227;100604;110.26;50;11858781927;B
20241227;100604;110.26;680;11858781956;B
20241227;100604;110.26;200;11858781957;B
20241227;100604;110.28;2000;11858781958;B
20241227;100604;110.22;60;11858781959;S
20241227;100606;110.24;100;11858782478;S
20241227;100606;110.2;10000;11858782479;S
20241227;100606;110.2;10;11858782480;S
20241227;100606;110.2;680;11858782481;S
20241227;100606;110.18;10;11858782514;S
20241227;100607;110.18;950;11858782599;S
20241227;100607;110.2;10;11858782726;B
20241227;100607;110.2;3000;11858782732;B
20241227;100607;110.2;400;11858782733;B
20241227;100607;110.2;200;11858782734;B
20241227;100607;110.22;200;11858782735;B
20241227;100607;110.22;680;11858782736;B
20241227;100607;110.24;200;11858782737;B
20241227;100607;110.24;2830;11858782738;B
20241227;100607;110.26;200;11858782739;B
20241227;100607;110.26;1970;11858782740;B
20241227;100607;110.28;320;11858782741;B
20241227;100607;110.22;200;11858782778;S
20241227;100608;110.24;50;11858782841;B
20241227;100608;110.24;50;11858782842;B
20241227;100608;110.18;20;11858782958;S
20241227;100608;110.18;100;11858782980;S
20241227;100608;110.16;10;11858783030;S
20241227;100608;110.14;20;11858783031;S
20241227;100608;110.14;200;11858783032;S
20241227;100608;110.14;270;11858783033;S
20241227;100609;110.14;80;11858783091;S
20241227;100612;110.16;10;11858783723;S
20241227;100612;110.14;10;11858783724;S
20241227;100613;110.22;10;11858783954;B
20241227;100613;110.22;10;11858784080;B
20241227;100614;110.22;10;11858784113;B
20241227;100614;110.12;90;11858784259;S
20241227;100614;110.12;110;11858784319;S
20241227;100614;110.12;10;11858784320;S
20241227;100614;110.12;680;11858784321;S
20241227;100614;110.1;100;11858784322;S
20241227;100614;110.1;900;11858784381;S
20241227;100615;110.1;900;11858784456;S
20241227;100615;110.16;200;11858784522;B
20241227;100615;110.16;350;11858784523;B
20241227;100615;110.18;90;11858784524;B
20241227;100615;110.12;200;11858784544;S
20241227;100615;110.1;1100;11858784545;S
20241227;100615;110.1;200;11858784546;S
20241227;100615;110.08;200;11858784547;S
20241227;100615;110.08;1360;11858784548;S
20241227;100615;110.08;180;11858784549;S
20241227;100615;110.08;10;11858784550;S
20241227;100615;110.08;100;11858784551;S
20241227;100615;110.08;150;11858784552;S
20241227;100615;110.2;100;11858784558;B
20241227;100615;110.12;50;11858784602;S
20241227;100615;110.1;10;11858784603;B
20241227;100615;110.1;300;11858784604;B
20241227;100618;110.04;2140;11858785301;S
20241227;100618;110;30;11858785335;S
20241227;100618;110;40;11858785336;S
20241227;100618;110;180;11858785337;S
20241227;100619;110.04;20;11858785452;B
20241227;100620;110.04;10;11858785571;B
20241227;100622;110.04;50;11858786050;B
20241227;100622;110.04;120;11858786169;B
20241227;100622;110.04;270;11858786170;B
20241227;100622;110.04;570;11858786171;B
20241227;100622;110.04;60;11858786172;B
20241227;100622;110.04;1350;11858786245;S
20241227;100624;110.04;2180;11858786626;S
20241227;100624;110.02;530;11858786627;S
20241227;100624;110;1120;11858786628;S
20241227;100624;110;1360;11858786629;S
20241227;100624;110;10;11858786630;S
20241227;100624;110;200;11858786631;S
20241227;100624;109.98;6600;11858786632;S
20241227;100624;110.02;240;11858786720;B
20241227;100624;110.04;220;11858786821;B
20241227;100625;110.04;190;11858786860;B
20241227;100625;110;200;11858786875;S
20241227;100625;110.02;170;11858786905;B
20241227;100626;110.06;150;11858787110;B
20241227;100626;110.08;50;11858787111;B
20241227;100628;110.12;140;11858787581;B
20241227;100632;110.1;10;11858788446;S
20241227;100636;110.1;50;11858789311;S
20241227;100636;110.1;140;11858789425;S
20241227;100638;110.1;20;11858789713;S
20241227;100638;110.1;790;11858789835;S
20241227;100638;110.1;100;11858789836;S
20241227;100638;110.08;10;11858789837;S
20241227;100638;110.08;200;11858789838;S
20241227;100638;110.08;10;11858789839;S
20241227;100638;110.06;200;11858789840;S
20241227;100638;110.06;2850;11858789841;S
20241227;100638;110.04;100;11858789842;S
20241227;100638;110.04;200;11858789843;S
20241227;100638;110.04;10;11858789844;S
20241227;100638;110.04;30;11858789845;S
20241227;100638;110.04;3800;11858789846;S
20241227;100639;110.08;120;11858790063;B
20241227;100639;110.1;70;11858790064;B
20241227;100639;110.1;10;11858790065;B
20241227;100639;110.1;200;11858790066;B
20241227;100640;110.1;300;11858790242;S
20241227;100643;110.14;1360;11858790743;B
20241227;100643;110.14;180;11858790744;B
20241227;100643;110.16;110;11858790745;B
20241227;100643;110.16;200;11858790746;B
20241227;100643;110.16;20;11858790747;B
20241227;100643;110.16;680;11858790748;B
20241227;100643;110.18;200;11858790749;B
20241227;100643;110.2;200;11858790750;B
20241227;100643;110.2;50;11858790751;B
20241227;100643;110.2;2920;11858790752;S
20241227;100643;110.2;240;11858790755;S
20241227;100646;110.2;1350;11858791223;S
20241227;100647;110.22;10;11858791345;B
20241227;100652;110.22;500;11858792034;B
20241227;100655;110.22;10;11858792554;B
20241227;100655;110.24;10;11858792555;B
20241227;100656;110.2;3000;11858792661;S
20241227;100656;110.2;60;11858792878;S
20241227;100700;110.2;280;11858793403;S
20241227;100702;110.2;60;11858793801;S
20241227;100703;110.2;100;11858793973;S
20241227;100706;110.2;10;11858794472;S
20241227;100707;110.2;3130;11858794609;S
20241227;100707;110.2;60;11858794628;S
20241227;100708;110.22;30;11858794690;B
20241227;100709;110.2;770;11858794869;S
20241227;100709;110.2;580;11858794870;S
20241227;100709;110.2;420;11858794894;S
20241227;100709;110.2;10;11858794895;S
20241227;100709;110.2;570;11858794896;S
20241227;100709;110.2;1080;11858794897;S
20241227;100709;110.2;1200;11858794898;S
20241227;100709;110.2;70;11858794906;S
20241227;100709;110.2;10;11858794914;S
20241227;100711;110.2;2280;11858795151;S
20241227;100713;110.22;3000;11858795499;B
20241227;100717;110.2;1200;11858796398;S
20241227;100717;110.2;110;11858796401;S
20241227;100717;110.2;910;11858796436;S
20241227;100719;110.2;440;11858796765;S
20241227;100719;110.22;200;11858796801;B
20241227;100720;110.22;140;11858796859;B
20241227;100720;110.22;10;11858796937;B
20241227;100721;110.2;3500;11858797150;S
20241227;100721;110.2;1500;11858797151;S
20241227;100721;110.22;40;11858797170;B
20241227;100726;110.22;320;11858798122;B
20241227;100727;110.2;10;11858798408;S
20241227;100732;110.2;10;11858799246;S
20241227;100732;110.22;10;11858799301;B
20241227;100732;110.2;1350;11858799330;S
20241227;100733;110.2;300;11858799549;S
20241227;100734;110.2;8390;11858799593;S
20241227;100734;110.2;10;11858799594;S
20241227;100734;110.2;1600;11858799595;S
20241227;100736;110.2;50;11858799955;S
20241227;100736;110.22;10;11858799956;B
20241227;100742;110.2;100;11858801017;S
20241227;100742;110.2;20000;11858801103;S
20241227;100744;110.2;10;11858801363;S
20241227;100744;110.22;20;11858801372;B
20241227;100747;110.2;100;11858802255;S
20241227;100752;110.2;100;11858803108;S
20241227;100754;110.2;10;11858803537;S
20241227;100755;110.2;1350;11858803748;S
20241227;100755;110.2;200;11858803751;S
20241227;100758;110.2;1000;11858804151;S
20241227;100801;110.22;10;11858804898;B
20241227;100802;110.22;10;11858805045;B
20241227;100803;110.22;200;11858805114;B
20241227;100803;110.22;480;11858805115;B
20241227;100803;110.22;50;11858805116;B
20241227;100803;110.22;40;11858805117;B
20241227;100803;110.22;50;11858805118;B
20241227;100803;110.22;2030;11858805119;B
20241227;100805;110.22;10;11858805601;B
20241227;100807;110.2;1500;11858805971;S
20241227;100810;110.22;20;11858806455;B
20241227;100810;110.2;300;11858806481;S
20241227;100810;110.2;150;11858806565;S
20241227;100811;110.2;60;11858806740;S
20241227;100812;110.2;100;11858806958;S
20241227;100813;110.22;10;11858807205;B
20241227;100814;110.2;50;11858807376;S
20241227;100815;110.2;390;11858807583;S
20241227;100815;110.2;100;11858807584;S
20241227;100815;110.2;10;11858807585;S
20241227;100817;110.2;50;11858807838;S
20241227;100817;110.22;10;11858807895;B
20241227;100818;110.2;220;11858807957;S
20241227;100819;110.2;1350;11858808198;S
20241227;100819;110.2;50;11858808228;S
20241227;100819;110.2;20;11858808271;S
20241227;100820;110.22;50;11858808285;B
20241227;100820;110.2;500;11858808294;S
20241227;100821;110.22;200;11858808536;B
20241227;100821;110.2;2000;11858808587;S
20241227;100822;110.2;50;11858808602;S
20241227;100822;110.2;1000;11858808759;S
20241227;100824;110.2;10;11858809028;S
20241227;100824;110.22;10;11858809039;B
20241227;100828;110.22;20;11858809693;B
20241227;100828;110.22;30;11858809694;B
20241227;100831;110.2;100;11858810061;S
20241227;100833;110.22;170;11858810346;B
20241227;100833;110.22;240;11858810347;B
20241227;100833;110.22;300;11858810348;B
20241227;100833;110.22;650;11858810349;B
20241227;100833;110.22;480;11858810350;B
20241227;100833;110.22;500;11858810351;B
20241227;100833;110.22;510;11858810352;B
20241227;100833;110.22;50;11858810356;B
20241227;100833;110.22;30;11858810357;B
20241227;100833;110.22;200;11858810358;B
20241227;100833;110.2;30000;11858810418;S
20241227;100837;110.2;2500;11858811018;S
20241227;100838;110.22;90;11858811042;B
20241227;100840;110.22;200;11858811311;B
20241227;100840;110.24;40;11858811312;B
20241227;100842;110.2;300;11858811610;S
20241227;100842;110.24;30;11858811618;B
20241227;100842;110.2;1350;11858811634;S
20241227;100842;110.2;90;11858811637;S
20241227;100842;110.2;50;11858811707;S
20241227;100845;110.2;110;11858811987;S
20241227;100847;110.22;30;11858812381;B
20241227;100850;110.24;10;11858812721;B
20241227;100850;110.2;200;11858812731;S
20241227;100850;110.2;2200;11858812783;S
20241227;100850;110.2;3480;11858812810;S
20241227;100851;110.22;440;11858812851;B
20241227;100851;110.24;60;11858812852;B
20241227;100851;110.2;200;11858812974;S
20241227;100852;110.26;40;11858813045;B
20241227;100854;110.2;100;11858813468;S
20241227;100854;110.2;100;11858813503;S
20241227;100854;110.24;10;11858813508;B
20241227;100855;110.2;10;11858813586;S
20241227;100855;110.2;10;11858813705;S
20241227;100856;110.26;1000;11858813753;B
20241227;100857;110.2;200;11858813922;S
20241227;100858;110.24;10;11858814035;B
20241227;100900;110.26;10;11858814350;B
20241227;100900;110.2;100;11858814368;S
20241227;100902;110.24;20;11858814670;B
20241227;100903;110.26;150;11858814915;B
20241227;100905;110.2;1350;11858815213;S
20241227;100906;110.2;400;11858815241;S
20241227;100906;110.26;10;11858815242;B
20241227;100906;110.26;10;11858815308;B
20241227;100906;110.26;1610;11858815317;B
20241227;100906;110.26;80;11858815318;B
20241227;100906;110.26;10;11858815319;B
20241227;100906;110.26;300;11858815320;B
20241227;100906;110.26;680;11858815321;B
20241227;100906;110.26;840;11858815322;B
20241227;100906;110.28;1280;11858815323;B
20241227;100907;110.2;23050;11858815460;S
20241227;100907;110.2;1000;11858815461;S
20241227;100907;110.2;5000;11858815462;S
20241227;100907;110.2;270;11858815463;S
20241227;100907;110.2;680;11858815464;S
20241227;100909;110.2;10;11858815645;S
20241227;100909;110.2;110;11858815684;S
20241227;100911;110.22;10;11858816031;B
20241227;100911;110.22;30;11858816053;B
20241227;100912;110.2;540;11858816247;S
20241227;100914;110.22;200;11858816514;B
20241227;100917;110.2;500;11858816933;S
20241227;100918;110.22;200;11858817048;B
20241227;100918;110.22;20;11858817081;B
20241227;100922;110.2;50;11858817589;S
20241227;100922;110.2;2000;11858817591;S
20241227;100923;110.2;20;11858817754;S
20241227;100925;110.22;460;11858818003;B
20241227;100925;110.22;10;11858818073;B
20241227;100927;110.2;8690;11858818332;S
20241227;100927;110.2;10000;11858818333;S
20241227;100927;110.2;1300;11858818334;S
20241227;100927;110.2;10;11858818335;S
20241227;100927;110.22;140;11858818370;B
20241227;100928;110.22;10;11858818465;B
20241227;100928;110.2;30;11858818514;S
20241227;100929;110.2;1350;11858818543;S
20241227;100929;110.22;450;11858818633;B
20241227;100929;110.2;2240;11858818703;S
20241227;100931;110.2;2000;11858819002;S
20241227;100932;110.22;10;11858819094;B
20241227;100933;110.2;10;11858819186;S
20241227;100933;110.2;500;11858819196;S
20241227;100935;110.2;30;11858819379;S
20241227;100935;110.2;6500;11858819429;S
20241227;100935;110.22;680;11858819475;B
20241227;100935;110.22;320;11858819476;B
20241227;100936;110.2;60;11858819542;S
20241227;100937;110.2;30;11858819721;S
20241227;100938;110.2;50;11858819887;S
20241227;100938;110.2;40;11858819894;S
20241227;100939;110.2;22220;11858819977;S
20241227;100939;110.2;50;11858820050;S
20241227;100942;110.22;10;11858820306;B
20241227;100944;110.2;27480;11858820778;S
20241227;100944;110.2;80;11858820779;S
20241227;100944;110.2;8000;11858820780;S
20241227;100944;110.2;1360;11858820781;S
20241227;100944;110.2;10;11858820842;S
20241227;100944;110.2;1360;11858820843;S
20241227;100944;110.2;1360;11858820846;S
20241227;100945;110.2;100;11858820948;S
20241227;100945;110.2;1360;11858820980;S
20241227;100945;110.2;1360;11858821038;S
20241227;100946;110.2;1360;11858821072;S
20241227;100946;110.2;1360;11858821076;S
20241227;100946;110.2;1360;11858821077;S
20241227;100946;110.2;1010;11858821088;S
20241227;100946;110.2;10;11858821127;S
20241227;100947;110.2;300;11858821302;S
20241227;100948;110.2;1800;11858821367;S
20241227;100948;110.22;2500;11858821435;B
20241227;100948;110.22;70;11858821436;B
20241227;100949;110.2;400;11858821496;S
20241227;100950;110.2;4300;11858821959;S
20241227;100950;110.2;20;11858821960;S
20241227;100950;110.2;10;11858821961;S
20241227;100950;110.2;1230;11858821962;S
20241227;100950;110.2;490;11858821966;S
20241227;100950;110.2;970;11858821967;S
20241227;100951;110.2;100;11858822040;S
20241227;100952;110.2;1350;11858822218;S
20241227;100952;110.2;500;11858822336;S
20241227;100953;110.2;1000;11858822500;S
20241227;100956;110.2;260;11858822794;S
20241227;100958;110.22;20;11858823078;B
20241227;100958;110.22;120;11858823079;B
20241227;101002;110.2;200;11858823686;S
20241227;101005;110.22;10;11858824211;B
20241227;101008;110.2;140;11858824501;S
20241227;101009;110.2;240;11858824673;S
20241227;101010;110.22;100;11858824724;B
20241227;101012;110.2;10;11858825047;S
20241227;101015;110.2;1350;11858825546;S
20241227;101015;110.2;400;11858825547;S
20241227;101015;110.2;14850;11858825553;S
20241227;101015;110.2;10;11858825554;S
20241227;101015;110.2;140;11858825555;S
20241227;101016;110.22;40;11858825643;B
20241227;101016;110.22;10;11858825644;B
20241227;101016;110.2;100;11858825698;S
20241227;101017;110.2;880;11858825898;S
20241227;101018;110.22;10;11858825921;B
20241227;101018;110.2;850;11858825938;S
20241227;101018;110.2;10;11858825939;S
20241227;101019;110.2;2500;11858826093;S
20241227;101020;110.2;1000;11858826166;S
20241227;101028;110.2;450;11858827284;S
20241227;101028;110.2;10;11858827293;S
20241227;101029;110.2;90;11858827308;S
20241227;101029;110.2;10;11858827430;S
20241227;101030;110.22;1500;11858827469;B
20241227;101030;110.2;20;11858827535;S
20241227;101030;110.22;10;11858827550;B
20241227;101031;110.22;50;11858827651;B
20241227;101031;110.2;50;11858827685;S
20241227;101033;110.2;1900;11858828106;S
20241227;101034;110.22;10;11858828233;B
20241227;101037;110.2;200;11858828664;S
20241227;101038;110.2;790;11858828765;S
20241227;101038;110.2;10;11858828766;S
20241227;101038;110.2;200;11858828767;S
20241227;101038;110.2;1350;11858828772;S
20241227;101041;110.22;100;11858829219;B
20241227;101042;110.2;1230;11858829252;S
20241227;101042;110.2;7670;11858829253;S
20241227;101042;110.2;10;11858829254;S
20241227;101042;110.2;1090;11858829255;S
20241227;101045;110.2;30;11858829725;S
20241227;101045;110.22;10;11858829750;B
20241227;101047;110.22;10;11858830061;B
20241227;101050;110.2;100;11858830391;S
20241227;101053;110.2;100;11858830810;S
20241227;101053;110.2;2000;11858830852;S
20241227;101056;110.22;10;11858831303;B
20241227;101056;110.22;5400;11858831312;B
20241227;101056;110.2;100;11858831388;S
20241227;101057;110.22;10;11858831537;B
20241227;101057;110.2;180;11858831556;S
20241227;101100;110.2;10;11858831855;S
20241227;101101;110.2;50;11858832028;S
20241227;101101;110.2;10;11858832031;S
20241227;101102;110.2;1350;11858832104;S
20241227;101102;110.2;10;11858832164;S
20241227;101105;110.2;50;11858832528;S
20241227;101105;110.22;2660;11858832530;B
20241227;101105;110.2;100;11858832596;S
20241227;101106;110.22;20;11858832717;B
20241227;101109;110.22;190;11858833095;B
20241227;101109;110.22;310;11858833096;B
20241227;101112;110.22;190;11858833458;B
20241227;101112;110.22;710;11858833459;B
20241227;101114;110.22;30;11858833821;B
20241227;101115;110.22;10;11858833884;B
20241227;101116;110.2;200;11858834001;S
20241227;101117;110.2;180;11858834137;S
20241227;101117;110.2;10;11858834138;S
20241227;101117;110.2;310;11858834139;S
20241227;101119;110.22;10;11858834456;B
20241227;101121;110.22;3000;11858834709;B
20241227;101122;110.2;30;11858834869;S
20241227;101122;110.22;150;11858834877;B
20241227;101122;110.22;50;11858834878;B
20241227;101123;110.22;20;11858834997;B
20241227;101125;110.2;120;11858835254;S
20241227;101125;110.2;1230;11858835255;S
20241227;101125;110.22;200;11858835326;B
20241227;101126;110.2;10;11858835328;S
20241227;101126;110.2;500;11858835352;S
20241227;101129;110.22;30;11858835833;B
20241227;101129;110.22;10;11858835834;B
20241227;101129;110.22;220;11858835835;B
20241227;101129;110.22;10;11858835907;B
20241227;101130;110.22;40;11858835935;B
20241227;101130;110.22;200;11858835936;B
20241227;101130;110.22;870;11858835937;B
20241227;101130;110.22;590;11858835938;B
20241227;101131;110.22;10;11858836148;B
20241227;101132;110.2;300;11858836256;S
20241227;101132;110.2;2850;11858836326;S
20241227;101132;110.2;2280;11858836334;S
20241227;101133;110.2;2830;11858836531;S
20241227;101133;110.2;10;11858836532;S
20241227;101133;110.2;10;11858836533;S
20241227;101134;110.2;300;11858836666;S
20241227;101135;110.2;2850;11858836767;S
20241227;101136;110.2;200;11858836876;S
20241227;101136;110.2;10;11858836946;S
20241227;101138;110.22;20;11858837169;B
20241227;101139;110.22;10;11858837369;B
20241227;101143;110.22;100;11858837748;B
20241227;101146;110.2;170;11858838175;S
20241227;101148;110.2;1350;11858838376;S
20241227;101149;110.22;20;11858838521;B
20241227;101152;110.2;80;11858838798;S
20241227;101153;110.2;20;11858838907;S
20241227;101159;110.2;10;11858839669;S
20241227;101159;110.2;190;11858839670;S
20241227;101201;110.2;10;11858839969;S
20241227;101201;110.2;10;11858839970;S
20241227;101201;110.2;10;11858839971;S
20241227;101202;110.22;400;11858840122;B
20241227;101206;110.22;100;11858840688;B
20241227;101206;110.22;140;11858840714;B
20241227;101208;110.22;1110;11858840942;B
20241227;101208;110.22;30;11858840943;B
20241227;101208;110.22;30;11858840944;B
20241227;101208;110.22;870;11858840945;B
20241227;101208;110.22;500;11858840946;B
20241227;101208;110.22;300;11858840947;B
20241227;101208;110.22;100;11858840948;B
20241227;101208;110.22;100;11858840949;B
20241227;101211;110.22;1360;11858841310;S
20241227;101213;110.22;230;11858841447;S
20241227;101214;110.24;200;11858841509;B
20241227;101217;110.22;100;11858841767;S
20241227;101217;110.22;50;11858841810;S
20241227;101218;110.22;6330;11858841856;S
20241227;101218;110.22;200;11858841857;S
20241227;101218;110.22;680;11858841858;S
20241227;101218;110.22;400;11858841859;S
20241227;101218;110.22;10;11858841860;S
20241227;101218;110.22;1500;11858841861;S
20241227;101218;110.2;10880;11858841862;S
20241227;101223;110.24;10;11858842497;B
20241227;101224;110.24;20;11858842622;B
20241227;101230;110.24;100;11858843322;B
20241227;101231;110.24;370;11858843444;B
20241227;101231;110.24;120;11858843445;B
20241227;101231;110.24;200;11858843446;B
20241227;101231;110.24;810;11858843447;B
20241227;101233;110.24;20;11858843741;B
20241227;101235;110.22;200;11858843936;S
20241227;101235;110.22;1150;11858843937;S
20241227;101242;110.24;40;11858844655;B
20241227;101242;110.24;100;11858844656;B
20241227;101242;110.26;80;11858844657;B
20241227;101249;110.24;100;11858845380;B
20241227;101250;110.26;70;11858845436;B
20241227;101257;110.26;50;11858846138;B
20241227;101257;110.26;50;11858846139;B
20241227;101257;110.26;100;11858846185;B
20241227;101258;110.26;90;11858846215;B
20241227;101258;110.24;100;11858846226;S
20241227;101258;110.24;680;11858846227;S
20241227;101258;110.24;10;11858846228;S
20241227;101258;110.24;90;11858846229;S
20241227;101258;110.24;90;11858846230;S
20241227;101258;110.24;90;11858846231;S
20241227;101258;110.24;90;11858846232;S
20241227;101258;110.24;200;11858846233;S
20241227;101301;110.24;30;11858846680;S
20241227;101303;110.26;10;11858846918;B
20241227;101304;110.24;10;11858846972;S
20241227;101305;110.26;100;11858847040;B
20241227;101306;110.26;50;11858847107;B
20241227;101309;110.24;10;11858847402;S
20241227;101309;110.24;490;11858847403;S
20241227;101310;110.26;20;11858847512;B
20241227;101310;110.24;50;11858847535;S
20241227;101311;110.26;10;11858847625;B
20241227;101312;110.24;20;11858847738;S
20241227;101312;110.24;550;11858847739;S
20241227;101312;110.26;10;11858847754;B
20241227;101314;110.26;10;11858847962;B
20241227;101314;110.26;50;11858847963;B
20241227;101314;110.24;10;11858848082;S
20241227;101314;110.24;10;11858848083;S
20241227;101321;110.26;100;11858848935;B
20241227;101321;110.24;30;11858848994;S
20241227;101321;110.24;10;11858848995;S
20241227;101321;110.24;680;11858848996;S
20241227;101321;110.24;500;11858848997;S
20241227;101321;110.22;130;11858848998;S
20241227;101322;110.26;200;11858849056;B
20241227;101325;110.24;10;11858849403;S
20241227;101325;110.24;190;11858849404;S
20241227;101329;110.24;10;11858849895;S
20241227;101329;110.24;190;11858849896;S
20241227;101330;110.24;10;11858849907;S
20241227;101330;110.24;40;11858849908;S
20241227;101332;110.24;10;11858850129;S
20241227;101332;110.24;190;11858850130;S
20241227;101334;110.24;10;11858850329;S
20241227;101334;110.24;680;11858850330;S
20241227;101334;110.22;1830;11858850331;S
20241227;101334;110.26;100;11858850399;B
20241227;101335;110.24;10;11858850596;S
20241227;101335;110.24;190;11858850597;S
20241227;101335;110.26;250;11858850619;B
20241227;101335;110.26;50;11858850620;B
20241227;101336;110.26;350;11858850643;B
20241227;101336;110.26;200;11858850644;B
20241227;101337;110.26;10;11858850762;B
20241227;101337;110.26;320;11858850763;B
20241227;101344;110.24;10;11858851810;S
20241227;101344;110.24;400;11858851811;S
20241227;101344;110.24;50;11858851812;S
20241227;101344;110.24;680;11858851813;S
20241227;101344;110.24;10;11858851814;S
20241227;101344;110.22;200;11858851815;S
20241227;101345;110.24;10;11858851953;S
20241227;101345;110.24;10;11858851977;B
20241227;101346;110.24;10;11858851994;B
20241227;101346;110.24;10;11858852019;B
20241227;101346;110.24;10;11858852033;B
20241227;101353;110.22;6000;11858853063;S
20241227;101354;110.24;20;11858853105;B
20241227;101355;110.22;450;11858853258;S
20241227;101356;110.22;1350;11858853362;S
20241227;101356;110.22;200;11858853363;S
20241227;101356;110.2;13910;11858853364;S
20241227;101356;110.2;12070;11858853365;S
20241227;101356;110.2;2000;11858853366;S
20241227;101356;110.2;10;11858853367;S
20241227;101356;110.2;670;11858853368;S
20241227;101356;110.2;600;11858853369;S
20241227;101356;110.2;10;11858853370;S
20241227;101356;110.2;680;11858853371;S
20241227;101356;110.24;10;11858853372;B
20241227;101357;110.2;20;11858853582;S
20241227;101400;110.2;130;11858854032;S
20241227;101400;110.22;2830;11858854129;B
20241227;101400;110.22;680;11858854130;B
20241227;101400;110.22;620;11858854131;B
20241227;101400;110.22;200;11858854132;B
20241227;101400;110.22;60;11858854133;B
20241227;101402;110.2;1000;11858854554;S
20241227;101405;110.2;1000;11858855136;S
20241227;101406;110.2;10;11858855288;S
20241227;101406;110.2;660;11858855372;S
20241227;101408;110.2;1330;11858855927;S
20241227;101408;110.2;10;11858855928;S
20241227;101408;110.2;10;11858855929;S
20241227;101409;110.2;500;11858856254;S
20241227;101409;110.22;100;11858856283;B
20241227;101409;110.22;10;11858856348;B
20241227;101409;110.2;120;11858856350;S
20241227;101411;110.2;3000;11858856703;S
20241227;101412;110.2;500;11858857033;S
20241227;101413;110.22;10;11858857177;B
20241227;101414;110.2;50;11858857227;S
20241227;101414;110.22;100;11858857229;B
20241227;101414;110.2;50;11858857318;S
20241227;101415;110.2;500;11858857397;S
20241227;101416;110.2;100;11858857496;S
20241227;101416;110.22;740;11858857573;B
20241227;101416;110.2;19990;11858857575;S
20241227;101416;110.2;10;11858857576;S
20241227;101417;110.22;100;11858857766;B
20241227;101417;110.22;10;11858857887;B
20241227;101417;110.2;500;11858857909;S
20241227;101418;110.2;10;11858857940;S
20241227;101420;110.2;1810;11858858237;S
20241227;101421;110.22;1700;11858858496;B
20241227;101421;110.22;200;11858858497;B
20241227;101421;110.22;950;11858858498;B
20241227;101423;110.2;500;11858858665;S
20241227;101424;110.22;1540;11858858770;B
20241227;101424;110.22;620;11858858771;B
20241227;101424;110.22;690;11858858772;B
20241227;101424;110.2;22210;11858858791;S
20241227;101424;110.2;10;11858858792;S
20241227;101426;110.2;2490;11858859031;S
20241227;101426;110.2;10;11858859032;S
20241227;101428;110.2;9980;11858859283;S
20241227;101428;110.2;10;11858859284;S
20241227;101428;110.2;10;11858859285;S
20241227;101428;110.2;2970;11858859289;S
20241227;101428;110.2;400;11858859343;S
20241227;101429;110.2;10;11858859411;S
20241227;101429;110.2;9990;11858859463;S
20241227;101429;110.2;10;11858859464;S
20241227;101429;110.2;5000;11858859521;S
20241227;101429;110.22;670;11858859554;B
20241227;101429;110.22;500;11858859555;B
20241227;101429;110.22;680;11858859556;B
20241227;101429;110.22;620;11858859557;B
20241227;101429;110.22;200;11858859558;B
20241227;101429;110.22;180;11858859559;S
20241227;101429;110.2;180;11858859560;S
20241227;101430;110.2;280;11858859619;S
20241227;101430;110.2;790;11858859620;S
20241227;101430;110.2;10;11858859621;S
20241227;101431;110.2;1350;11858859793;S
20241227;101433;110.22;100;11858860082;B
20241227;101437;110.2;50;11858860603;S
20241227;101438;110.2;40;11858860765;S
20241227;101440;110.2;9990;11858860965;S
20241227;101440;110.2;10;11858860966;S
20241227;101440;110.2;40;11858860972;S
20241227;101442;110.2;9990;11858861184;S
20241227;101442;110.2;10;11858861185;S
20241227;101444;110.2;4000;11858861800;S
20241227;101444;110.2;1000;11858861801;S
20241227;101445;110.22;580;11858862278;B
20241227;101445;110.22;370;11858862279;B
20241227;101447;110.2;1320;11858863309;S
20241227;101448;110.2;10;11858864266;S
20241227;101450;110.2;19410;11858865472;S
20241227;101450;110.2;540;11858865473;S
20241227;101450;110.2;50;11858865474;S
20241227;101452;110.2;400;11858866358;S
20241227;101452;110.22;50;11858866504;B
20241227;101454;110.2;900;11858867490;S
20241227;101454;110.2;1350;11858867739;S
20241227;101455;110.2;50;11858867947;S
20241227;101456;110.2;3470;11858868702;S
20241227;101456;110.2;20;11858868703;S
20241227;101456;110.2;10;11858868704;S
20241227;101456;110.22;100;11858869119;B
20241227;101458;110.22;10;11858869813;B
20241227;101459;110.2;300;11858870380;S
20241227;101500;110.2;10;11858870804;S
20241227;101503;110.2;2850;11858871536;S
20241227;101504;110.2;40;11858871622;S
20241227;101505;110.2;10;11858871866;S
20241227;101505;110.2;1350;11858871913;S
20241227;101506;110.22;340;11858871958;B
20241227;101506;110.22;750;11858871959;B
20241227;101506;110.22;5000;11858871960;B
20241227;101506;110.22;1360;11858871961;B
20241227;101506;110.22;680;11858871962;B
20241227;101506;110.22;10;11858872032;B
20241227;101508;110.22;100;11858872330;B
20241227;101510;110.2;2850;11858872566;S
20241227;101510;110.2;1360;11858872623;S
20241227;101511;110.2;2850;11858872855;S
20241227;101513;110.2;10;11858873070;S
20241227;101513;110.2;2630;11858873116;S
20241227;101513;110.2;1370;11858873117;S
20241227;101514;110.2;10;11858873356;S
20241227;101516;110.2;1590;11858873614;S
20241227;101516;110.2;3030;11858873757;S
20241227;101516;110.2;250;11858873758;S
20241227;101516;110.2;6720;11858873759;S
20241227;101517;110.2;10000;11858873794;S
20241227;101517;110.22;50;11858873796;B
20241227;101517;110.2;10;11858873835;S
20241227;101517;110.2;10;11858873836;S
20241227;101517;110.2;100;11858873926;S
20241227;101518;110.2;1350;11858873958;S
20241227;101518;110.2;200;11858873962;S
20241227;101519;110.2;2500;11858874165;S
20241227;101519;110.2;1000;11858874167;S
20241227;101520;110.2;10;11858874240;S
20241227;101521;110.22;90;11858874329;B
20241227;101521;110.2;1590;11858874342;S
20241227;101521;110.2;950;11858874412;S
20241227;101522;110.2;10;11858874492;S
20241227;101522;110.22;50;11858874527;B
20241227;101522;110.2;10000;11858874548;S
20241227;101522;110.2;10000;11858874554;S
20241227;101524;110.22;10;11858874854;B
20241227;101528;110.22;480;11858875381;B
20241227;101528;110.22;750;11858875382;B
20241227;101528;110.22;20;11858875383;B
20241227;101528;110.22;1360;11858875384;B
20241227;101528;110.22;410;11858875385;B
20241227;101533;110.2;50;11858876077;S
20241227;101537;110.2;350;11858876518;S
20241227;101538;110.22;90;11858876692;B
20241227;101538;110.22;100;11858876693;B
20241227;101538;110.22;680;11858876694;B
20241227;101538;110.22;80;11858876695;B
20241227;101538;110.2;10;11858876696;S
20241227;101538;110.2;50;11858876731;S
20241227;101538;110.22;10;11858876765;B
20241227;101540;110.22;30;11858877018;B
20241227;101540;110.2;500;11858877021;S
20241227;101540;110.2;1000;11858877038;S
20241227;101541;110.2;1350;11858877149;S
20241227;101541;110.2;10;11858877150;S
20241227;101541;110.2;2500;11858877245;S
20241227;101542;110.2;270;11858877363;S
20241227;101545;110.16;10;11858877796;S
20241227;101545;110.14;260;11858877797;S
20241227;101547;110.14;10;11858878048;B
20241227;101547;110.1;10;11858878061;S
20241227;101547;110.1;190;11858878077;S
20241227;101547;110.1;340;11858878078;S
20241227;101547;110.1;10;11858878079;S
20241227;101547;110.08;730;11858878080;S
20241227;101547;110.08;3730;11858878081;S
20241227;101548;110.06;200;11858878234;S
20241227;101548;110.12;50;11858878286;B
20241227;101548;110.12;450;11858878287;B
20241227;101548;110.06;100;11858878299;S
20241227;101552;110.1;130;11858878726;B
20241227;101553;110.12;100;11858878908;B
20241227;101554;110.08;100;11858879032;S
20241227;101554;110.08;20;11858879033;S
20241227;101555;110.12;910;11858879194;B
20241227;101557;110.06;200;11858879408;S
20241227;101557;110.06;680;11858879409;S
20241227;101557;110.04;200;11858879410;S
20241227;101557;110.04;920;11858879411;S
20241227;101601;110.06;10;11858879907;S
20241227;101601;110.1;500;11858879949;B
20241227;101601;110.12;80;11858879950;B
20241227;101601;110.12;420;11858879951;B
20241227;101601;110.12;50;11858880022;B
20241227;101604;110.06;190;11858880581;S
20241227;101604;110.06;680;11858880582;S
20241227;101604;110.04;300;11858880583;S
20241227;101604;110.04;180;11858880584;S
20241227;101606;110.04;200;11858880833;S
20241227;101606;110.02;10;11858880834;S
20241227;101606;110.02;200;11858880835;S
20241227;101606;110.02;330;11858880836;S
20241227;101608;110.08;500;11858881332;B
20241227;101609;110.02;4990;11858881511;S
20241227;101610;110.02;10;11858881707;S
20241227;101610;110.02;10;11858881708;S
20241227;101610;110.02;80;11858881709;S
20241227;101612;110.08;10;11858881933;B
20241227;101617;110.02;100;11858883525;S
20241227;101617;110.02;100;11858883634;S
20241227;101617;110.02;10;11858883635;S
20241227;101617;110.02;10;11858883636;S
20241227;101617;110;10;11858883637;S
20241227;101617;110;870;11858883638;S
20241227;101618;110.02;20;11858884232;S
20241227;101618;110.02;180;11858884545;S
20241227;101618;110.02;10;11858884546;S
20241227;101619;110.02;210;11858885288;B
20241227;101619;110;30;11858885289;S
20241227;101619;110;9060;11858885290;S
20241227;101619;110;940;11858885316;S
20241227;101619;110;50;11858885317;S
20241227;101619;110;50;11858885318;S
20241227;101619;110;3000;11858885319;S
20241227;101619;110;150;11858885320;S
20241227;101619;110;10;11858885321;S
20241227;101619;110;100;11858885322;S
20241227;101619;110;50;11858885323;S
20241227;101619;110;90;11858885324;S
20241227;101619;110;10;11858885325;S
20241227;101619;110;200;11858885326;S
20241227;101619;110;10;11858885327;S
20241227;101621;109.98;300;11858887257;S
20241227;101622;110;500;11858887817;B
20241227;101622;109.98;50;11858887923;S
20241227;101622;109.96;10;11858887924;S
20241227;101622;109.96;10;11858887925;S
20241227;101622;109.96;30;11858887926;S
20241227;101626;109.96;50;11858890436;B
20241227;101627;109.94;150;11858891556;S
20241227;101627;109.94;10;11858891557;S
20241227;101627;109.94;1190;11858891558;S
20241227;101628;109.92;10;11858891705;S
20241227;101628;109.92;100;11858891757;S
20241227;101632;109.96;20;11858892598;B
20241227;101633;109.92;500;11858892823;S
20241227;101634;109.92;100;11858892941;S
20241227;101636;109.96;10;11858893263;B
20241227;101637;109.92;290;11858893613;S
20241227;101637;109.92;10;11858893614;S
20241227;101637;109.92;280;11858893615;S
20241227;101637;109.92;10;11858893616;S
20241227;101639;109.92;20;11858893846;S
20241227;101641;109.92;70;11858894322;S
20241227;101642;109.92;3220;11858894560;S
20241227;101642;109.92;410;11858894561;S
20241227;101642;109.9;1000;11858894562;S
20241227;101642;109.9;5370;11858894563;S
20241227;101642;109.88;10;11858894571;S
20241227;101642;109.88;140;11858894572;S
20241227;101643;109.92;10;11858894601;B
20241227;101643;109.88;860;11858894662;S
20241227;101643;109.88;50;11858894663;S
20241227;101643;109.88;2000;11858894664;S
20241227;101643;109.88;300;11858894665;S
20241227;101643;109.88;10;11858894666;S
20241227;101643;109.88;680;11858894667;S
20241227;101643;109.88;200;11858894668;S
20241227;101643;109.86;900;11858894669;S
20241227;101644;109.86;70;11858894892;S
20241227;101644;109.86;3000;11858894914;S
20241227;101646;109.86;3500;11858895279;S
20241227;101646;109.9;40;11858895288;B
20241227;101647;109.9;360;11858895359;B
20241227;101651;109.86;1350;11858896265;S
20241227;101651;109.86;130;11858896305;S
20241227;101651;109.86;1000;11858896387;S
20241227;101652;109.86;1000;11858896473;S
20241227;101652;109.86;1000;11858896527;S
20241227;101652;109.86;1000;11858896562;S
20241227;101652;109.86;1000;11858896611;S
20241227;101653;109.86;490;11858896617;S
20241227;101653;109.86;50;11858896655;S
20241227;101653;109.86;1000;11858896658;S
20241227;101653;109.86;300;11858896691;S
20241227;101655;109.86;50;11858896882;S
20241227;101655;109.86;500;11858896961;S
20241227;101656;109.86;500;11858897001;S
20241227;101657;109.88;10;11858897401;B
20241227;101659;109.86;1790;11858897744;S
20241227;101700;109.88;10;11858897921;B
20241227;101700;109.86;3240;11858897961;S
20241227;101701;109.88;20;11858898013;B
20241227;101703;109.86;230;11858898468;S
20241227;101703;109.86;6500;11858898473;S
20241227;101703;109.86;1000;11858898503;S
20241227;101704;109.86;100;11858898734;S
20241227;101705;109.86;10;11858898875;S
20241227;101705;109.86;320;11858898920;S
20241227;101705;109.86;10;11858898921;S
20241227;101706;109.86;18220;11858899030;S
20241227;101706;109.86;500;11858899032;S
20241227;101706;109.86;2000;11858899043;S
20241227;101706;109.88;10;11858899049;B
20241227;101707;109.86;10;11858899121;S
20241227;101709;109.86;10;11858899392;S
20241227;101709;109.86;10;11858899393;S
20241227;101709;109.88;150;11858899491;B
20241227;101711;109.86;10;11858900055;S
20241227;101711;109.88;100;11858900151;B
20241227;101711;109.86;10;11858900269;S
20241227;101713;109.86;1200;11858900594;S
20241227;101713;109.88;20;11858900612;B
20241227;101714;109.86;1350;11858900845;S
20241227;101714;109.88;10;11858900864;B
20241227;101715;109.88;300;11858900972;B
20241227;101715;109.86;3000;11858901006;S
20241227;101715;109.86;20;11858901007;S
20241227;101715;109.86;600;11858901044;S
20241227;101715;109.86;10;11858901045;S
20241227;101716;109.86;1680;11858901119;S
20241227;101716;109.86;920;11858901252;S
20241227;101717;109.86;200;11858901295;S
20241227;101717;109.86;100;11858901297;S
20241227;101717;109.86;1000;11858901353;S
20241227;101717;109.86;200;11858901379;S
20241227;101718;109.86;10;11858901554;S
20241227;101719;109.86;380;11858901612;S
20241227;101720;109.88;10;11858901827;B
20241227;101723;109.86;200;11858902423;S
20241227;101727;109.86;1000;11858903243;S
20241227;101730;109.88;500;11858903701;B
20241227;101730;109.86;700;11858903968;S
20241227;101732;109.86;50;11858904300;S
20241227;101733;109.86;50;11858904515;S
20241227;101737;109.88;50;11858905123;B
20241227;101737;109.88;630;11858905124;B
20241227;101737;109.88;200;11858905125;B
20241227;101737;109.88;120;11858905147;S
20241227;101737;109.88;380;11858905148;S
20241227;101737;109.88;800;11858905157;S
20241227;101737;109.88;550;11858905158;S
20241227;101739;109.9;20;11858905338;B
20241227;101739;109.9;1000;11858905339;B
20241227;101739;109.9;10;11858905340;B
20241227;101739;109.92;590;11858905341;B
20241227;101739;109.92;20;11858905342;B
20241227;101739;109.92;100;11858905343;B
20241227;101739;109.92;200;11858905344;B
20241227;101739;109.92;1360;11858905345;B
20241227;101739;109.94;200;11858905346;B
20241227;101739;109.94;680;11858905347;B
20241227;101739;109.94;70;11858905348;B
20241227;101739;109.94;750;11858905349;B
20241227;101739;109.92;500;11858905407;B
20241227;101748;109.9;80;11858906673;S
20241227;101748;109.9;200;11858906674;S
20241227;101748;109.9;680;11858906675;S
20241227;101750;109.88;200;11858906944;S
20241227;101750;109.88;300;11858906945;S
20241227;101754;109.88;50;11858907941;S
20241227;101757;109.88;20;11858908360;S
20241227;101800;109.9;500;11858908858;B
20241227;101800;109.9;500;11858908928;B
20241227;101800;109.88;730;11858909039;S
20241227;101800;109.88;540;11858909040;S
20241227;101800;109.88;80;11858909041;S
20241227;101801;109.88;10;11858909067;S
20241227;101801;109.86;50;11858909068;S
20241227;101803;109.88;10;11858909301;S
20241227;101805;109.9;20;11858909640;B
20241227;101809;109.88;90;11858910290;B
20241227;101809;109.88;410;11858910313;B
20241227;101810;109.9;30;11858910705;B
20241227;101812;109.9;10;11858911164;B
20241227;101813;109.88;260;11858911328;S
20241227;101813;109.86;240;11858911329;S
20241227;101813;109.86;6230;11858911343;S
20241227;101813;109.86;100;11858911344;S
20241227;101813;109.86;500;11858911345;S
20241227;101813;109.86;10;11858911346;S
20241227;101813;109.86;10;11858911347;S
20241227;101813;109.86;2360;11858911348;S
20241227;101813;109.86;680;11858911349;S
20241227;101813;109.84;30;11858911350;S
20241227;101813;109.84;600;11858911351;S
20241227;101813;109.82;1000;11858911352;S
20241227;101813;109.82;200;11858911353;S
20241227;101813;109.82;10;11858911354;S
20241227;101813;109.82;10;11858911355;S
20241227;101813;109.82;1360;11858911356;S
20241227;101813;109.82;1120;11858911357;S
20241227;101813;109.8;20;11858911358;S
20241227;101813;109.8;240;11858911359;S
20241227;101813;109.8;30000;11858911360;S
20241227;101813;109.8;2700;11858911361;S
20241227;101813;109.8;200;11858911362;S
20241227;101813;109.8;2620;11858911363;S
20241227;101814;109.86;30;11858911531;B
20241227;101815;109.86;40;11858911654;B
20241227;101819;109.86;200;11858912641;B
20241227;101819;109.86;60;11858912642;B
20241227;101819;109.88;200;11858912643;B
20241227;101819;109.88;40;11858912644;B
20241227;101820;109.86;50;11858912825;B
20241227;101822;109.86;100;11858913098;B
20241227;101824;109.84;1350;11858913484;S
20241227;101824;109.84;200;11858913588;S
20241227;101825;109.86;10;11858913762;B
20241227;101829;109.86;10;11858914657;B
20241227;101831;109.86;90;11858915051;B
20241227;101831;109.88;50;11858915052;B
20241227;101831;109.9;360;11858915053;B
20241227;101832;109.88;50;11858915112;S
20241227;101832;109.88;190;11858915214;S
20241227;101832;109.88;10;11858915225;S
20241227;101832;109.9;100;11858915334;B
20241227;101833;109.88;200;11858915464;S
20241227;101834;109.88;300;11858915784;S
20241227;101835;109.88;500;11858915869;S
20241227;101835;109.88;40;11858915921;S
20241227;101835;109.88;270;11858915962;S
20241227;101835;109.88;330;11858915963;S
20241227;101835;109.86;200;11858915964;S
20241227;101835;109.86;150;11858915965;S
20241227;101835;109.84;200;11858915966;S
20241227;101835;109.84;130;11858915967;S
20241227;101839;109.88;560;11858916819;S
20241227;101839;109.88;40;11858916820;S
20241227;101844;109.86;200;11858917420;S
20241227;101844;109.86;220;11858917421;S
20241227;101844;109.86;680;11858917422;S
20241227;101844;109.86;20;11858917423;S
20241227;101844;109.84;70;11858917424;S
20241227;101844;109.84;200;11858917425;S
20241227;101844;109.84;80;11858917426;S
20241227;101844;109.84;30;11858917427;S
20241227;101847;109.86;200;11858917808;S
20241227;101847;109.86;270;11858917809;S
20241227;101847;109.86;680;11858917810;S
20241227;101847;109.86;200;11858917811;S
20241227;101849;109.86;250;11858918132;S
20241227;101849;109.84;750;11858918133;S
20241227;101856;109.86;100;11858918970;S
20241227;101857;109.86;500;11858919091;S
20241227;101858;109.88;10;11858919254;B
20241227;101859;109.88;10;11858919355;B
20241227;101859;109.88;870;11858919401;B
20241227;101859;109.88;140;11858919402;B
20241227;101904;109.9;20;11858920095;B
20241227;101904;109.9;30;11858920096;B
20241227;101906;109.9;270;11858920374;B
20241227;101906;109.9;50;11858920375;B
20241227;101906;109.9;10;11858920376;B
20241227;101906;109.9;150;11858920377;B
20241227;101906;109.92;10;11858920452;S
20241227;101906;109.9;90;11858920495;S
20241227;101909;109.92;270;11858921038;S
20241227;101909;109.92;680;11858921039;S
20241227;101909;109.92;50;11858921040;S
20241227;101910;109.92;680;11858921309;S
20241227;101910;109.92;200;11858921310;S
20241227;101910;109.9;470;11858921311;S
20241227;101910;109.92;100;11858921382;S
20241227;101912;109.94;20;11858921806;B
20241227;101912;109.94;80;11858921807;B
20241227;101913;109.94;110;11858921855;B
20241227;101913;109.96;100;11858921856;B
20241227;101913;109.96;10;11858921857;B
20241227;101917;109.98;10;11858923594;B
20241227;101917;109.98;40;11858923595;B
20241227;101919;109.98;50;11858924857;B
20241227;101919;110;950;11858924858;B
20241227;101919;110;100;11858925228;B
20241227;101919;109.98;30;11858925246;S
20241227;101920;110;10;11858925605;B
20241227;101920;110;500;11858925680;B
20241227;101920;110;10;11858925732;B
20241227;101923;110;3260;11858927978;B
20241227;101923;110;10;11858927979;B
20241227;101923;110;100;11858927980;B
20241227;101923;110;100;11858927981;B
20241227;101923;110;200;11858927983;S
20241227;101923;110;20;11858927984;S
20241227;101923;110.02;580;11858927985;B
20241227;101923;110.02;850;11858927986;B
20241227;101923;110.04;40;11858928284;B
20241227;101923;110.06;60;11858928285;B
20241227;101924;110.06;270;11858929169;B
20241227;101931;110.06;1000;11858932999;S
20241227;101933;110.06;1350;11858933681;S
20241227;101934;110.06;760;11858933770;S
20241227;101934;110.04;540;11858933771;S
20241227;101934;110.04;300;11858933772;S
20241227;101934;110.04;200;11858933773;S
20241227;101934;110.04;200;11858933774;S
20241227;101934;110.02;8000;11858933775;S
20241227;101935;110;10;11858934169;B
20241227;101937;109.96;10;11858934869;S
20241227;101939;110;80;11858935366;B
20241227;101942;110;20;11858936351;B
20241227;101944;109.96;200;11858936859;S
20241227;101944;109.96;80;11858936860;S
20241227;101944;109.96;590;11858936861;S
20241227;101947;109.94;10;11858937693;S
20241227;101949;109.94;350;11858938275;S
20241227;101949;109.94;390;11858938276;S
20241227;101949;109.94;260;11858938277;S
20241227;101951;110;100;11858938792;B
20241227;101952;110;80;11858939041;B
20241227;101952;110;390;11858939042;B
20241227;101952;110;100;11858939043;B
20241227;101956;110;10;11858939593;S
20241227;101957;110;1350;11858939738;S
20241227;102001;110;1070;11858940529;S
20241227;102002;109.94;100;11858940605;S
20241227;102002;109.92;300;11858940606;S
20241227;102002;109.92;150;11858940607;S
20241227;102002;109.92;260;11858940608;S
20241227;102002;109.92;370;11858940609;S
20241227;102012;109.94;160;11858943096;B
20241227;102012;109.94;240;11858943097;B
20241227;102012;109.96;200;11858943098;B
20241227;102012;109.96;50;11858943099;B
20241227;102012;109.98;200;11858943100;B
20241227;102012;109.98;980;11858943101;B
20241227;102013;109.9;10;11858943257;S
20241227;102013;109.9;110;11858943298;S
20241227;102014;109.98;200;11858943370;B
20241227;102014;109.98;40;11858943371;B
20241227;102014;110;60;11858943372;B
20241227;102018;109.9;10;11858944546;S
20241227;102019;109.9;1000;11858945035;S
20241227;102020;109.92;1000;11858945682;S
20241227;102020;109.9;350;11858945683;S
20241227;102026;109.9;10;11858949491;S
20241227;102028;109.96;10;11858951106;S
20241227;102031;109.96;10;11858953204;B
20241227;102031;109.98;10;11858953205;B
20241227;102036;109.94;100;11858956645;S
20241227;102040;109.92;10;11858959028;S
20241227;102042;109.92;20;11858960714;S
20241227;102043;109.94;20;11858961388;B
20241227;102043;109.96;40;11858961389;B
20241227;102043;109.92;70;11858961658;S
20241227;102043;109.92;680;11858961659;S
20241227;102043;109.9;600;11858961660;S
20241227;102054;109.92;20;11858969779;S
20241227;102100;109.92;180;11858974278;S
20241227;102100;109.92;50;11858974279;S
20241227;102107;109.94;1350;11858978980;S
20241227;102108;109.98;10;11858979875;B
20241227;102108;109.98;2500;11858979876;B
20241227;102108;109.98;540;11858979877;B
20241227;102108;110;20;11858979878;B
20241227;102108;110;10;11858979879;B
20241227;102108;110;200;11858979880;B
20241227;102108;110;720;11858979881;B
20241227;102119;109.96;10;11858987648;S
20241227;102119;109.96;530;11858987649;S
20241227;102119;109.96;200;11858987650;S
20241227;102119;109.96;260;11858987651;S
20241227;102120;109.94;100;11858988311;S
20241227;102123;109.96;700;11858990355;B
20241227;102125;109.94;20;11858991399;S
20241227;102126;109.96;50;11858992509;B
20241227;102127;109.94;10;11858993429;S
20241227;102128;109.94;10;11858993697;S
20241227;102129;109.96;30;11858994427;B
20241227;102130;109.94;1350;11858994967;S
20241227;102136;109.94;20;11858999389;S
20241227;102137;109.94;100;11859000064;S
20241227;102148;109.92;1000;11859007606;B
20241227;102148;109.94;20;11859007923;B
20241227;102149;109.96;10;11859008332;B
20241227;102149;109.96;20;11859008419;B
20241227;102150;109.94;10;11859009130;B
20241227;102153;109.94;620;11859010741;S
20241227;102153;109.94;390;11859010742;S
20241227;102153;109.94;140;11859010743;S
20241227;102153;109.94;200;11859010744;S
20241227;102156;109.96;100;11859012556;B
20241227;102158;109.96;20;11859013793;B
20241227;102158;109.96;70;11859013868;B
20241227;102158;109.96;10;11859013869;B
20241227;102158;109.96;220;11859013870;B
20241227;102159;109.98;10;11859013968;B
20241227;102203;109.96;100;11859015847;S
20241227;102205;109.98;10;11859016052;B
20241227;102206;109.98;100;11859016178;B
20241227;102210;109.96;10;11859017173;S
20241227;102214;109.96;80;11859017740;S
20241227;102214;109.96;1920;11859017741;S
20241227;102216;109.96;1350;11859018226;S
20241227;102217;109.96;100;11859018365;S
20241227;102219;109.96;10;11859018554;S
20241227;102222;109.98;10;11859018901;B
20241227;102222;109.96;10;11859018912;S
20241227;102226;109.98;30;11859019465;B
20241227;102228;109.96;1000;11859019658;S
20241227;102230;109.96;860;11859019855;S
20241227;102230;109.94;10;11859019856;S
20241227;102230;109.94;130;11859019857;S
20241227;102240;109.92;10;11859021012;S
20241227;102240;109.92;380;11859021013;S
20241227;102240;109.92;100;11859021014;S
20241227;102240;109.9;10;11859021015;S
20241227;102240;109.9;10;11859021016;S
20241227;102240;109.9;20;11859021017;S
20241227;102240;109.9;500;11859021018;S
20241227;102240;109.9;10;11859021019;S
20241227;102240;109.9;310;11859021020;S
20241227;102240;109.94;1000;11859021117;B
20241227;102240;109.94;200;11859021118;B
20241227;102240;109.94;680;11859021119;B
20241227;102240;109.94;570;11859021120;B
20241227;102240;109.96;40;11859021121;B
20241227;102240;109.96;2510;11859021122;B
20241227;102242;109.96;680;11859021267;B
20241227;102242;109.96;320;11859021268;B
20241227;102247;109.96;10;11859021876;B
20241227;102249;109.9;550;11859022053;S
20241227;102249;109.9;10;11859022054;S
20241227;102249;109.9;10;11859022055;S
20241227;102249;109.9;430;11859022056;S
20241227;102249;109.9;200;11859022069;S
20241227;102249;109.9;100;11859022070;S
20241227;102249;109.9;700;11859022071;S
20241227;102249;109.9;1000;11859022083;S
20241227;102250;109.9;50;11859022137;S
20241227;102251;109.9;250;11859022267;S
20241227;102251;109.9;10;11859022268;S
20241227;102251;109.9;10;11859022269;S
20241227;102251;109.9;20;11859022270;S
20241227;102251;109.9;10;11859022271;S
20241227;102251;109.9;10;11859022272;S
20241227;102251;109.88;1010;11859022273;S
20241227;102251;109.88;180;11859022274;S
20241227;102254;109.94;50;11859022516;B
20241227;102301;109.94;500;11859023419;B
20241227;102303;109.9;10;11859023654;S
20241227;102303;109.9;10;11859023655;S
20241227;102303;109.9;20;11859023656;S
20241227;102303;109.9;200;11859023657;S
20241227;102303;109.9;420;11859023658;S
20241227;102303;109.9;690;11859023659;S
20241227;102313;109.94;50;11859024948;B
20241227;102314;109.92;10;11859024985;S
20241227;102314;109.9;10;11859024986;S
20241227;102314;109.9;10;11859024987;S
20241227;102314;109.9;20;11859024988;S
20241227;102314;109.9;330;11859024989;S
20241227;102314;109.9;150;11859024990;S
20241227;102314;109.9;1000;11859024991;S
20241227;102314;109.88;320;11859024992;S
20241227;102314;109.88;100;11859024993;S
20241227;102314;109.88;100;11859024994;S
20241227;102314;109.88;200;11859024995;S
20241227;102314;109.86;200;11859024996;S
20241227;102314;109.86;100;11859024997;S
20241227;102314;109.86;8000;11859024998;S
20241227;102314;109.84;250;11859024999;S
20241227;102314;109.84;10;11859025000;S
20241227;102314;109.84;200;11859025001;S
20241227;102314;109.84;200;11859025002;S
20241227;102314;109.84;10;11859025003;S
20241227;102314;109.84;680;11859025004;S
20241227;102314;109.82;200;11859025005;S
20241227;102314;109.82;200;11859025006;S
20241227;102314;109.82;1360;11859025007;S
20241227;102314;109.8;40;11859025008;S
20241227;102314;109.8;300;11859025009;S
20241227;102314;109.8;200;11859025010;S
20241227;102314;109.8;200;11859025011;S
20241227;102314;109.8;10;11859025012;S
20241227;102314;109.78;10;11859025013;S
20241227;102314;109.78;200;11859025014;S
20241227;102314;109.78;200;11859025015;S
20241227;102314;109.78;2500;11859025016;S
20241227;102314;109.78;1000;11859025017;S
20241227;102314;109.76;90;11859025018;S
20241227;102314;109.76;10;11859025019;S
20241227;102314;109.76;110;11859025020;S
20241227;102314;109.76;200;11859025021;S
20241227;102314;109.74;200;11859025022;S
20241227;102314;109.74;200;11859025023;S
20241227;102314;109.74;1470;11859025024;S
20241227;102314;109.72;300;11859025025;S
20241227;102314;109.72;10;11859025026;S
20241227;102314;109.72;10;11859025027;S
20241227;102314;109.72;300;11859025028;S
20241227;102314;109.72;320;11859025029;S
20241227;102314;109.72;200;11859025030;S
20241227;102314;109.72;2830;11859025031;S
20241227;102314;109.7;3000;11859025032;S
20241227;102314;109.7;10000;11859025033;S
20241227;102314;109.7;4000;11859025034;S
20241227;102314;109.7;200;11859025035;S
20241227;102314;109.7;8520;11859025036;S
20241227;102314;109.7;8380;11859025037;S
20241227;102314;109.68;100;11859025038;S
20241227;102314;109.66;10;11859025039;S
20241227;102314;109.66;8000;11859025040;S
20241227;102314;109.62;5000;11859025041;S
20241227;102314;109.62;110;11859025042;S
20241227;102314;109.6;10;11859025043;S
20241227;102314;109.6;300;11859025044;S
20241227;102314;109.58;10;11859025045;S
20241227;102314;109.58;10;11859025046;S
20241227;102314;109.58;1000;11859025047;S
20241227;102314;109.58;500;11859025048;S
20241227;102314;109.58;1750;11859025049;S
20241227;102314;109.56;500;11859025050;S
20241227;102314;109.56;200;11859025051;S
20241227;102314;109.56;2280;11859025052;S
20241227;102314;109.54;2280;11859025053;S
20241227;102314;109.54;2830;11859025054;S
20241227;102314;109.54;2830;11859025055;S
20241227;102314;109.52;1500;11859025056;S
20241227;102314;109.52;1000;11859025057;S
20241227;102314;109.52;10;11859025058;S
20241227;102314;109.52;5000;11859025059;S
20241227;102314;109.52;100;11859025060;S
20241227;102314;109.52;1750;11859025061;S
20241227;102314;109.5;500;11859025062;S
20241227;102314;109.5;500;11859025063;S
20241227;102314;109.5;500;11859025064;S
20241227;102314;109.5;50;11859025065;S
20241227;102314;109.5;25000;11859025066;S
20241227;102314;109.5;45000;11859025067;S
20241227;102314;109.5;100;11859025068;S
20241227;102314;109.5;900;11859025069;S
20241227;102314;109.5;600;11859025070;S
20241227;102314;109.5;500;11859025071;S
20241227;102314;109.5;9130;11859025072;S
20241227;102314;109.5;500;11859025073;S
20241227;102314;109.48;10;11859025074;S
20241227;102314;109.46;20960;11859025075;S
20241227;102314;109.72;180;11859025076;B
20241227;102314;109.72;10;11859025082;B
20241227;102314;109.72;20;11859025085;B
20241227;102314;109.72;10;11859025091;B
20241227;102314;109.72;20;11859025094;B
20241227;102314;109.72;10;11859025103;B
20241227;102314;109.72;20;11859025105;B
20241227;102314;109.7;90;11859025120;S
20241227;102314;109.66;1370;11859025121;S
20241227;102314;109.74;10;11859025122;B
20241227;102314;109.74;20;11859025123;B
20241227;102314;109.74;10;11859025137;B
20241227;102314;109.74;10;11859025138;B
20241227;102314;109.66;1460;11859025211;S
20241227;102314;109.64;1360;11859025212;S
20241227;102314;109.64;10;11859025213;S
20241227;102314;109.64;170;11859025214;S
20241227;102314;109.7;200;11859025285;B
20241227;102314;109.72;90;11859025286;B
20241227;102314;109.64;2830;11859025295;S
20241227;102314;109.64;10;11859025296;S
20241227;102314;109.62;1360;11859025297;S
20241227;102314;109.62;2400;11859025298;S
20241227;102314;109.62;320;11859025299;S
20241227;102314;109.6;680;11859025300;S
20241227;102314;109.58;2400;11859025301;S
20241227;102315;109.58;80;11859025391;S
20241227;102323;109.66;60;11859026301;B
20241227;102324;109.64;200;11859026544;S
20241227;102324;109.62;500;11859026545;S
20241227;102324;109.62;210;11859026546;S
20241227;102326;109.64;280;11859026668;S
20241227;102326;109.62;1070;11859026669;S
20241227;102328;109.68;10;11859026840;B
20241227;102329;109.62;220;11859026978;S
20241227;102329;109.62;150;11859026979;S
20241227;102329;109.62;630;11859026980;S
20241227;102330;109.64;200;11859027046;S
20241227;102330;109.62;450;11859027047;S
20241227;102330;109.62;150;11859027048;S
20241227;102330;109.62;200;11859027049;S
