<DATE>;<TIME>;<LAST>;<VOL>;<ID>;<OPER>
20240520;095940;157.5;30;10389902871;S
20240520;095940;157.5;840;10389902872;B
20240520;095940;157.5;100;10389902873;S
20240520;095940;157.5;20;10389902874;S
20240520;095940;157.5;10;10389902875;S
20240520;095940;157.5;10;10389902876;B
20240520;095940;157.5;100;10389902877;S
20240520;095940;157.5;10;10389902878;S
20240520;095940;157.5;10;10389902879;S
20240520;095940;157.5;450;10389902880;S
20240520;095940;157.5;100;10389902881;B
20240520;095940;157.5;500;10389902882;B
20240520;095940;157.5;30;10389902883;S
20240520;095940;157.5;10;10389902884;B
20240520;095940;157.5;10;10389902885;B
20240520;095940;157.5;10;10389902886;B
20240520;095940;157.5;10;10389902887;B
20240520;095940;157.5;700;10389902888;B
20240520;095940;157.5;10;10389902889;B
20240520;095940;157.5;70;10389902890;B
20240520;095940;157.5;20;10389902891;S
20240520;095940;157.5;140;10389902892;S
20240520;095940;157.5;500;10389902893;S
20240520;095940;157.5;10;10389902894;S
20240520;095940;157.5;80;10389902895;S
20240520;095940;157.5;320;10389902896;S
20240520;095940;157.5;30;10389902897;S
20240520;095940;157.5;10;10389902898;S
20240520;095940;157.5;10;10389902899;B
20240520;095940;157.5;50;10389902900;B
20240520;095940;157.5;100;10389902901;S
20240520;095940;157.5;10;10389902902;B
20240520;095940;157.5;300;10389902903;S
20240520;095940;157.5;10;10389902904;B
20240520;095940;157.5;20;10389902905;S
20240520;095940;157.5;20;10389902906;S
20240520;095940;157.5;20;10389902907;B
20240520;095940;157.5;10;10389902908;B
20240520;095940;157.5;10;10389902909;B
20240520;095940;157.5;700;10389902910;S
20240520;095940;157.5;10;10389902911;S
20240520;095940;157.5;50;10389902912;S
20240520;095940;157.5;240;10389902913;S
20240520;095940;157.5;100;10389902914;B
20240520;095940;157.5;10;10389902915;S
20240520;095940;157.5;20;10389902916;S
20240520;095940;157.5;100;10389902917;S
20240520;095940;157.5;530;10389902918;B
20240520;095940;157.5;10;10389902919;B
20240520;095940;157.5;460;10389902920;B
20240520;095940;157.5;10;10389902921;B
20240520;095940;157.5;10;10389902922;B
20240520;095940;157.5;10;10389902923;B
20240520;095940;157.5;10;10389902924;B
20240520;095940;157.5;200;10389902925;B
20240520;095940;157.5;90;10389902926;S
20240520;095940;157.5;20;10389902927;S
20240520;095940;157.5;100;10389902928;S
20240520;095940;157.5;290;10389902929;S
20240520;095940;157.5;100;10389902930;B
20240520;095940;157.5;220;10389902931;B
20240520;095940;157.5;50;10389902932;B
20240520;095940;157.5;40;10389902933;B
20240520;095940;157.5;30;10389902934;B
20240520;095940;157.5;40;10389902935;B
20240520;095940;157.5;220;10389902936;B
20240520;095940;157.5;30;10389902937;B
20240520;095940;157.5;10;10389902938;B
20240520;095940;157.5;50;10389902939;S
20240520;095940;157.5;1000;10389902940;B
20240520;095940;157.5;10;10389902941;B
20240520;095940;157.5;220;10389902942;B
20240520;095940;157.5;1000;10389902943;B
20240520;095940;157.5;10;10389902944;B
20240520;095940;157.5;400;10389902945;B
20240520;095940;157.5;400;10389902946;B
20240520;095940;157.5;400;10389902947;B
20240520;095940;157.5;100;10389902948;B
20240520;095940;157.5;10;10389902949;B
20240520;095940;157.5;220;10389902950;B
20240520;095940;157.5;10;10389902951;B
20240520;095940;157.5;240;10389902952;B
20240520;095940;157.5;100;10389902953;B
20240520;095940;157.5;10;10389902954;B
20240520;095940;157.5;790;10389902955;B
20240520;095940;157.5;100;10389902956;B
20240520;095940;157.5;10;10389902957;B
20240520;095940;157.5;10;10389902958;B
20240520;095940;157.5;100;10389902959;B
20240520;095940;157.5;100;10389902960;B
20240520;095940;157.5;650;10389902961;B
20240520;095940;157.5;240;10389902962;B
20240520;095940;157.5;10;10389902963;B
20240520;095940;157.5;10;10389902964;B
20240520;095940;157.5;50;10389902965;B
20240520;095940;157.5;60;10389902966;B
20240520;095940;157.5;20;10389902967;B
20240520;095940;157.5;10;10389902968;B
20240520;095940;157.5;10;10389902969;B
20240520;095940;157.5;250;10389902970;B
20240520;095940;157.5;10;10389902971;B
20240520;095940;157.5;10;10389902972;B
20240520;095940;157.5;10;10389902973;B
20240520;095940;157.5;100;10389902974;B
20240520;095940;157.5;100;10389902975;B
20240520;095940;157.5;10;10389902976;B
20240520;095940;157.5;360;10389902977;B
20240520;095940;157.5;30;10389902978;B
20240520;095940;157.5;10;10389902979;B
20240520;095940;157.5;220;10389902980;B
20240520;095940;157.5;10;10389902981;B
20240520;095940;157.5;10;10389902982;B
20240520;095940;157.5;350;10389902983;B
20240520;095940;157.5;10;10389902984;B
20240520;095940;157.5;40;10389902985;B
20240520;095940;157.5;50;10389902986;B
20240520;095940;157.5;100;10389902987;B
20240520;095940;157.5;300;10389902988;B
20240520;095940;157.5;30;10389902989;B
20240520;095940;157.5;500;10389902990;B
20240520;095940;157.5;1000;10389902991;B
20240520;095940;157.5;1800;10389902992;B
20240520;095940;157.5;3180;10389902993;B
20240520;095940;157.5;20;10389902994;B
20240520;095940;157.5;640;10389902995;B
20240520;095940;157.5;250;10389902996;B
20240520;095940;157.5;10;10389902997;B
20240520;095940;157.5;10;10389902998;B
20240520;095940;157.5;20;10389902999;B
20240520;095940;157.5;50;10389903000;B
20240520;095940;157.5;2200;10389903001;B
20240520;095940;157.5;40;10389903002;B
20240520;095940;157.5;220;10389903003;B
20240520;095940;157.5;540;10389903004;B
20240520;095940;157.5;100;10389903005;B
20240520;095940;157.5;860;10389903006;B
20240520;095940;157.5;140;10389903007;B
20240520;095940;157.5;250;10389903008;B
20240520;095940;157.5;50;10389903009;B
20240520;095940;157.5;1000;10389903010;B
20240520;095940;157.5;10;10389903011;B
20240520;095940;157.5;10;10389903012;B
20240520;095940;157.5;10;10389903013;B
20240520;095940;157.5;820;10389903014;B
20240520;095940;157.5;50;10389903015;B
20240520;095940;157.5;10;10389903016;B
20240520;095940;157.5;220;10389903017;B
20240520;095940;157.5;1500;10389903018;B
20240520;095940;157.5;20;10389903019;B
20240520;095940;157.5;1000;10389903020;B
20240520;095940;157.5;220;10389903021;B
20240520;095940;157.5;1150;10389903022;B
20240520;095940;157.5;110;10389903023;B
20240520;095940;157.5;10;10389903024;B
20240520;095940;157.5;10;10389903025;S
20240520;095940;157.5;10;10389903026;B
20240520;095940;157.5;100;10389903027;B
20240520;095940;157.5;50;10389903028;B
20240520;095940;157.5;80;10389903029;B
20240520;095940;157.5;220;10389903030;B
20240520;095940;157.5;10;10389903031;B
20240520;095940;157.5;10;10389903032;B
20240520;095940;157.5;100;10389903033;B
20240520;095940;157.5;200;10389903034;B
20240520;095940;157.5;50;10389903035;B
20240520;095940;157.5;10;10389903036;B
20240520;095940;157.5;100;10389903037;B
20240520;095940;157.5;10;10389903038;B
20240520;095940;157.5;50;10389903039;B
20240520;095940;157.5;10;10389903040;B
20240520;095940;157.5;3920;10389903041;B
20240520;095940;157.5;10;10389903042;B
20240520;095940;157.5;1000;10389903043;B
20240520;095940;157.5;20;10389903044;B
20240520;095940;157.5;10;10389903045;B
20240520;095940;157.5;60;10389903046;B
20240520;095940;157.5;200;10389903047;B
20240520;095940;157.5;50;10389903048;B
20240520;095940;157.5;1760;10389903049;B
20240520;095940;157.5;2000;10389903050;S
20240520;095940;157.5;2000;10389903051;S
20240520;095940;157.5;10;10389903052;B
20240520;095940;157.5;30;10389903053;B
20240520;095940;157.5;30;10389903054;B
20240520;095940;157.5;200;10389903055;B
20240520;095940;157.5;4240;10389903056;B
20240520;095940;157.5;760;10389903057;B
20240520;095940;157.5;10;10389903058;B
20240520;095940;157.5;100;10389903059;B
20240520;095940;157.5;50;10389903060;B
20240520;095940;157.5;80;10389903061;B
20240520;095940;157.5;50;10389903062;B
20240520;095940;157.5;1630;10389903063;B
20240520;095940;157.5;10;10389903064;B
20240520;095940;157.5;10;10389903065;B
20240520;095940;157.5;100;10389903066;B
20240520;095940;157.5;1760;10389903067;B
20240520;095940;157.5;70;10389903068;B
20240520;095940;157.5;20;10389903069;B
20240520;095940;157.5;100;10389903070;B
20240520;095940;157.5;10;10389903071;B
20240520;095940;157.5;10;10389903072;B
20240520;095940;157.5;50;10389903073;S
20240520;095940;157.5;100;10389903074;B
20240520;095940;157.5;500;10389903075;B
20240520;095940;157.5;10;10389903076;B
20240520;095940;157.5;20;10389903077;B
20240520;095940;157.5;150;10389903078;B
20240520;095940;157.5;10;10389903079;B
20240520;095940;157.5;10;10389903080;B
20240520;095940;157.5;500;10389903081;B
20240520;095940;157.5;10;10389903082;B
20240520;095940;157.5;10;10389903083;B
20240520;095940;157.5;20;10389903084;B
20240520;095940;157.5;20;10389903085;B
20240520;095940;157.5;10;10389903086;B
20240520;095940;157.5;100;10389903087;B
20240520;095940;157.5;300;10389903088;B
20240520;095940;157.5;20;10389903089;B
20240520;095940;157.5;1000;10389903090;S
20240520;095940;157.5;460;10389903091;S
20240520;095940;157.5;10;10389903092;S
20240520;100000;157.5;40;10389909495;B
20240520;100000;157.5;110;10389909523;B
20240520;100000;157.5;1130;10389909677;B
20240520;100000;157.5;2030;10389909697;B
20240520;100000;157.5;50;10389909698;B
20240520;100000;157.5;240;10389909699;B
20240520;100000;157.5;1280;10389909700;B
20240520;100000;157.5;30;10389909701;B
20240520;100000;157.5;20;10389909702;B
20240520;100000;157.52;400;10389909892;B
20240520;100000;157.54;600;10389909893;B
20240520;100000;157.54;1000;10389909894;B
20240520;100000;157.54;760;10389909896;B
20240520;100000;157.54;10;10389909897;B
20240520;100000;157.54;220;10389909898;B
20240520;100000;157.58;50;10389909899;B
20240520;100000;157.6;10;10389909900;B
20240520;100000;157.6;10;10389909901;B
20240520;100000;157.6;250;10389909902;B
20240520;100000;157.6;310;10389909903;B
20240520;100000;157.52;30;10389909907;S
20240520;100001;157.54;10;10389910201;S
20240520;100001;157.54;10;10389910206;S
20240520;100001;157.54;70;10389910207;S
20240520;100001;157.54;30;10389910208;S
20240520;100001;157.54;60;10389910209;S
20240520;100001;157.56;50;10389910348;B
20240520;100001;157.58;1280;10389910349;B
20240520;100001;157.58;50;10389910350;B
20240520;100001;157.6;690;10389910351;B
20240520;100001;157.6;50;10389910352;B
20240520;100001;157.6;140;10389910353;B
20240520;100001;157.62;1740;10389910354;B
20240520;100001;157.52;10;10389910434;S
20240520;100001;157.58;50;10389910502;B
20240520;100001;157.58;40;10389910503;B
20240520;100001;157.6;50;10389910536;B
20240520;100001;157.6;1280;10389910537;B
20240520;100001;157.62;260;10389910538;B
20240520;100001;157.62;160;10389910539;B
20240520;100001;157.6;50;10389910559;B
20240520;100001;157.62;1550;10389910560;B
20240520;100001;157.58;200;10389910663;S
20240520;100001;157.58;70;10389910677;S
20240520;100001;157.62;200;10389910708;B
20240520;100001;157.62;50;10389910729;B
20240520;100001;157.58;10;10389910766;S
20240520;100001;157.58;10;10389910779;S
20240520;100001;157.58;10;10389910784;S
20240520;100001;157.58;110;10389910785;S
20240520;100001;157.58;190;10389910786;S
20240520;100001;157.56;50;10389910787;S
20240520;100001;157.56;120;10389910788;S
20240520;100001;157.54;50;10389910789;S
20240520;100001;157.52;90;10389910790;S
20240520;100001;157.52;50;10389910791;S
20240520;100001;157.5;340;10389910792;S
20240520;100001;157.52;10;10389910800;S
20240520;100001;157.52;40;10389910847;S
20240520;100001;157.52;60;10389910848;S
20240520;100001;157.62;40;10389910849;B
20240520;100001;157.62;50;10389910850;B
20240520;100001;157.64;50;10389910851;B
20240520;100001;157.66;50;10389910852;B
20240520;100001;157.66;50;10389910853;B
20240520;100001;157.66;150;10389910854;B
20240520;100001;157.66;100;10389910855;B
20240520;100001;157.68;50;10389910856;B
20240520;100001;157.68;50;10389910857;B
20240520;100001;157.68;1280;10389910858;B
20240520;100001;157.7;10;10389910859;B
20240520;100001;157.7;10;10389910860;B
20240520;100001;157.7;10;10389910861;B
20240520;100001;157.7;10;10389910862;B
20240520;100001;157.7;100;10389910863;B
20240520;100001;157.7;10;10389910864;B
20240520;100001;157.7;80;10389910865;B
20240520;100001;157.52;50;10389910876;S
20240520;100001;157.52;10;10389910889;S
20240520;100001;157.66;50;10389910935;B
20240520;100001;157.66;90;10389910936;B
20240520;100001;157.68;1280;10389910937;B
20240520;100001;157.68;50;10389910938;B
20240520;100001;157.68;100;10389910939;B
20240520;100001;157.68;50;10389910940;B
20240520;100001;157.54;30;10389910949;S
20240520;100001;157.54;10;10389910956;S
20240520;100001;157.64;50;10389911066;B
20240520;100001;157.66;60;10389911067;B
20240520;100001;157.66;50;10389911068;B
20240520;100001;157.68;50;10389911069;B
20240520;100001;157.68;10;10389911070;B
20240520;100001;157.54;50;10389911075;S
20240520;100001;157.52;10;10389911076;S
20240520;100001;157.6;50;10389911120;B
20240520;100001;157.62;50;10389911121;B
20240520;100001;157.64;50;10389911122;B
20240520;100001;157.66;50;10389911123;B
20240520;100001;157.66;90;10389911124;B
20240520;100001;157.66;10;10389911125;B
20240520;100001;157.66;180;10389911126;B
20240520;100001;157.68;920;10389911127;B
20240520;100001;157.52;10;10389911161;S
20240520;100001;157.52;10;10389911164;S
20240520;100001;157.52;10;10389911165;S
20240520;100001;157.56;360;10389911170;B
20240520;100001;157.6;20;10389911179;B
20240520;100001;157.62;10;10389911213;B
20240520;100001;157.52;10;10389911223;S
20240520;100001;157.62;40;10389911242;B
20240520;100001;157.64;50;10389911243;B
20240520;100001;157.64;50;10389911244;B
20240520;100001;157.64;20;10389911245;B
20240520;100001;157.66;50;10389911246;B
20240520;100001;157.66;490;10389911247;B
20240520;100001;157.52;10;10389911284;S
20240520;100001;157.52;20;10389911301;S
20240520;100001;157.5;1010;10389911302;S
20240520;100001;157.5;50;10389911303;S
20240520;100001;157.5;50;10389911304;S
20240520;100001;157.5;210;10389911305;S
20240520;100001;157.5;10;10389911306;S
20240520;100001;157.64;50;10389911328;B
20240520;100001;157.66;760;10389911329;B
20240520;100001;157.5;10;10389911344;S
20240520;100001;157.64;50;10389911370;B
20240520;100001;157.66;1600;10389911371;B
20240520;100001;157.66;50;10389911372;B
20240520;100001;157.66;1280;10389911373;B
20240520;100001;157.68;50;10389911374;B
20240520;100001;157.68;800;10389911375;B
20240520;100001;157.68;50;10389911376;B
20240520;100001;157.68;80;10389911377;B
20240520;100001;157.7;440;10389911378;B
20240520;100001;157.5;30;10389911386;S
20240520;100001;157.5;10;10389911423;S
20240520;100001;157.52;50;10389911460;S
20240520;100001;157.5;40;10389911461;S
20240520;100001;157.5;210;10389911462;S
20240520;100001;157.5;10;10389911471;S
20240520;100001;157.5;380;10389911477;S
20240520;100001;157.5;200;10389911478;S
20240520;100001;157.5;150;10389911479;S
20240520;100001;157.5;50;10389911480;S
20240520;100001;157.48;20;10389911481;S
20240520;100001;157.48;50;10389911482;S
20240520;100001;157.48;80;10389911483;S
20240520;100001;157.46;50;10389911484;S
20240520;100001;157.44;50;10389911485;S
20240520;100001;157.44;200;10389911486;S
20240520;100001;157.42;50;10389911487;S
20240520;100001;157.4;50;10389911488;S
20240520;100001;157.38;1000;10389911489;S
20240520;100001;157.38;1920;10389911490;S
20240520;100001;157.38;50;10389911491;S
20240520;100001;157.36;60;10389911492;S
20240520;100001;157.62;50;10389911499;B
20240520;100001;157.64;50;10389911500;B
20240520;100001;157.64;50;10389911501;B
20240520;100001;157.66;50;10389911502;B
20240520;100001;157.4;10;10389911504;S
20240520;100001;157.64;10;10389911521;B
20240520;100001;157.4;10;10389911539;S
20240520;100001;157.64;40;10389911547;B
20240520;100001;157.64;50;10389911548;B
20240520;100001;157.64;50;10389911549;B
20240520;100001;157.4;20;10389911553;S
20240520;100001;157.4;10;10389911559;S
20240520;100001;157.58;10;10389911601;B
20240520;100001;157.58;40;10389911606;B
20240520;100001;157.6;150;10389911607;B
20240520;100001;157.6;50;10389911608;B
20240520;100001;157.62;50;10389911609;B
20240520;100001;157.62;80;10389911610;B
20240520;100001;157.64;50;10389911611;B
20240520;100001;157.64;1920;10389911612;B
20240520;100001;157.64;580;10389911613;B
20240520;100001;157.64;1020;10389911619;B
20240520;100001;157.66;50;10389911620;B
20240520;100001;157.66;1530;10389911621;B
20240520;100001;157.64;1280;10389911649;B
20240520;100001;157.64;340;10389911650;B
20240520;100001;157.64;20;10389911658;B
20240520;100001;157.66;2920;10389911667;B
20240520;100001;157.66;1460;10389911671;B
20240520;100001;157.7;600;10389911681;B
20240520;100001;157.7;10;10389911684;B
20240520;100002;157.5;20;10389911727;B
20240520;100002;157.5;10;10389911728;B
20240520;100002;157.44;10;10389911737;S
20240520;100002;157.64;100;10389911752;B
20240520;100002;157.64;700;10389911776;B
20240520;100002;157.52;50;10389911780;S
20240520;100002;157.5;70;10389911820;S
20240520;100002;157.5;50;10389911821;S
20240520;100002;157.5;30;10389911824;B
20240520;100002;157.48;20;10389911825;S
20240520;100002;157.48;30;10389911846;S
20240520;100002;157.48;60;10389911847;S
20240520;100002;157.48;90;10389911856;S
20240520;100002;157.48;10;10389911857;S
20240520;100002;157.46;50;10389911858;S
20240520;100002;157.44;40;10389911859;S
20240520;100002;157.44;910;10389911860;S
20240520;100002;157.42;30;10389911868;S
20240520;100002;157.42;20;10389911888;S
20240520;100002;157.42;40;10389911889;S
20240520;100002;157.62;50;10389911899;B
20240520;100002;157.64;950;10389911900;B
20240520;100002;157.44;50;10389912025;S
20240520;100002;157.42;50;10389912026;S
20240520;100002;157.44;20;10389912033;S
20240520;100002;157.44;30;10389912042;S
20240520;100002;157.42;80;10389912043;S
20240520;100002;157.6;50;10389912072;B
20240520;100002;157.6;150;10389912073;B
20240520;100002;157.6;50;10389912074;B
20240520;100002;157.62;50;10389912075;B
20240520;100002;157.62;50;10389912108;B
20240520;100002;157.64;50;10389912109;B
20240520;100002;157.64;140;10389912110;B
20240520;100002;157.62;50;10389912119;B
20240520;100002;157.64;1140;10389912120;B
20240520;100002;157.64;50;10389912121;B
20240520;100002;157.66;50;10389912122;B
20240520;100002;157.66;90;10389912123;B
20240520;100002;157.68;2510;10389912124;B
20240520;100002;157.68;10;10389912125;B
20240520;100002;157.68;90;10389912135;B
20240520;100002;157.7;370;10389912136;B
20240520;100002;157.72;1600;10389912137;B
20240520;100002;157.72;60;10389912138;B
20240520;100002;157.7;1600;10389912147;B
20240520;100002;157.74;600;10389912148;B
20240520;100002;157.74;90;10389912149;B
20240520;100002;157.76;350;10389912150;B
20240520;100002;157.76;1000;10389912151;B
20240520;100002;157.76;1320;10389912152;B
20240520;100002;157.78;170;10389912153;B
20240520;100002;157.78;1500;10389912154;B
20240520;100002;157.8;40;10389912155;B
20240520;100002;157.8;10;10389912156;B
20240520;100002;157.8;10;10389912157;B
20240520;100002;157.8;10;10389912158;B
20240520;100002;157.8;9500;10389912159;B
20240520;100002;157.8;400;10389912160;B
20240520;100002;157.8;2640;10389912168;B
20240520;100002;157.7;1080;10389912176;B
20240520;100002;157.76;100;10389912177;B
20240520;100002;157.8;440;10389912178;B
20240520;100002;157.56;10;10389912189;S
20240520;100002;157.56;10;10389912191;S
20240520;100002;157.56;30;10389912192;S
20240520;100002;157.54;20;10389912193;S
20240520;100002;157.54;50;10389912194;S
20240520;100002;157.78;500;10389912196;B
20240520;100002;157.56;50;10389912271;S
20240520;100002;157.54;80;10389912272;S
20240520;100002;157.54;50;10389912273;S
20240520;100002;157.52;630;10389912274;S
20240520;100002;157.52;50;10389912275;S
20240520;100002;157.52;110;10389912276;S
20240520;100002;157.5;50;10389912277;S
20240520;100002;157.48;20;10389912278;S
20240520;100002;157.5;10;10389912279;B
20240520;100002;157.5;10;10389912289;S
20240520;100002;157.5;40;10389912293;S
20240520;100002;157.48;10;10389912294;S
20240520;100002;157.5;10;10389912309;S
20240520;100002;157.5;40;10389912314;S
20240520;100002;157.48;60;10389912315;S
20240520;100002;157.64;30;10389912399;B
20240520;100002;157.5;40;10389912438;S
20240520;100002;157.54;10;10389912515;B
20240520;100002;157.66;90;10389912516;B
20240520;100002;157.6;10;10389912558;B
20240520;100002;157.6;10;10389912559;B
20240520;100002;157.64;50;10389912560;B
20240520;100002;157.66;10;10389912561;B
20240520;100002;157.5;10;10389912569;S
20240520;100002;157.5;370;10389912573;B
20240520;100002;157.48;10;10389912578;S
20240520;100002;157.66;10;10389912586;B
20240520;100002;157.66;60;10389912627;B
20240520;100002;157.66;50;10389912628;B
20240520;100002;157.68;50;10389912629;B
20240520;100002;157.7;50;10389912630;B
20240520;100002;157.72;50;10389912631;B
20240520;100002;157.72;150;10389912632;B
20240520;100002;157.74;50;10389912633;B
20240520;100002;157.74;1600;10389912634;B
20240520;100002;157.74;10;10389912635;B
20240520;100002;157.76;50;10389912636;B
20240520;100002;157.76;180;10389912637;B
20240520;100002;157.54;10;10389912655;S
20240520;100002;157.54;40;10389912802;S
20240520;100002;157.52;150;10389912803;S
20240520;100002;157.52;50;10389912804;S
20240520;100002;157.5;50;10389912805;S
20240520;100002;157.48;50;10389912806;S
20240520;100002;157.48;20;10389912807;S
20240520;100002;157.5;50;10389912812;S
20240520;100002;157.52;10;10389912841;S
20240520;100002;157.6;100;10389912856;B
20240520;100002;157.6;50;10389912857;B
20240520;100002;157.62;50;10389912858;B
20240520;100002;157.64;500;10389912859;B
20240520;100002;157.64;50;10389912860;B
20240520;100002;157.64;40;10389912861;B
20240520;100002;157.66;70;10389912862;B
20240520;100002;157.66;640;10389912863;B
20240520;100002;157.52;10;10389912876;S
20240520;100002;157.48;120;10389912889;B
20240520;100002;157.52;20;10389912892;B
20240520;100002;157.56;10;10389912893;B
20240520;100002;157.64;150;10389912894;B
20240520;100002;157.66;630;10389912895;B
20240520;100002;157.66;50;10389912938;B
20240520;100002;157.66;450;10389912939;B
20240520;100002;157.46;50;10389912948;S
20240520;100002;157.52;50;10389912972;S
20240520;100002;157.52;50;10389912978;S
20240520;100002;157.52;50;10389912981;S
20240520;100002;157.5;150;10389912982;S
20240520;100002;157.5;50;10389912983;S
20240520;100002;157.5;1250;10389912984;B
20240520;100002;157.48;10;10389913079;B
20240520;100003;157.42;100;10389913147;S
20240520;100003;157.42;50;10389913150;S
20240520;100003;157.4;10;10389913151;S
20240520;100003;157.4;40;10389913152;S
20240520;100003;157.4;100;10389913155;S
20240520;100003;157.48;140;10389913252;B
20240520;100003;157.48;10;10389913253;B
20240520;100003;157.48;50;10389913254;B
20240520;100003;157.4;50;10389913287;S
20240520;100003;157.38;50;10389913288;S
20240520;100003;157.38;150;10389913289;S
20240520;100003;157.36;1750;10389913290;S
20240520;100003;157.46;150;10389913294;B
20240520;100003;157.46;50;10389913295;B
20240520;100003;157.46;150;10389913352;B
20240520;100003;157.48;2050;10389913353;B
20240520;100003;157.48;100;10389913354;B
20240520;100003;157.5;900;10389913355;B
20240520;100003;157.38;10;10389913356;S
20240520;100003;157.5;60;10389913358;B
20240520;100003;157.48;40;10389913390;B
20240520;100003;157.5;600;10389913391;B
20240520;100003;157.5;840;10389913399;B
20240520;100003;157.5;10;10389913400;B
20240520;100003;157.5;10;10389913401;B
20240520;100003;157.5;10;10389913402;B
20240520;100003;157.56;50;10389913403;B
20240520;100003;157.58;50;10389913404;B
20240520;100003;157.58;10;10389913405;B
20240520;100003;157.6;20;10389913406;B
20240520;100003;157.6;330;10389913418;B
20240520;100003;157.6;30;10389913419;B
20240520;100003;157.6;20;10389913420;B
20240520;100003;157.64;500;10389913421;B
20240520;100003;157.66;10;10389913422;B
20240520;100003;157.7;10;10389913423;B
20240520;100003;157.72;50;10389913424;B
20240520;100003;157.74;50;10389913425;B
20240520;100003;157.76;50;10389913426;B
20240520;100003;157.78;50;10389913427;B
20240520;100003;157.78;10;10389913428;B
20240520;100003;157.78;20;10389913429;B
20240520;100003;157.78;1370;10389913430;B
20240520;100003;157.76;50;10389913459;B
20240520;100003;157.78;50;10389913460;B
20240520;100003;157.78;540;10389913461;B
20240520;100003;157.6;50;10389913540;S
20240520;100003;157.58;150;10389913541;S
20240520;100003;157.58;50;10389913542;S
20240520;100003;157.58;1370;10389913543;B
20240520;100003;157.58;780;10389913544;B
20240520;100003;157.6;150;10389913551;B
20240520;100003;157.68;10;10389913644;B
20240520;100003;157.72;10;10389913645;B
20240520;100003;157.72;50;10389913646;B
20240520;100003;157.74;570;10389913647;B
20240520;100003;157.6;10;10389913688;B
20240520;100003;157.54;50;10389913779;S
20240520;100003;157.54;1150;10389913780;S
20240520;100003;157.56;20;10389913784;S
20240520;100003;157.56;30;10389913857;S
20240520;100003;157.54;20;10389913858;S
20240520;100003;157.56;50;10389913895;S
20240520;100003;157.54;50;10389913896;S
20240520;100003;157.64;20;10389913900;B
20240520;100003;157.66;10;10389913901;B
20240520;100003;157.7;10;10389913902;B
20240520;100003;157.72;210;10389913903;B
20240520;100003;157.7;50;10389913911;B
20240520;100003;157.72;240;10389913912;B
20240520;100003;157.72;50;10389913913;B
20240520;100003;157.74;50;10389913914;B
20240520;100003;157.74;490;10389913915;B
20240520;100004;157.6;10;10389913941;S
20240520;100004;157.6;40;10389913943;S
20240520;100004;157.6;10;10389914326;S
20240520;100004;157.6;10;10389914341;S
20240520;100004;157.6;30;10389914993;S
20240520;100004;157.58;150;10389914994;S
20240520;100004;157.58;20;10389914995;S
20240520;100004;157.68;10;10389915001;B
20240520;100004;157.68;10;10389915006;B
20240520;100004;157.68;10;10389915008;B
20240520;100004;157.7;10;10389915016;B
20240520;100005;157.7;20;10389915823;B
20240520;100005;157.7;10;10389915840;B
20240520;100005;157.7;10;10389915853;B
20240520;100005;157.72;10;10389915863;B
20240520;100005;157.7;10;10389915879;B
20240520;100005;157.7;40;10389916013;B
20240520;100005;157.72;40;10389916014;B
20240520;100005;157.72;20;10389916015;B
20240520;100005;157.72;10;10389916056;B
20240520;100005;157.7;10;10389916073;B
20240520;100005;157.7;10;10389916101;B
20240520;100005;157.7;10;10389916135;B
20240520;100005;157.7;20;10389916198;B
20240520;100005;157.72;80;10389916199;B
20240520;100005;157.7;50;10389916204;B
20240520;100005;157.72;90;10389916205;B
20240520;100005;157.72;110;10389916206;B
20240520;100005;157.72;10;10389916211;B
20240520;100005;157.72;30;10389916215;B
20240520;100005;157.72;50;10389916216;B
20240520;100005;157.74;50;10389916217;B
20240520;100005;157.58;10;10389916280;S
20240520;100005;157.62;50;10389917714;S
20240520;100005;157.6;200;10389917715;S
20240520;100005;157.6;50;10389917716;S
20240520;100005;157.58;20;10389917717;S
20240520;100005;157.58;150;10389917718;S
20240520;100005;157.58;530;10389917719;S
20240520;100005;157.68;10;10389918029;B
20240520;100005;157.68;20;10389918032;B
20240520;100005;157.6;10;10389918035;S
20240520;100005;157.68;10;10389918049;B
20240520;100005;157.6;40;10389918056;S
20240520;100005;157.6;150;10389918057;S
20240520;100005;157.6;10;10389918061;S
20240520;100005;157.6;50;10389918462;S
20240520;100005;157.58;350;10389918463;S
20240520;100006;157.66;10;10389918564;B
20240520;100006;157.6;10;10389918631;S
20240520;100006;157.66;10;10389919025;B
20240520;100006;157.6;40;10389919029;S
20240520;100006;157.58;160;10389919030;S
20240520;100006;157.66;10;10389919033;B
20240520;100006;157.66;100;10389919035;B
20240520;100006;157.66;20;10389919038;B
20240520;100006;157.68;90;10389919039;B
20240520;100006;157.68;50;10389919040;B
20240520;100006;157.68;60;10389919041;B
20240520;100006;157.7;50;10389919042;B
20240520;100006;157.7;1600;10389919043;B
20240520;100006;157.7;10;10389919044;B
20240520;100006;157.72;120;10389919045;B
20240520;100006;157.68;510;10389919173;B
20240520;100006;157.7;940;10389919174;B
20240520;100006;157.7;50;10389919235;B
20240520;100006;157.7;150;10389919236;B
20240520;100006;157.7;1600;10389919237;B
20240520;100006;157.72;1640;10389919238;B
20240520;100006;157.72;50;10389919239;B
20240520;100006;157.72;130;10389919240;B
20240520;100006;157.74;10;10389919241;B
20240520;100006;157.74;10;10389919242;B
20240520;100006;157.74;10;10389919243;B
20240520;100006;157.74;50;10389919244;B
20240520;100006;157.76;10;10389919245;B
20240520;100006;157.76;10;10389919246;B
20240520;100006;157.76;1760;10389919247;B
20240520;100006;157.76;50;10389919248;B
20240520;100006;157.78;470;10389919249;B
20240520;100006;157.76;10;10389919426;B
20240520;100006;157.6;10;10389919431;S
20240520;100006;157.6;40;10389919432;S
20240520;100006;157.58;360;10389919433;S
20240520;100006;157.76;10;10389919434;B
20240520;100006;157.76;10;10389919435;B
20240520;100006;157.6;20;10389920430;S
20240520;100006;157.76;10;10389920431;B
20240520;100006;157.76;10;10389920432;B
20240520;100006;157.76;10;10389920433;B
20240520;100006;157.76;10;10389920434;B
20240520;100006;157.76;10;10389920435;B
20240520;100007;157.74;50;10389920827;B
20240520;100007;157.76;430;10389920828;B
20240520;100007;157.76;1520;10389920829;B
20240520;100007;157.74;20;10389920867;B
20240520;100007;157.74;10;10389920870;B
20240520;100007;157.74;20;10389920873;B
20240520;100007;157.76;290;10389921094;B
20240520;100007;157.78;10;10389921624;B
20240520;100007;157.78;10;10389921625;B
20240520;100007;157.78;10;10389921628;B
20240520;100007;157.78;60;10389921635;B
20240520;100007;157.78;10;10389921636;B
20240520;100007;157.78;20;10389921726;B
20240520;100007;157.78;120;10389921729;B
20240520;100007;157.78;10;10389921730;B
20240520;100007;157.64;10;10389921732;S
20240520;100007;157.78;20;10389921742;B
20240520;100007;157.78;1820;10389922779;B
20240520;100007;157.78;1600;10389922780;B
20240520;100007;157.78;730;10389922781;B
20240520;100007;157.78;410;10389922782;B
20240520;100007;157.8;5440;10389922783;B
20240520;100007;157.78;250;10389922994;B
20240520;100007;157.8;250;10389922995;B
20240520;100008;157.76;500;10389924111;B
20240520;100008;157.64;10;10389924118;S
20240520;100008;157.64;10;10389924152;S
20240520;100008;157.76;10;10389924365;B
20240520;100008;157.76;10;10389924379;B
20240520;100008;157.76;170;10389924425;B
20240520;100008;157.76;810;10389924527;B
20240520;100008;157.78;50;10389924528;B
20240520;100008;157.8;1140;10389924529;B
20240520;100008;157.8;500;10389924556;B
20240520;100008;157.8;20;10389924625;B
20240520;100008;157.8;10;10389924643;B
20240520;100008;157.8;50;10389924656;B
20240520;100008;157.8;10;10389924666;B
20240520;100008;157.8;10;10389924672;B
20240520;100008;157.8;100;10389924677;B
20240520;100008;157.8;10;10389924680;B
20240520;100008;157.7;50;10389924701;S
20240520;100008;157.7;50;10389924702;S
20240520;100008;157.8;90;10389924707;B
20240520;100008;157.78;10;10389924845;B
20240520;100008;157.78;40;10389924851;B
20240520;100008;157.8;40;10389924852;B
20240520;100008;157.72;10;10389924857;S
20240520;100008;157.78;10;10389924865;B
20240520;100008;157.78;10;10389924871;B
20240520;100008;157.72;20;10389924910;S
20240520;100008;157.78;30;10389924915;B
20240520;100008;157.8;470;10389924916;B
20240520;100008;157.72;10;10389924922;S
20240520;100008;157.78;10;10389924937;B
20240520;100008;157.78;10;10389924945;B
20240520;100008;157.7;100;10389924954;S
20240520;100008;157.7;50;10389924970;S
20240520;100008;157.68;500;10389924971;S
20240520;100008;157.68;50;10389924972;S
20240520;100008;157.66;50;10389924973;S
20240520;100008;157.66;350;10389924974;S
20240520;100008;157.76;10;10389925269;B
20240520;100008;157.76;10;10389925448;B
20240520;100008;157.76;10;10389925453;B
20240520;100008;157.76;10;10389925454;B
20240520;100008;157.76;10;10389925458;B
20240520;100008;157.68;10;10389925461;S
20240520;100008;157.76;10;10389925465;B
20240520;100008;157.76;40;10389925468;B
20240520;100008;157.78;100;10389925469;B
20240520;100008;157.78;50;10389925470;B
20240520;100008;157.8;8880;10389925471;B
20240520;100008;157.8;10;10389925472;B
20240520;100008;157.8;390;10389925473;B
20240520;100008;157.8;1000;10389925474;B
20240520;100008;157.8;140;10389925475;B
20240520;100008;157.8;100;10389925476;B
20240520;100008;157.8;10;10389925477;B
20240520;100008;157.8;10;10389925478;B
20240520;100008;157.8;140;10389925479;B
20240520;100008;157.8;50;10389925480;B
20240520;100008;157.82;400;10389925481;B
20240520;100008;157.82;100;10389925482;B
20240520;100008;157.82;230;10389925483;B
20240520;100008;157.82;50;10389925484;B
20240520;100008;157.84;50;10389925485;B
20240520;100008;157.86;140;10389925486;B
20240520;100008;157.86;50;10389925487;B
20240520;100008;157.88;1560;10389925488;B
20240520;100008;157.88;10;10389925489;B
20240520;100008;157.88;30;10389925490;B
20240520;100008;157.88;30;10389925491;B
20240520;100008;157.88;500;10389925492;B
20240520;100008;157.88;50;10389925493;B
20240520;100008;157.88;2080;10389925494;B
20240520;100008;157.88;10;10389925497;B
20240520;100008;157.86;10;10389925518;B
20240520;100008;157.9;10;10389925524;B
20240520;100008;157.9;10;10389925525;B
20240520;100008;157.9;20;10389925526;B
20240520;100008;157.9;50;10389925527;B
20240520;100008;157.9;30;10389925528;B
20240520;100009;157.8;120;10389926259;B
20240520;100009;157.8;600;10389926524;B
20240520;100009;157.8;680;10389926525;B
20240520;100009;157.78;10;10389926659;S
20240520;100009;157.84;10;10389926831;B
20240520;100009;157.84;10;10389926832;B
20240520;100009;157.86;20;10389926833;B
20240520;100009;157.9;970;10389926834;B
20240520;100009;157.9;20;10389926835;B
20240520;100009;157.9;470;10389926836;B
20240520;100009;157.78;10;10389926842;S
20240520;100009;157.9;20;10389926906;B
20240520;100009;157.9;10;10389926911;B
20240520;100009;157.78;10;10389926920;S
20240520;100009;157.9;10;10389926923;B
20240520;100009;157.9;10;10389926924;B
20240520;100009;157.9;120;10389926927;B
20240520;100009;157.78;10;10389926929;S
20240520;100009;157.9;200;10389926932;B
20240520;100009;157.9;10;10389926953;B
20240520;100009;157.9;150;10389927215;B
20240520;100009;157.9;510;10389927216;B
20240520;100009;157.9;140;10389927217;B
20240520;100009;157.9;160;10389927271;B
20240520;100010;157.86;10;10389927331;S
20240520;100010;157.86;90;10389927488;S
20240520;100010;157.86;150;10389927673;S
20240520;100010;157.86;150;10389927674;S
20240520;100010;157.84;130;10389927675;S
20240520;100010;157.84;300;10389927676;S
20240520;100010;157.84;30;10389927680;B
20240520;100010;157.84;240;10389927681;B
20240520;100010;157.88;50;10389927701;B
20240520;100010;157.82;40;10389927850;B
20240520;100010;157.88;100;10389927851;B
20240520;100010;157.9;160;10389927852;B
20240520;100010;157.9;50;10389927894;B
20240520;100010;157.84;40;10389927980;B
20240520;100010;157.84;1380;10389927981;B
20240520;100010;157.9;50;10389928071;B
20240520;100011;157.82;50;10389928155;S
20240520;100011;157.8;150;10389928156;S
20240520;100011;157.84;40;10389928217;B
20240520;100011;157.9;260;10389928218;B
20240520;100011;157.9;50;10389928414;B
20240520;100011;157.86;10;10389928645;B
20240520;100011;157.9;10;10389928678;B
20240520;100011;157.9;50;10389928688;B
20240520;100011;157.9;70;10389928689;B
20240520;100011;157.9;10;10389928690;B
20240520;100011;157.9;10;10389928691;B
20240520;100011;157.9;10;10389928703;B
20240520;100011;157.9;10;10389928704;B
20240520;100011;157.9;70;10389928705;B
20240520;100011;157.9;80;10389928722;B
20240520;100011;157.9;10;10389928723;B
20240520;100012;157.9;40;10389928798;B
20240520;100012;157.92;10;10389928799;B
20240520;100012;157.8;10;10389928945;S
20240520;100012;157.84;10;10389928997;S
20240520;100012;157.86;230;10389929021;B
20240520;100012;157.92;730;10389929022;B
20240520;100012;157.86;150;10389929024;S
20240520;100012;157.86;50;10389929025;S
20240520;100012;157.86;50;10389929026;S
20240520;100012;157.86;50;10389929027;S
20240520;100012;157.84;10;10389929074;S
20240520;100012;157.84;10;10389929130;S
20240520;100012;157.84;220;10389929150;S
20240520;100012;157.84;50;10389929151;S
20240520;100013;157.84;10;10389929231;B
20240520;100013;157.84;40;10389929367;B
20240520;100013;157.9;80;10389929368;B
20240520;100013;157.88;10;10389929394;B
20240520;100013;157.84;10;10389929492;S
20240520;100013;157.9;70;10389929497;B
20240520;100013;157.9;50;10389929498;B
20240520;100013;157.9;380;10389929499;B
20240520;100013;157.9;560;10389929562;B
20240520;100013;157.92;440;10389929563;B
20240520;100014;157.92;20;10389929676;B
20240520;100014;157.84;50;10389929677;S
20240520;100014;157.84;10;10389929678;S
20240520;100014;157.82;10;10389929679;S
20240520;100014;157.82;40;10389929680;S
20240520;100014;157.92;10;10389929685;B
20240520;100014;157.9;50;10389930075;B
20240520;100014;157.92;790;10389930076;B
20240520;100014;157.92;10;10389930077;B
20240520;100014;157.92;50;10389930078;B
20240520;100014;157.92;50;10389930079;B
20240520;100014;157.94;500;10389930080;B
20240520;100014;157.94;10;10389930081;B
20240520;100014;157.94;40;10389930082;B
20240520;100014;157.94;20;10389930103;B
20240520;100014;157.88;10;10389930129;S
20240520;100014;157.88;10;10389930130;S
20240520;100014;157.88;10;10389930131;S
20240520;100015;157.88;10;10389930151;B
20240520;100015;157.88;40;10389930227;B
20240520;100015;157.9;1500;10389930228;B
20240520;100015;157.9;40;10389930229;B
20240520;100015;157.94;30;10389930230;B
20240520;100015;157.96;20;10389930231;B
20240520;100015;157.96;100;10389930232;B
20240520;100015;157.98;10;10389930233;B
20240520;100015;157.98;10;10389930234;B
20240520;100015;157.98;20;10389930235;B
20240520;100015;157.98;100;10389930236;B
20240520;100015;157.98;130;10389930237;B
20240520;100015;157.88;50;10389930238;S
20240520;100015;157.88;50;10389930240;B
20240520;100015;157.86;10;10389930262;S
20240520;100015;157.86;50;10389930263;S
20240520;100015;157.84;40;10389930264;S
20240520;100015;157.88;10;10389930315;B
20240520;100015;157.88;50;10389930358;B
20240520;100015;157.82;10;10389930367;S
20240520;100015;157.8;40;10389930368;S
20240520;100015;157.82;10;10389930435;S
20240520;100016;157.86;250;10389930580;S
20240520;100016;157.84;10;10389930581;S
20240520;100016;157.8;50;10389930582;S
20240520;100017;157.8;10;10389930884;S
20240520;100017;157.8;150;10389930885;S
20240520;100017;157.8;250;10389930886;S
20240520;100017;157.78;10;10389930887;S
20240520;100017;157.76;50;10389930888;S
20240520;100017;157.76;10;10389930889;S
20240520;100017;157.76;420;10389930890;B
20240520;100017;157.76;100;10389930891;B
20240520;100018;157.76;150;10389931036;S
20240520;100018;157.76;50;10389931037;S
20240520;100018;157.74;50;10389931038;S
20240520;100018;157.74;50;10389931039;S
20240520;100018;157.72;50;10389931040;S
20240520;100018;157.72;10;10389931041;S
20240520;100018;157.72;640;10389931042;S
20240520;100018;157.8;1000;10389931117;B
20240520;100018;157.74;50;10389931197;S
20240520;100018;157.74;150;10389931198;S
20240520;100018;157.72;50;10389931199;S
20240520;100018;157.7;50;10389931200;S
20240520;100018;157.7;950;10389931201;S
20240520;100019;157.76;30;10389931393;B
20240520;100019;157.7;50;10389931444;S
20240520;100019;157.7;500;10389931445;S
20240520;100019;157.68;50;10389931446;S
20240520;100019;157.68;150;10389931447;S
20240520;100019;157.66;50;10389931448;S
20240520;100019;157.66;200;10389931449;S
20240520;100019;157.74;50;10389931545;B
20240520;100019;157.76;120;10389931546;B
20240520;100019;157.76;230;10389931547;B
20240520;100019;157.76;50;10389931548;B
20240520;100019;157.78;500;10389931549;B
20240520;100019;157.78;50;10389931550;B
20240520;100020;157.78;30;10389931587;B
20240520;100020;157.78;20;10389931703;B
20240520;100020;157.78;150;10389931704;B
20240520;100020;157.78;190;10389931705;B
20240520;100020;157.8;1000;10389931706;B
20240520;100020;157.8;50;10389931707;B
20240520;100020;157.8;2130;10389931708;B
20240520;100020;157.82;50;10389931709;B
20240520;100020;157.82;350;10389931710;B
20240520;100020;157.84;50;10389931711;B
20240520;100020;157.84;2450;10389931712;B
20240520;100020;157.86;50;10389931713;B
20240520;100020;157.86;200;10389931714;B
20240520;100020;157.88;520;10389931715;B
20240520;100020;157.88;50;10389931716;B
20240520;100020;157.9;50;10389931717;B
20240520;100020;157.92;50;10389931718;B
20240520;100020;157.94;10;10389931719;B
20240520;100020;157.94;10;10389931720;B
20240520;100020;157.94;10;10389931721;B
20240520;100020;157.94;50;10389931722;B
20240520;100020;157.94;50;10389931723;B
20240520;100020;157.94;500;10389931724;B
20240520;100020;157.96;10;10389931725;B
20240520;100020;157.96;20000;10389931726;B
20240520;100020;157.96;50;10389931727;B
20240520;100020;157.98;70;10389931728;B
20240520;100020;157.98;10;10389931729;B
20240520;100020;157.98;10;10389931730;B
20240520;100020;157.98;10;10389931731;B
20240520;100020;157.98;450;10389931732;B
20240520;100020;157.98;100;10389931733;B
20240520;100020;157.98;30;10389931734;B
20240520;100020;157.98;100;10389931735;B
20240520;100020;157.98;200;10389931736;B
20240520;100020;157.98;990;10389931737;B
20240520;100020;157.98;50;10389931738;B
20240520;100020;157.98;10;10389931739;B
20240520;100020;158;1000;10389931740;B
20240520;100020;158;200;10389931741;B
20240520;100020;158;10;10389931742;B
20240520;100020;158;10;10389931743;B
20240520;100020;158;90;10389931744;B
20240520;100020;157.76;50;10389931756;S
20240520;100020;157.76;50;10389931757;S
20240520;100020;157.78;10;10389931771;S
20240520;100020;157.96;50;10389931817;B
20240520;100020;157.98;150;10389931818;B
20240520;100020;157.98;420;10389931819;B
20240520;100020;157.98;50;10389931820;B
20240520;100020;157.98;18160;10389931821;B
20240520;100020;157.66;50;10389931843;S
20240520;100020;157.66;150;10389931844;S
20240520;100020;157.64;50;10389931845;S
20240520;100020;157.64;190;10389931846;S
20240520;100020;157.64;120;10389931847;S
20240520;100020;157.66;20;10389931848;S
20240520;100020;157.76;30;10389931966;B
20240520;100020;157.76;20;10389931981;B
20240520;100020;157.94;50;10389931982;B
20240520;100020;157.96;50;10389931983;B
20240520;100020;157.96;150;10389931984;B
20240520;100020;157.96;310;10389931985;B
20240520;100020;157.98;420;10389931986;B
20240520;100020;157.72;30;10389931987;S
20240520;100021;157.96;30;10389932056;B
20240520;100021;157.96;10;10389932066;B
20240520;100021;157.88;10;10389932067;S
20240520;100021;157.88;40;10389932068;S
20240520;100021;157.86;70;10389932069;S
20240520;100021;157.88;50;10389932070;S
20240520;100021;157.86;50;10389932071;S
20240520;100021;157.86;30;10389932080;S
20240520;100021;157.86;20;10389932081;S
20240520;100021;157.86;30;10389932091;S
20240520;100021;157.86;150;10389932092;S
20240520;100021;157.84;50;10389932093;S
20240520;100021;157.84;740;10389932094;S
20240520;100021;157.96;140;10389932098;B
20240520;100021;157.96;50;10389932099;B
20240520;100021;157.98;1130;10389932100;B
20240520;100021;157.96;50;10389932102;B
20240520;100021;157.96;150;10389932103;B
20240520;100021;157.98;290;10389932104;B
20240520;100021;157.98;50;10389932105;B
20240520;100021;158;10;10389932106;B
20240520;100021;158;10;10389932107;B
20240520;100021;158;10;10389932108;B
20240520;100021;158;750;10389932109;B
20240520;100021;158;10;10389932110;B
20240520;100021;158;700;10389932111;B
20240520;100021;158;400;10389932112;B
20240520;100021;158;1570;10389932113;B
20240520;100021;157.86;10;10389932118;S
20240520;100021;157.86;40;10389932124;S
20240520;100021;157.84;60;10389932125;S
20240520;100021;157.98;30;10389932183;B
20240520;100021;157.98;150;10389932229;B
20240520;100021;157.98;100;10389932230;B
20240520;100021;158;930;10389932231;B
20240520;100021;158;80;10389932232;B
20240520;100021;157.98;20;10389932246;B
20240520;100021;157.94;50;10389932252;S
20240520;100021;157.92;150;10389932253;S
20240520;100022;157.92;50;10389932293;S
20240520;100022;157.92;20;10389932294;S
20240520;100022;157.98;30;10389932323;B
20240520;100022;158;50;10389932324;B
20240520;100022;158;270;10389932326;B
20240520;100022;158;10;10389932327;B
20240520;100022;158;10;10389932328;B
20240520;100022;158;50;10389932329;B
20240520;100022;158;10;10389932330;B
20240520;100022;158;10;10389932331;B
20240520;100022;158;10;10389932332;B
20240520;100022;158;20;10389932333;B
20240520;100022;157.98;30;10389932341;B
20240520;100022;157.92;130;10389932380;S
20240520;100022;157.92;50;10389932381;S
20240520;100022;157.9;10;10389932382;S
20240520;100022;157.98;120;10389932415;B
20240520;100022;157.98;50;10389932416;B
20240520;100022;158;80;10389932417;B
20240520;100022;158;10;10389932418;B
20240520;100022;158;2000;10389932419;B
20240520;100022;158;30;10389932420;B
20240520;100022;158;10;10389932421;B
20240520;100022;158;10;10389932422;B
20240520;100022;158;10;10389932423;B
20240520;100022;158;20;10389932424;B
20240520;100022;158;10;10389932425;B
20240520;100022;158;30;10389932426;B
20240520;100022;158;10;10389932427;B
20240520;100022;158;20;10389932428;B
20240520;100022;158;10;10389932429;B
20240520;100022;158;400;10389932430;B
20240520;100022;158;500;10389932431;B
20240520;100022;158;10;10389932432;B
20240520;100022;158;100;10389932433;B
20240520;100022;158;40;10389932434;B
20240520;100022;158;320;10389932435;B
20240520;100022;158;50;10389932436;B
20240520;100022;158;30;10389932437;B
20240520;100022;158;100;10389932438;B
20240520;100022;158;1000;10389932439;B
20240520;100022;158;20;10389932440;B
20240520;100022;158;10;10389932441;B
20240520;100022;157.98;30;10389932551;B
20240520;100022;157.98;120;10389932580;B
20240520;100022;158;130;10389932581;B
20240520;100023;158;30;10389932630;B
20240520;100023;158;30;10389932744;B
20240520;100023;157.98;50;10389932745;B
20240520;100023;157.96;10;10389932750;S
20240520;100023;157.94;10;10389932751;S
20240520;100023;157.92;50;10389932752;S
20240520;100023;158;10;10389932855;B
20240520;100023;158;20;10389932856;B
20240520;100023;157.98;50;10389932895;B
20240520;100023;158;10;10389932896;B
20240520;100024;157.94;90;10389932918;S
20240520;100024;157.94;10;10389932924;S
20240520;100024;158;20;10389932951;B
20240520;100024;158;100;10389932952;B
20240520;100024;158;100;10389932953;B
20240520;100024;158;50;10389932954;B
20240520;100024;158;300;10389932955;B
20240520;100024;158;1930;10389932956;B
20240520;100024;158;30;10389932957;B
20240520;100024;158;3040;10389933041;B
20240520;100024;158;500;10389933042;B
20240520;100024;158;310;10389933043;B
20240520;100024;158;10;10389933044;B
20240520;100024;158;200;10389933045;B
20240520;100024;158;50;10389933046;B
20240520;100024;158;10;10389933047;B
20240520;100024;158;100;10389933048;B
20240520;100024;158;780;10389933049;B
20240520;100024;157.96;30;10389933061;S
20240520;100024;157.98;50;10389933076;B
20240520;100024;158;720;10389933077;B
20240520;100024;158;10;10389933078;B
20240520;100024;158;10;10389933079;B
20240520;100024;158;10;10389933080;B
20240520;100024;158;10;10389933081;B
20240520;100024;158;590;10389933082;B
20240520;100024;158;30;10389933083;B
20240520;100024;158;1500;10389933084;B
20240520;100024;158;50;10389933085;B
20240520;100024;158;100;10389933086;B
20240520;100024;158;1400;10389933087;B
20240520;100024;158;100;10389933088;B
20240520;100024;158;100;10389933089;B
20240520;100024;158;50;10389933090;B
20240520;100024;158;10;10389933091;B
20240520;100024;158;110;10389933092;B
20240520;100024;158;10;10389933093;B
20240520;100024;158;100;10389933094;B
20240520;100024;158;50;10389933095;B
20240520;100024;158;10;10389933096;B
20240520;100024;158;100;10389933097;B
20240520;100024;158;100;10389933098;B
20240520;100024;158.02;1000;10389933160;B
20240520;100024;158.06;10;10389933161;B
20240520;100024;158.08;10;10389933162;B
20240520;100024;158.08;50;10389933163;B
20240520;100024;158.1;10;10389933164;B
20240520;100024;158.1;500;10389933165;B
20240520;100024;158.1;460;10389933166;B
20240520;100024;158.1;10;10389933167;B
20240520;100024;158.1;10;10389933168;B
20240520;100024;158.1;70;10389933169;B
20240520;100024;158.14;50;10389933170;B
20240520;100024;158.1;20;10389933178;S
20240520;100024;158.1;30;10389933209;S
20240520;100024;158.08;140;10389933210;S
20240520;100025;158.08;790;10389933511;S
20240520;100025;158.12;50;10389933532;B
20240520;100025;158.14;50;10389933533;B
20240520;100025;158.16;20;10389933534;B
20240520;100025;158.06;50;10389933597;S
20240520;100025;158.06;50;10389933598;S
20240520;100025;158.06;100;10389933747;S
20240520;100025;158.04;50;10389933753;B
20240520;100025;158.04;850;10389933754;B
20240520;100025;158.1;10;10389933777;B
20240520;100025;158.04;150;10389933781;B
20240520;100025;158.1;50;10389933817;B
20240520;100025;158.1;950;10389933818;B
20240520;100025;158.1;10;10389933829;B
20240520;100025;158.08;30;10389933850;B
20240520;100025;158.08;20;10389933857;B
20240520;100025;158.02;10;10389933875;S
20240520;100025;158.02;40;10389933905;S
20240520;100025;158.02;600;10389933906;S
20240520;100025;158.02;170;10389933907;S
20240520;100025;158.02;150;10389933908;S
20240520;100025;158;40;10389933909;S
20240520;100025;158.08;30;10389933920;B
20240520;100025;158;10;10389933999;B
20240520;100025;157.96;20;10389934004;S
20240520;100025;157.94;50;10389934005;S
20240520;100025;157.94;150;10389934006;S
20240520;100025;157.92;50;10389934007;S
20240520;100025;157.92;30;10389934008;S
20240520;100026;158.02;30;10389934076;B
20240520;100026;158.02;50;10389934077;B
20240520;100026;158.02;70;10389934089;B
20240520;100026;158.04;1810;10389934090;B
20240520;100026;158.06;10;10389934100;B
20240520;100026;158.08;150;10389934101;B
20240520;100026;158.1;470;10389934102;B
20240520;100026;158.08;20;10389934109;B
20240520;100026;158.1;230;10389934110;B
20240520;100026;158;160;10389934122;B
20240520;100026;158.08;30;10389934123;B
20240520;100026;158.1;4660;10389934124;B
20240520;100026;158.1;10000;10389934125;B
20240520;100026;158.12;20;10389934126;B
20240520;100026;158.14;50;10389934127;B
20240520;100026;158.16;50;10389934128;B
20240520;100026;158.16;30;10389934129;B
20240520;100026;158.18;50;10389934130;B
20240520;100026;158.18;50;10389934131;B
20240520;100026;158.2;10;10389934132;B
20240520;100026;158.2;200;10389934133;B
20240520;100026;158.2;10;10389934134;B
20240520;100026;158.2;10;10389934135;B
20240520;100026;158.2;70;10389934136;B
20240520;100026;158.2;10;10389934137;B
20240520;100026;158.2;1000;10389934138;B
20240520;100026;158.2;50;10389934139;B
20240520;100026;158.22;50;10389934140;B
20240520;100026;158.22;4200;10389934141;B
20240520;100026;158.22;50;10389934142;B
20240520;100026;158.24;300;10389934143;B
20240520;100026;158.24;10;10389934144;B
20240520;100026;158.24;50;10389934145;B
20240520;100026;158.26;20;10389934146;B
20240520;100026;158.26;10;10389934147;B
20240520;100026;158.26;20;10389934148;B
20240520;100026;158.26;50;10389934149;B
20240520;100026;158.28;100;10389934150;B
20240520;100026;158.28;10;10389934151;B
20240520;100026;158.28;150;10389934152;B
20240520;100026;158.28;800;10389934153;B
20240520;100026;158.28;50;10389934154;B
20240520;100026;158.3;10;10389934155;B
20240520;100026;158.3;150;10389934156;B
20240520;100026;158.3;20;10389934157;B
20240520;100026;158.3;10;10389934158;B
20240520;100026;158.3;320;10389934159;B
20240520;100026;158.3;100;10389934160;B
20240520;100026;158.3;140;10389934161;B
20240520;100026;158.3;10;10389934162;B
20240520;100026;158.3;10;10389934163;B
20240520;100026;158.3;2600;10389934164;B
20240520;100026;158.3;200;10389934165;B
20240520;100026;158.3;10;10389934166;B
20240520;100026;158.3;30;10389934167;B
20240520;100026;158.3;1000;10389934168;B
20240520;100026;158.3;50;10389934169;B
20240520;100026;158.32;50;10389934170;B
20240520;100026;158.34;10;10389934171;B
20240520;100026;158.34;2500;10389934172;B
20240520;100026;158.36;3160;10389934173;B
20240520;100026;158.36;20;10389934174;B
20240520;100026;158.38;200;10389934175;B
20240520;100026;158.38;50;10389934176;B
20240520;100026;158.38;2140;10389934177;B
20240520;100026;158.38;2130;10389934178;B
20240520;100026;158.38;2130;10389934179;B
20240520;100026;158.38;1760;10389934180;B
20240520;100026;158.4;10;10389934181;B
20240520;100026;158.4;40;10389934182;B
20240520;100026;158.4;300;10389934183;B
20240520;100026;158.4;50;10389934184;B
20240520;100026;158.4;40;10389934185;B
20240520;100026;158.44;1760;10389934186;B
20240520;100026;158.46;100;10389934187;B
20240520;100026;158.48;100;10389934188;B
20240520;100026;158.48;200;10389934189;B
20240520;100026;158.48;5000;10389934190;B
20240520;100026;158.48;50;10389934191;B
20240520;100026;158.48;130;10389934192;B
20240520;100026;158.48;50;10389934193;B
20240520;100026;158.48;100;10389934194;B
20240520;100026;158.48;70;10389934195;B
20240520;100026;158.48;10;10389934196;B
20240520;100026;158.48;850;10389934197;B
20240520;100026;158.02;50;10389934219;S
20240520;100026;158;150;10389934220;S
20240520;100026;158;50;10389934221;S
20240520;100026;158;810;10389934222;S
20240520;100026;158.08;10;10389934227;S
20240520;100026;158.2;10;10389934304;B
20240520;100026;158.2;150;10389934305;B
20240520;100026;158.32;50;10389934306;B
20240520;100026;158.34;50;10389934307;B
20240520;100026;158.36;50;10389934308;B
20240520;100026;158.38;50;10389934309;B
20240520;100026;158.4;50;10389934310;B
20240520;100026;158.42;50;10389934311;B
20240520;100026;158.44;50;10389934312;B
20240520;100026;158.46;490;10389934313;B
20240520;100026;158.04;10;10389934317;S
20240520;100026;158.04;40;10389934333;S
20240520;100026;158.02;150;10389934334;S
20240520;100026;158.02;10;10389934335;S
20240520;100026;158.02;20;10389934342;S
20240520;100026;158.02;10;10389934351;S
20240520;100026;158.02;10;10389934370;S
20240520;100026;158.02;30;10389934371;S
20240520;100026;158.02;120;10389934372;S
20240520;100026;158.02;200;10389934373;S
20240520;100026;158.04;50;10389934374;S
20240520;100026;158.02;100;10389934375;S
20240520;100026;158.04;50;10389934389;S
20240520;100026;158.02;50;10389934390;S
20240520;100026;158.18;50;10389934406;B
20240520;100026;158.2;30;10389934407;B
20240520;100026;158.26;10;10389934408;B
20240520;100026;158.32;150;10389934409;B
20240520;100026;158.34;170;10389934410;B
20240520;100026;158.38;50;10389934411;B
20240520;100026;158.42;320;10389934412;B
20240520;100026;158.44;1220;10389934413;B
20240520;100026;158.38;10;10389934490;S
20240520;100026;158.38;10;10389934530;S
20240520;100027;158.26;10;10389934537;S
20240520;100027;158.32;50;10389934595;B
20240520;100027;158.32;70;10389934695;B
20240520;100027;158.32;50;10389934696;B
20240520;100027;158.32;10;10389934697;B
20240520;100027;158.34;150;10389934698;B
20240520;100027;158.34;320;10389934699;B
20240520;100027;158.3;50;10389934720;S
20240520;100027;158.3;10;10389934749;S
20240520;100027;158.3;40;10389934768;S
20240520;100027;158.28;10;10389934769;S
20240520;100027;158.28;40;10389934777;S
20240520;100027;158.26;40;10389934778;S
20240520;100027;158.24;50;10389934779;S
20240520;100027;158.24;50;10389934780;S
20240520;100027;158.24;50;10389934781;S
20240520;100027;158.22;50;10389934782;S
20240520;100027;158.22;120;10389934783;S
20240520;100027;158.2;50;10389934792;S
20240520;100027;158.3;200;10389934827;B
20240520;100027;158.3;50;10389934828;B
20240520;100027;158.32;50;10389934829;B
20240520;100027;158.34;700;10389934830;B
20240520;100027;158.34;50;10389934838;B
20240520;100028;158.28;10;10389934905;B
20240520;100028;158.34;40;10389934906;B
20240520;100028;158.34;60;10389934909;B
20240520;100028;158.36;590;10389934910;B
20240520;100028;158.36;100;10389934954;B
20240520;100028;158.28;50;10389935174;S
20240520;100028;158.26;150;10389935175;S
20240520;100028;158.26;50;10389935176;S
20240520;100028;158.26;1320;10389935177;B
20240520;100028;158.34;60;10389935185;B
20240520;100028;158.34;90;10389935211;B
20240520;100028;158.34;50;10389935212;B
20240520;100028;158.36;860;10389935213;B
20240520;100028;158.36;10;10389935260;B
20240520;100029;158.26;30;10389935280;S
20240520;100029;158.28;180;10389935357;B
20240520;100029;158.26;20;10389935371;S
20240520;100029;158.26;50;10389935372;S
20240520;100029;158.26;30;10389935373;S
20240520;100030;158.32;20;10389935973;S
20240520;100030;158.36;440;10389936004;B
20240520;100030;158.36;10;10389936005;B
20240520;100030;158.38;500;10389936006;B
20240520;100030;158.4;50;10389936007;B
20240520;100030;158.4;250;10389936008;B
20240520;100030;158.42;2500;10389936009;B
20240520;100030;158.42;50;10389936010;B
20240520;100030;158.44;2500;10389936011;B
20240520;100030;158.44;50;10389936012;B
20240520;100030;158.44;50;10389936013;B
20240520;100030;158.46;10;10389936014;B
20240520;100030;158.46;50;10389936015;B
20240520;100030;158.48;5450;10389936016;B
20240520;100030;158.48;50;10389936017;B
20240520;100030;158.48;470;10389936018;B
20240520;100030;158.5;500;10389936019;B
20240520;100030;158.5;10;10389936020;B
20240520;100030;158.5;300;10389936021;B
20240520;100030;158.5;250;10389936022;B
20240520;100030;158.5;100;10389936023;B
20240520;100030;158.5;10;10389936024;B
20240520;100030;158.5;50;10389936025;B
20240520;100030;158.5;10;10389936026;B
20240520;100030;158.5;300;10389936027;B
20240520;100030;158.5;20;10389936028;B
20240520;100030;158.5;1000;10389936029;B
20240520;100030;158.5;30;10389936030;B
20240520;100030;158.5;1940;10389936031;B
20240520;100030;158.5;50;10389936032;B
20240520;100030;158.5;50;10389936033;B
20240520;100030;158.5;2000;10389936034;B
20240520;100030;158.52;10;10389936035;B
20240520;100030;158.52;50;10389936036;B
20240520;100030;158.54;600;10389936037;B
20240520;100030;158.54;50;10389936038;B
20240520;100030;158.56;50;10389936039;B
20240520;100030;158.58;10;10389936040;B
20240520;100030;158.58;50;10389936041;B
20240520;100030;158.6;10000;10389936042;B
20240520;100030;158.6;10;10389936043;B
20240520;100030;158.6;10;10389936044;B
20240520;100030;158.6;15300;10389936045;B
20240520;100030;158.6;250;10389936046;B
20240520;100030;158.6;30;10389936047;B
20240520;100030;158.62;10;10389936048;B
20240520;100030;158.62;1880;10389936049;B
20240520;100030;158.64;10;10389936050;B
20240520;100030;158.64;20;10389936051;B
20240520;100030;158.66;100;10389936052;B
20240520;100030;158.66;720;10389936053;B
20240520;100030;158.7;20000;10389936054;B
20240520;100030;158.7;60;10389936055;B
20240520;100030;158.7;10;10389936056;B
20240520;100030;158.7;10;10389936057;B
20240520;100030;158.7;20;10389936058;B
20240520;100030;158.7;10;10389936059;B
20240520;100030;158.7;500;10389936060;B
20240520;100030;158.7;730;10389936061;B
20240520;100030;158.7;700;10389936062;B
20240520;100030;158.72;600;10389936063;B
20240520;100030;158.74;300;10389936064;B
20240520;100030;158.76;100;10389936065;B
20240520;100030;158.78;10;10389936066;B
20240520;100030;158.78;100;10389936067;B
20240520;100030;158.78;10;10389936068;B
20240520;100030;158.8;20000;10389936069;B
20240520;100030;158.8;10;10389936070;B
20240520;100030;158.8;100;10389936071;B
20240520;100030;158.8;10;10389936072;B
20240520;100030;158.8;10;10389936073;B
20240520;100030;158.8;50;10389936074;B
20240520;100030;158.8;1000;10389936075;B
20240520;100030;158.8;150;10389936076;B
20240520;100030;158.8;6290;10389936077;B
20240520;100030;158.8;6290;10389936078;B
20240520;100030;158.82;10;10389936079;B
20240520;100030;158.82;10;10389936080;B
20240520;100030;158.84;10;10389936081;B
20240520;100030;158.84;10;10389936082;B
20240520;100030;158.88;10;10389936083;B
20240520;100030;158.88;40;10389936084;B
20240520;100030;158.9;20000;10389936085;B
20240520;100030;158.9;10;10389936086;B
20240520;100030;158.9;10;10389936087;B
20240520;100030;158.9;20;10389936088;B
20240520;100030;158.9;500;10389936089;B
20240520;100030;158.9;10;10389936090;B
20240520;100030;158.9;10;10389936091;B
20240520;100030;158.9;1000;10389936092;B
20240520;100030;158.9;2130;10389936093;B
20240520;100030;158.94;650;10389936094;B
20240520;100030;158.96;50;10389936095;B
20240520;100030;158.96;100;10389936096;B
20240520;100030;158.96;340;10389936097;B
20240520;100030;158.98;10;10389936098;B
20240520;100030;158.98;20;10389936099;B
20240520;100030;158.98;100;10389936100;B
20240520;100030;158.98;10;10389936101;B
20240520;100030;158.98;60;10389936102;B
20240520;100030;158.98;10;10389936103;B
20240520;100030;158.98;300;10389936104;B
20240520;100030;158.98;100;10389936105;B
20240520;100030;158.98;300;10389936106;B
20240520;100030;158.98;30;10389936107;B
20240520;100030;158.98;1000;10389936108;B
20240520;100030;158.98;30;10389936109;B
20240520;100030;158.98;50;10389936110;B
20240520;100030;158.98;50;10389936111;B
20240520;100030;158.98;100;10389936112;B
20240520;100030;159;10;10389936113;B
20240520;100030;159;10;10389936114;B
20240520;100030;159;1000;10389936115;B
20240520;100030;159;10;10389936116;B
20240520;100030;159;100;10389936117;B
20240520;100030;159;10;10389936118;B
20240520;100030;159;10;10389936119;B
20240520;100030;159;10;10389936120;B
20240520;100030;159;10;10389936121;B
20240520;100030;159;10;10389936122;B
20240520;100030;159;50;10389936123;B
20240520;100030;159;10;10389936124;B
20240520;100030;159;10;10389936125;B
20240520;100030;159;10;10389936126;B
20240520;100030;159;200;10389936127;B
20240520;100030;159;10;10389936128;B
20240520;100030;159;10;10389936129;B
20240520;100030;159;80;10389936130;B
20240520;100030;159;50;10389936131;B
20240520;100030;159;30;10389936132;B
20240520;100030;159;40;10389936133;B
20240520;100030;159;800;10389936134;B
20240520;100030;159;500;10389936135;B
20240520;100030;159;500;10389936136;B
20240520;100030;159;4900;10389936137;B
20240520;100030;159;20;10389936138;B
20240520;100030;159;10;10389936139;B
20240520;100030;159;300;10389936140;B
20240520;100030;159;250;10389936141;B
20240520;100030;159;400;10389936142;B
20240520;100030;159;70;10389936143;B
20240520;100030;159;30;10389936144;B
20240520;100030;159;10;10389936145;B
20240520;100030;159;20;10389936146;B
20240520;100030;159;10;10389936147;B
20240520;100030;159;10;10389936148;B
20240520;100030;159;650;10389936149;B
20240520;100030;159;50;10389936150;B
20240520;100030;159;30;10389936151;B
20240520;100030;159;300;10389936152;B
20240520;100030;159;100;10389936153;B
20240520;100030;159;10;10389936154;B
20240520;100030;159;200;10389936155;B
20240520;100030;159;10;10389936156;B
20240520;100030;159;20;10389936157;B
20240520;100030;159;60;10389936158;B
20240520;100030;159;250;10389936159;B
20240520;100030;159.04;10;10389936160;B
20240520;100030;159.06;2140;10389936161;B
20240520;100030;159.06;64290;10389936162;B
20240520;100030;158.34;10;10389936226;S
20240520;100030;158.34;40;10389936227;S
20240520;100030;158.32;40;10389936228;S
20240520;100030;158.32;90;10389936229;S
20240520;100030;158.32;50;10389936230;S
20240520;100030;158.3;50;10389936231;S
20240520;100030;158.3;60;10389936232;S
20240520;100030;158.32;50;10389936234;S
20240520;100030;158.32;50;10389936235;S
20240520;100030;158.3;10;10389936241;S
20240520;100030;158.46;60;10389936273;B
20240520;100030;158.48;260;10389936274;B
20240520;100030;158.48;320;10389936275;B
20240520;100030;158.46;10;10389936276;B
20240520;100030;158.4;50;10389936283;S
20240520;100030;158.38;10;10389936284;S
20240520;100030;158.38;50;10389936285;S
20240520;100030;158.36;50;10389936286;S
20240520;100030;158.34;40;10389936287;S
20240520;100031;158.3;50;10389936320;S
20240520;100031;158.3;450;10389936321;S
20240520;100031;158.36;30;10389936324;S
20240520;100031;158.46;50;10389936351;B
20240520;100031;158.46;50;10389936371;B
20240520;100031;158.42;10;10389936381;S
20240520;100031;158.42;50;10389936382;S
20240520;100031;158.4;20;10389936383;S
20240520;100031;158.4;50;10389936384;S
20240520;100031;158.38;50;10389936385;S
20240520;100031;158.38;450;10389936386;B
20240520;100031;158.36;50;10389936400;S
20240520;100031;158.34;50;10389936401;S
20240520;100031;158.34;10;10389936402;S
20240520;100031;158.34;150;10389936403;S
20240520;100031;158.34;50;10389936404;S
20240520;100031;158.32;50;10389936405;S
20240520;100031;158.32;140;10389936406;S
20240520;100031;158.34;50;10389936408;S
20240520;100031;158.34;30;10389936409;S
20240520;100031;158.36;50;10389936414;S
20240520;100031;158.34;50;10389936415;S
20240520;100031;158.36;50;10389936416;S
20240520;100031;158.42;20;10389936418;B
20240520;100031;158.46;50;10389936419;B
20240520;100031;158.46;50;10389936420;B
20240520;100031;158.48;230;10389936421;B
20240520;100031;158.46;50;10389936424;B
20240520;100031;158.46;210;10389936425;B
20240520;100031;158.48;340;10389936426;B
20240520;100031;158.36;10;10389936427;S
20240520;100031;158.36;10;10389936428;S
20240520;100031;158.46;50;10389936482;B
20240520;100031;158.46;30;10389936483;B
20240520;100031;158.48;20;10389936484;B
20240520;100031;158.48;1500;10389936485;B
20240520;100031;158.46;30;10389936487;B
20240520;100031;158.36;30;10389936488;S
20240520;100031;158.34;70;10389936489;S
20240520;100031;158.46;20;10389936491;B
20240520;100031;158.48;1980;10389936492;B
20240520;100031;158.36;50;10389936494;S
20240520;100031;158.34;40;10389936495;S
20240520;100031;158.46;60;10389936503;B
20240520;100031;158.36;50;10389936504;S
20240520;100031;158.34;20;10389936505;S
20240520;100031;158.34;50;10389936506;S
20240520;100031;158.32;80;10389936507;S
20240520;100031;158.34;50;10389936510;S
20240520;100031;158.34;210;10389936511;S
20240520;100031;158.32;510;10389936512;S
20240520;100031;158.32;50;10389936516;S
20240520;100031;158.46;10;10389936528;B
20240520;100031;158.46;210;10389936529;B
20240520;100031;158.42;50;10389936531;S
20240520;100031;158.4;300;10389936532;S
20240520;100031;158.4;50;10389936533;S
20240520;100031;158.38;50;10389936534;S
20240520;100031;158.36;50;10389936535;S
20240520;100031;158.36;210;10389936536;S
20240520;100031;158.34;50;10389936537;S
20240520;100031;158.32;20;10389936538;S
20240520;100031;158.32;50;10389936539;S
20240520;100031;158.32;470;10389936540;S
20240520;100031;158.3;10;10389936543;B
20240520;100031;158.28;50;10389936545;S
20240520;100031;158.26;20;10389936552;S
20240520;100031;158.26;30;10389936553;S
20240520;100031;158.44;50;10389936575;B
20240520;100031;158.46;60;10389936576;B
20240520;100031;158.46;50;10389936577;B
20240520;100031;158.48;840;10389936578;B
20240520;100031;158.46;50;10389936582;B
20240520;100031;158.46;180;10389936583;B
20240520;100031;158.46;30;10389936588;B
20240520;100032;158.48;5940;10389936702;B
20240520;100032;158.48;8570;10389936703;B
20240520;100032;158.48;200;10389936704;B
20240520;100032;158.5;20;10389936713;B
20240520;100032;158.46;10;10389936723;S
20240520;100032;158.5;100;10389936727;B
20240520;100032;158.46;30;10389936755;S
20240520;100032;158.46;10;10389936756;S
20240520;100032;158.44;40;10389936757;S
20240520;100032;158.46;50;10389936758;S
20240520;100032;158.44;150;10389936759;S
20240520;100032;158.46;30;10389936760;S
20240520;100032;158.46;10;10389936775;S
20240520;100032;158.48;850;10389936778;B
20240520;100032;158.48;440;10389936818;B
20240520;100032;158.5;10;10389936819;B
20240520;100032;158.5;10;10389936827;B
20240520;100032;158.5;260;10389936832;B
20240520;100032;158.5;100;10389936833;B
20240520;100032;158.5;50;10389936834;B
20240520;100032;158.5;10;10389936835;B
20240520;100032;158.5;20;10389936836;B
20240520;100032;158.52;10;10389936837;B
20240520;100032;158.56;10;10389936838;B
20240520;100032;158.6;540;10389936839;B
20240520;100032;158.6;200;10389936844;B
20240520;100032;158.6;4060;10389936859;B
20240520;100032;158.6;510;10389936860;B
20240520;100032;158.6;10;10389936861;B
20240520;100032;158.66;30;10389936875;B
20240520;100032;158.68;100;10389936876;B
20240520;100032;158.7;20;10389936877;B
20240520;100032;158.7;40;10389936878;B
20240520;100032;158.74;10;10389936879;B
20240520;100032;158.78;10;10389936880;B
20240520;100032;158.78;40;10389936881;B
20240520;100033;158.78;60;10389936929;B
20240520;100033;158.8;20;10389936930;B
20240520;100033;158.8;10;10389936931;B
20240520;100033;158.84;10;10389936932;B
20240520;100033;158.88;10;10389936933;B
20240520;100033;158.88;10;10389936934;B
20240520;100033;158.88;250;10389936935;B
20240520;100033;158.88;2500;10389936936;B
20240520;100033;158.88;800;10389936937;B
20240520;100033;158.9;10;10389936938;B
20240520;100033;158.9;10;10389936939;B
20240520;100033;158.9;250;10389936940;B
20240520;100033;158.9;1060;10389936941;B
20240520;100033;158.74;360;10389937073;B
20240520;100033;158.9;250;10389937106;B
20240520;100033;158.9;50;10389937107;B
20240520;100033;158.9;20;10389937108;B
20240520;100033;158.9;20;10389937109;B
20240520;100033;158.92;70;10389937110;B
20240520;100033;158.94;120;10389937111;B
20240520;100033;158.94;50;10389937112;B
20240520;100033;158.96;250;10389937113;B
20240520;100033;158.96;170;10389937114;B
20240520;100033;158.8;50;10389937119;S
20240520;100033;158.8;1510;10389937120;S
20240520;100033;158.8;10;10389937132;S
20240520;100033;158.8;10;10389937181;S
20240520;100034;158.8;30;10389937325;S
20240520;100034;158.78;200;10389937326;S
20240520;100034;158.78;50;10389937327;S
20240520;100034;158.76;40;10389937328;S
20240520;100034;158.78;10;10389937385;S
20240520;100034;158.88;50;10389937407;B
20240520;100034;158.78;190;10389937420;S
20240520;100034;158.76;800;10389937421;S
20240520;100034;158.76;10;10389937422;S
20240520;100034;158.8;50;10389937474;B
20240520;100034;158.76;30;10389937538;S
20240520;100034;158.8;50;10389937569;B
20240520;100034;158.78;250;10389937582;S
20240520;100034;158.76;60;10389937583;S
20240520;100034;158.74;200;10389937584;S
20240520;100034;158.72;250;10389937585;S
20240520;100034;158.68;240;10389937586;S
20240520;100034;158.78;50;10389937628;B
20240520;100035;158.64;10;10389937664;S
20240520;100035;158.78;50;10389937685;B
20240520;100035;158.74;50;10389937723;S
20240520;100035;158.72;670;10389937724;S
20240520;100035;158.78;10;10389937821;S
20240520;100035;158.74;50;10389937822;S
20240520;100035;158.74;50;10389937823;S
20240520;100035;158.72;40;10389937824;S
20240520;100035;158.72;20;10389937914;S
20240520;100036;158.8;10;10389938031;B
20240520;100036;158.8;50;10389938101;B
20240520;100037;158.74;10;10389938242;S
20240520;100037;158.72;270;10389938243;S
20240520;100037;158.72;50;10389938244;S
20240520;100037;158.72;50;10389938245;S
20240520;100037;158.72;50;10389938246;S
20240520;100037;158.68;70;10389938247;S
20240520;100037;158.74;50;10389938251;B
20240520;100037;158.76;210;10389938252;B
20240520;100037;158.76;50;10389938253;B
20240520;100037;158.78;250;10389938254;B
20240520;100037;158.78;50;10389938255;B
20240520;100037;158.8;50;10389938256;B
20240520;100037;158.82;1570;10389938257;B
20240520;100037;158.82;50;10389938258;B
20240520;100037;158.84;50;10389938259;B
20240520;100037;158.86;50;10389938260;B
20240520;100037;158.88;140;10389938261;B
20240520;100037;158.88;50;10389938262;B
20240520;100037;158.88;50;10389938263;B
20240520;100037;158.9;50;10389938264;B
20240520;100037;158.9;800;10389938265;B
20240520;100037;158.9;300;10389938266;B
20240520;100037;158.92;50;10389938267;B
20240520;100037;158.92;2500;10389938268;B
20240520;100037;158.96;1510;10389938269;B
20240520;100037;158.96;250;10389938270;B
20240520;100037;158.96;10;10389938271;B
20240520;100037;158.98;11910;10389938272;B
20240520;100037;158.96;40;10389938299;B
20240520;100037;158.7;10;10389938303;S
20240520;100037;158.78;50;10389938341;S
20240520;100037;158.76;90;10389938342;S
20240520;100037;158.9;100;10389938428;B
20240520;100038;158.9;100;10389938581;B
20240520;100038;158.92;320;10389938582;B
20240520;100038;158.92;1500;10389938600;B
20240520;100038;158.78;50;10389938847;S
20240520;100038;158.78;250;10389938848;S
20240520;100038;158.76;50;10389938849;S
20240520;100038;158.76;200;10389938850;S
20240520;100038;158.74;50;10389938851;S
20240520;100038;158.74;800;10389938852;S
20240520;100038;158.74;4810;10389938853;B
20240520;100038;158.76;50;10389939020;S
20240520;100039;158.78;10;10389939112;B
20240520;100039;158.88;50;10389939136;B
20240520;100039;158.88;50;10389939137;B
20240520;100039;158.9;20;10389939159;B
20240520;100039;158.7;10;10389939176;S
20240520;100040;158.88;10;10389939402;B
20240520;100040;158.82;100;10389939459;B
20240520;100040;158.9;180;10389939460;B
20240520;100040;158.9;10;10389939461;B
20240520;100040;158.9;50;10389939462;B
20240520;100040;158.92;660;10389939463;B
20240520;100040;158.7;30;10389939495;S
20240520;100040;158.72;20;10389939547;S
20240520;100041;158.86;10;10389939569;B
20240520;100041;158.9;50;10389939570;B
20240520;100041;158.92;20;10389939571;B
20240520;100041;158.92;50;10389939572;B
20240520;100041;158.94;10;10389939573;B
20240520;100041;158.94;50;10389939574;B
20240520;100041;158.94;250;10389939575;B
20240520;100041;158.96;10;10389939576;B
20240520;100041;158.96;50;10389939577;B
20240520;100041;158.96;10;10389939578;B
20240520;100041;158.96;30;10389939579;B
20240520;100041;158.96;190;10389939580;B
20240520;100041;158.96;800;10389939581;B
20240520;100041;158.98;8090;10389939582;B
20240520;100041;158.98;20;10389939583;B
20240520;100041;158.98;100;10389939584;B
20240520;100041;158.98;50;10389939585;B
20240520;100041;159;50;10389939586;B
20240520;100041;159;100;10389939587;B
20240520;100041;159;100;10389939588;B
20240520;100041;159;20;10389939589;B
20240520;100041;159;10;10389939590;B
20240520;100041;159;200;10389939591;B
20240520;100041;159;10;10389939592;B
20240520;100041;159;50;10389939593;B
20240520;100041;159;100;10389939594;B
20240520;100041;159;10;10389939595;B
20240520;100041;159;50;10389939596;B
20240520;100041;159;50;10389939597;B
20240520;100041;159;10;10389939598;B
20240520;100041;159;50;10389939599;B
20240520;100041;159;10;10389939600;B
20240520;100041;159;30;10389939601;B
20240520;100041;159;10;10389939602;B
20240520;100041;159;10;10389939603;B
20240520;100041;159;100;10389939604;B
20240520;100041;159;50;10389939605;B
20240520;100041;159;40;10389939606;B
20240520;100041;159.02;50;10389939607;B
20240520;100041;159.02;40;10389939608;B
20240520;100041;159.02;4040;10389939609;B
20240520;100041;159.04;50;10389939610;B
20240520;100041;159.04;20;10389939611;B
20240520;100041;159.04;50;10389939612;B
20240520;100041;159.06;3400;10389939613;B
20240520;100041;159.04;50;10389939614;B
20240520;100041;159.06;350;10389939615;B
20240520;100041;159.06;120;10389939616;B
20240520;100041;158.78;50;10389939618;S
20240520;100041;158.86;10;10389939626;B
20240520;100041;158.74;40;10389939650;S
20240520;100041;158.74;10;10389939674;S
20240520;100041;158.72;30;10389939675;S
20240520;100041;158.74;50;10389939708;S
20240520;100041;158.72;200;10389939709;S
20240520;100041;158.72;700;10389939710;S
20240520;100041;158.78;50;10389939771;S
20240520;100041;158.78;100;10389939772;S
20240520;100041;158.9;20;10389939806;B
20240520;100041;158.98;50;10389939807;B
20240520;100041;159;50;10389939808;B
20240520;100041;159;40;10389939809;B
20240520;100041;159.02;50;10389939810;B
20240520;100041;159.04;50;10389939811;B
20240520;100041;159.04;700;10389939812;B
20240520;100041;159.04;200;10389939813;B
20240520;100041;159.06;1840;10389939814;B
20240520;100042;158.86;10;10389939850;S
20240520;100042;159;50;10389939932;B
20240520;100042;158.98;100;10389939980;B
20240520;100042;159.02;10;10389939981;B
20240520;100042;159.06;10;10389939982;B
20240520;100042;159.06;30;10389939983;B
20240520;100042;159.08;50;10389939984;B
20240520;100042;159.1;10;10389939985;B
20240520;100042;159.1;700;10389939986;B
20240520;100042;159.1;1000;10389939987;B
20240520;100042;159.1;50;10389939988;B
20240520;100042;159.12;40;10389939989;B
20240520;100042;159.12;10;10389940001;B
20240520;100042;159.04;150;10389940089;B
20240520;100042;159.04;610;10389940101;B
20240520;100042;159.04;70;10389940103;B
20240520;100043;159.04;10;10389940126;B
20240520;100043;159.04;10;10389940139;B
20240520;100043;159.04;150;10389940141;B
20240520;100043;159.04;90;10389940142;B
20240520;100043;159.12;100;10389940143;B
20240520;100043;159.12;250;10389940144;B
20240520;100043;159.14;410;10389940145;B
20240520;100043;159.04;50;10389940186;S
20240520;100043;159.04;200;10389940187;S
20240520;100043;159.02;200;10389940188;S
20240520;100043;159.02;50;10389940189;S
20240520;100043;159;50;10389940190;S
20240520;100043;159;230;10389940191;B
20240520;100043;159;40;10389940192;B
20240520;100043;158.98;40;10389940193;B
20240520;100043;158.94;20;10389940199;S
20240520;100043;158.98;10;10389940200;B
20240520;100043;158.98;10;10389940201;B
20240520;100043;158.96;50;10389940202;S
20240520;100043;158.94;50;10389940203;S
20240520;100043;158.98;10;10389940204;B
20240520;100043;158.98;30;10389940224;B
20240520;100043;158.98;70;10389940251;B
20240520;100043;158.98;20;10389940258;B
20240520;100043;158.98;10;10389940272;B
20240520;100043;158.96;50;10389940325;S
20240520;100043;158.94;50;10389940326;S
20240520;100043;158.92;200;10389940327;S
20240520;100043;158.92;50;10389940328;S
20240520;100043;158.92;200;10389940329;S
20240520;100043;158.9;50;10389940330;S
20240520;100043;158.88;50;10389940331;S
20240520;100043;158.88;730;10389940332;S
20240520;100043;158.86;40;10389940333;S
20240520;100043;158.86;250;10389940334;S
20240520;100043;158.86;8000;10389940335;S
20240520;100043;158.84;200;10389940336;S
20240520;100043;158.84;50;10389940337;S
20240520;100043;158.84;20000;10389940338;S
20240520;100043;158.82;50;10389940339;S
20240520;100043;158.8;130;10389940340;S
20240520;100043;158.8;50;10389940341;S
20240520;100043;158.78;200;10389940342;S
20240520;100043;158.78;50;10389940343;S
20240520;100043;158.76;440;10389940344;S
20240520;100043;158.76;50;10389940345;S
20240520;100043;158.68;50;10389940346;S
20240520;100043;158.64;100;10389940347;S
20240520;100043;158.54;150;10389940348;S
20240520;100043;158.54;10;10389940349;S
20240520;100043;158.52;500;10389940350;S
20240520;100043;158.52;3840;10389940351;S
20240520;100043;158.5;500;10389940352;S
20240520;100043;158.5;10;10389940353;S
20240520;100043;158.5;3950;10389940354;S
20240520;100044;158.98;10;10389940555;B
20240520;100044;158.98;40;10389940596;B
20240520;100044;158.98;60;10389940597;B
20240520;100044;158.88;220;10389940598;S
20240520;100044;158.74;50;10389940599;S
20240520;100044;158.72;50;10389940600;S
20240520;100044;158.7;50;10389940601;S
20240520;100044;158.68;50;10389940602;S
20240520;100044;158.66;50;10389940603;S
20240520;100044;158.64;50;10389940604;S
20240520;100044;158.64;200;10389940605;S
20240520;100044;158.64;780;10389940606;S
20240520;100044;158.66;100;10389940609;S
20240520;100045;158.88;50;10389940799;B
20240520;100045;158.88;20;10389940800;B
20240520;100045;158.78;50;10389940974;B
20240520;100045;158.74;20;10389940979;S
20240520;100045;158.78;50;10389941065;B
20240520;100045;158.8;20;10389941066;B
20240520;100045;158.8;30;10389941067;B
20240520;100046;158.74;10;10389941118;S
20240520;100046;158.78;50;10389941120;B
20240520;100046;158.8;20;10389941121;B
20240520;100046;158.8;100;10389941122;B
20240520;100046;158.8;430;10389941123;S
20240520;100046;158.82;20;10389941175;B
20240520;100046;158.82;30;10389941253;B
20240520;100046;158.84;50;10389941254;B
20240520;100046;158.84;200;10389941255;B
20240520;100046;158.86;50;10389941256;B
20240520;100046;158.88;50;10389941257;B
20240520;100046;158.88;620;10389941258;B
20240520;100046;158.82;10;10389941439;B
20240520;100046;158.82;50;10389941440;B
20240520;100046;158.84;50;10389941441;B
20240520;100046;158.86;50;10389941442;B
20240520;100046;158.88;200;10389941443;B
20240520;100046;158.88;50;10389941444;B
20240520;100046;158.88;200;10389941445;B
20240520;100046;158.88;250;10389941446;B
20240520;100046;158.9;50;10389941447;B
20240520;100046;158.9;500;10389941448;B
20240520;100046;158.92;50;10389941449;B
20240520;100046;158.92;40;10389941450;B
20240520;100046;158.9;50;10389941470;B
20240520;100046;158.9;40;10389941471;B
20240520;100046;158.92;10;10389941472;B
20240520;100047;158.76;50;10389941617;S
20240520;100047;158.74;10;10389941618;S
20240520;100047;158.74;50;10389941619;S
20240520;100047;158.72;10;10389941620;S
20240520;100047;158.72;50;10389941621;S
20240520;100047;158.7;50;10389941622;S
20240520;100047;158.7;200;10389941623;S
20240520;100047;158.7;640;10389941624;S
20240520;100047;158.68;50;10389941625;S
20240520;100047;158.68;500;10389941626;S
20240520;100047;158.66;50;10389941627;S
20240520;100047;158.66;10;10389941628;S
20240520;100047;158.66;330;10389941629;S
20240520;100047;158.88;10;10389941669;B
20240520;100047;158.84;50;10389941798;B
20240520;100047;158.86;630;10389941799;B
20240520;100047;158.86;50;10389941800;B
20240520;100047;158.88;40;10389941801;B
20240520;100047;158.88;200;10389941802;B
20240520;100047;158.88;30;10389941803;B
20240520;100048;158.74;10;10389942012;S
20240520;100048;158.72;360;10389942072;B
20240520;100048;158.86;50;10389942131;B
20240520;100048;158.88;70;10389942132;B
20240520;100048;158.7;50;10389942205;S
20240520;100048;158.7;200;10389942206;S
20240520;100048;158.68;50;10389942207;S
20240520;100048;158.68;200;10389942208;S
20240520;100048;158.66;50;10389942209;S
20240520;100048;158.64;50;10389942210;S
20240520;100048;158.64;250;10389942211;S
20240520;100048;158.64;10;10389942212;S
20240520;100048;158.64;140;10389942213;S
20240520;100048;158.76;50;10389942414;B
20240520;100048;158.78;10;10389942415;B
20240520;100048;158.78;50;10389942416;B
20240520;100048;158.78;90;10389942417;B
20240520;100048;158.74;10;10389942424;B
20240520;100048;158.76;50;10389942425;B
20240520;100048;158.78;110;10389942426;B
20240520;100048;158.78;50;10389942427;B
20240520;100048;158.8;50;10389942428;B
20240520;100048;158.8;130;10389942429;B
20240520;100049;158.78;50;10389942448;B
20240520;100049;158.8;950;10389942449;B
20240520;100049;158.68;990;10389942575;B
20240520;100049;158.68;290;10389942807;B
20240520;100050;158.66;50;10389943068;S
20240520;100050;158.64;190;10389943069;S
20240520;100051;158.72;130;10389943179;B
20240520;100051;158.72;50;10389943180;B
20240520;100051;158.74;50;10389943181;B
20240520;100051;158.76;50;10389943182;B
20240520;100051;158.76;10;10389943183;B
20240520;100051;158.78;50;10389943184;B
20240520;100051;158.78;2760;10389943185;B
20240520;100051;158.78;800;10389943186;B
20240520;100051;158.8;50;10389943187;B
20240520;100051;158.8;1000;10389943188;B
20240520;100051;158.82;50;10389943189;B
20240520;100051;158.82;330;10389943190;B
20240520;100051;158.84;50;10389943191;B
20240520;100051;158.84;250;10389943192;B
20240520;100051;158.84;6500;10389943193;B
20240520;100051;158.86;50;10389943194;B
20240520;100051;158.86;17820;10389943195;B
20240520;100051;158.72;530;10389943318;B
20240520;100051;158.72;40;10389943333;B
20240520;100051;158.72;10;10389943442;B
20240520;100051;158.72;20;10389943449;B
20240520;100051;158.72;10;10389943470;B
20240520;100051;158.72;250;10389943517;B
20240520;100051;158.72;40;10389943531;B
20240520;100052;158.78;1000;10389943559;B
20240520;100052;158.72;50;10389943636;S
20240520;100052;158.7;200;10389943637;S
20240520;100052;158.7;50;10389943638;S
20240520;100052;158.68;50;10389943639;S
20240520;100052;158.68;3040;10389943640;S
20240520;100052;158.76;200;10389943665;B
20240520;100052;158.76;50;10389943666;B
20240520;100052;158.78;300;10389943667;B
20240520;100052;158.68;10;10389943716;S
20240520;100052;158.68;10;10389943717;S
20240520;100052;158.68;50;10389943718;S
20240520;100052;158.66;250;10389943719;S
20240520;100052;158.66;50;10389943720;S
20240520;100052;158.64;130;10389943721;S
20240520;100052;158.78;40;10389943734;B
20240520;100053;158.66;50;10389943791;S
20240520;100053;158.66;3450;10389943792;S
20240520;100053;158.68;290;10389943968;B
20240520;100053;158.68;40;10389943970;B
20240520;100053;158.68;200;10389943979;B
20240520;100053;158.68;70;10389944006;B
20240520;100053;158.68;10;10389944014;B
20240520;100053;158.66;50;10389944015;S
20240520;100053;158.64;40;10389944016;S
20240520;100053;158.64;210;10389944017;S
20240520;100053;158.64;1700;10389944018;S
20240520;100053;158.66;30;10389944019;B
20240520;100053;158.66;50;10389944020;B
20240520;100053;158.66;130;10389944044;B
20240520;100053;158.68;770;10389944045;B
20240520;100053;158.64;950;10389944130;S
20240520;100054;158.68;200;10389944197;B
20240520;100054;158.66;10;10389944221;B
20240520;100054;158.68;200;10389944236;B
20240520;100054;158.64;210;10389944249;S
20240520;100054;158.64;790;10389944250;S
20240520;100054;158.66;50;10389944288;S
20240520;100054;158.66;10;10389944294;B
20240520;100054;158.64;60;10389944368;S
20240520;100054;158.64;50;10389944385;B
20240520;100055;158.66;570;10389944386;B
20240520;100055;158.66;440;10389944387;B
20240520;100055;158.68;100;10389944467;B
20240520;100055;158.68;220;10389944610;B
20240520;100055;158.68;10;10389944658;B
20240520;100056;158.68;100;10389944700;B
20240520;100056;158.68;450;10389944733;B
20240520;100056;158.68;210;10389944734;B
20240520;100056;158.7;100;10389944735;B
20240520;100056;158.72;250;10389944736;B
20240520;100056;158.74;50;10389944737;B
20240520;100056;158.76;50;10389944738;B
20240520;100056;158.76;2890;10389944739;B
20240520;100056;158.72;10;10389944958;B
20240520;100057;158.72;20;10389944984;B
20240520;100057;158.72;10;10389945020;B
20240520;100057;158.72;30;10389945022;B
20240520;100057;158.72;230;10389945036;B
20240520;100057;158.72;20;10389945037;B
20240520;100057;158.72;10;10389945038;B
20240520;100057;158.72;50;10389945097;B
20240520;100057;158.72;20;10389945226;B
20240520;100057;158.7;50;10389945254;S
20240520;100057;158.68;10;10389945255;S
20240520;100057;158.68;50;10389945256;S
20240520;100057;158.68;250;10389945257;S
20240520;100057;158.68;640;10389945258;S
20240520;100057;158.72;50;10389945290;B
20240520;100057;158.7;30;10389945356;S
20240520;100058;158.7;20;10389945442;S
20240520;100058;158.68;4980;10389945443;S
20240520;100058;158.68;10;10389945444;S
20240520;100058;158.72;300;10389945594;B
20240520;100058;158.72;50;10389945633;B
20240520;100058;158.74;50;10389945634;B
20240520;100058;158.76;50;10389945635;B
20240520;100058;158.76;50;10389945636;B
20240520;100058;158.76;110;10389945637;B
20240520;100058;158.66;50;10389945675;S
20240520;100058;158.66;210;10389945676;S
20240520;100058;158.66;240;10389945677;S
20240520;100058;158.74;50;10389945691;B
20240520;100058;158.76;450;10389945692;B
20240520;100058;158.76;50;10389945693;B
20240520;100058;158.76;210;10389945694;B
20240520;100058;158.78;820;10389945695;B
20240520;100058;158.76;10;10389945725;B
20240520;100059;158.72;300;10389946097;S
20240520;100059;158.7;10;10389946098;S
20240520;100059;158.66;200;10389946099;S
20240520;100059;158.66;50;10389946100;S
20240520;100059;158.66;210;10389946101;S
20240520;100059;158.66;1230;10389946102;S
20240520;100059;158.74;10;10389946139;B
20240520;100100;158.7;100;10389946210;B
20240520;100100;158.7;50;10389946232;B
20240520;100100;158.68;50;10389946293;S
20240520;100101;158.68;130;10389946490;B
20240520;100101;158.66;10;10389946502;S
20240520;100101;158.68;10;10389946504;B
20240520;100101;158.66;10;10389946531;S
20240520;100101;158.66;10;10389946568;S
20240520;100101;158.66;10;10389946613;S
20240520;100102;158.68;1260;10389946683;B
20240520;100102;158.7;50;10389946684;B
20240520;100102;158.7;210;10389946685;B
20240520;100102;158.7;20;10389946686;B
20240520;100102;158.72;250;10389946687;B
20240520;100102;158.72;50;10389946688;B
20240520;100102;158.72;100;10389946689;B
20240520;100102;158.72;140;10389946690;B
20240520;100102;158.74;220;10389946691;B
20240520;100102;158.66;10;10389946739;S
20240520;100102;158.66;100;10389946741;S
20240520;100102;158.66;10;10389946742;S
20240520;100102;158.68;100;10389946794;S
20240520;100102;158.74;20;10389946874;B
20240520;100103;158.74;50;10389947034;B
20240520;100103;158.76;40;10389947035;B
20240520;100103;158.76;60;10389947036;B
20240520;100103;158.66;110;10389947037;S
20240520;100103;158.66;70;10389947038;S
20240520;100103;158.66;20;10389947039;S
20240520;100104;158.74;10;10389947323;B
20240520;100104;158.76;1440;10389947324;B
20240520;100104;158.78;770;10389947325;B
20240520;100104;158.7;260;10389947328;S
20240520;100104;158.7;210;10389947329;S
20240520;100104;158.7;180;10389947330;S
20240520;100104;158.74;10;10389947369;B
20240520;100104;158.76;10;10389947411;B
20240520;100105;158.72;10;10389947645;S
20240520;100106;158.7;100;10389947727;S
20240520;100106;158.7;10;10389947793;S
20240520;100107;158.76;190;10389948016;B
20240520;100107;158.78;210;10389948017;B
20240520;100107;158.76;20;10389948058;B
20240520;100107;158.78;3980;10389948059;B
20240520;100107;158.74;250;10389948066;B
20240520;100107;158.72;170;10389948082;S
20240520;100107;158.72;50;10389948083;S
20240520;100107;158.7;190;10389948084;S
20240520;100107;158.7;5320;10389948085;S
20240520;100107;158.7;50;10389948086;S
20240520;100107;158.68;1000;10389948087;S
20240520;100107;158.68;50;10389948088;S
20240520;100107;158.68;3170;10389948089;S
20240520;100107;158.7;180;10389948120;S
20240520;100108;158.76;50;10389948353;B
20240520;100108;158.76;190;10389948354;B
20240520;100108;158.76;180;10389948355;B
20240520;100108;158.76;200;10389948356;B
20240520;100108;158.78;580;10389948357;B
20240520;100109;158.76;50;10389948522;B
20240520;100109;158.76;150;10389948523;B
20240520;100109;158.74;10;10389948583;B
20240520;100109;158.72;10;10389948620;S
20240520;100109;158.72;10;10389948636;S
20240520;100109;158.72;70;10389948755;S
20240520;100109;158.72;180;10389948756;S
20240520;100109;158.7;250;10389948757;S
20240520;100109;158.7;200;10389948758;S
20240520;100109;158.68;9300;10389948759;S
20240520;100110;158.7;90;10389948979;B
20240520;100110;158.7;250;10389948980;B
20240520;100110;158.72;180;10389948981;B
20240520;100110;158.74;240;10389948982;B
20240520;100110;158.76;30;10389948983;B
20240520;100110;158.76;200;10389948984;B
20240520;100110;158.78;2010;10389948985;B
20240520;100110;158.68;40;10389949157;S
20240520;100110;158.68;150;10389949158;S
20240520;100110;158.68;20;10389949160;S
20240520;100110;158.68;130;10389949161;S
20240520;100110;158.68;50;10389949162;S
20240520;100110;158.68;80;10389949163;S
20240520;100110;158.68;60;10389949164;S
20240520;100110;158.68;60;10389949165;S
20240520;100110;158.68;40;10389949166;S
20240520;100110;158.68;30;10389949173;S
20240520;100110;158.68;10;10389949174;S
20240520;100110;158.68;300;10389949175;S
20240520;100110;158.68;20;10389949176;S
20240520;100110;158.68;30;10389949177;S
20240520;100110;158.68;30;10389949179;S
20240520;100110;158.68;20;10389949180;S
20240520;100110;158.68;40;10389949181;S
20240520;100110;158.68;60;10389949182;S
20240520;100110;158.68;110;10389949183;S
20240520;100110;158.68;260;10389949184;S
20240520;100110;158.68;50;10389949185;S
20240520;100110;158.68;60;10389949186;S
20240520;100110;158.68;90;10389949187;S
20240520;100110;158.68;70;10389949188;S
20240520;100110;158.68;20;10389949189;S
20240520;100110;158.68;30;10389949190;S
20240520;100110;158.68;20;10389949191;S
20240520;100110;158.68;20;10389949192;S
20240520;100110;158.68;60;10389949193;S
20240520;100110;158.68;30;10389949194;S
20240520;100110;158.72;440;10389949284;B
20240520;100110;158.72;340;10389949285;B
20240520;100110;158.76;200;10389949286;B
20240520;100110;158.76;1000;10389949287;B
20240520;100110;158.78;5850;10389949288;B
20240520;100110;158.78;1000;10389949289;B
20240520;100110;158.8;50;10389949290;B
20240520;100110;158.8;200;10389949291;B
20240520;100110;158.8;920;10389949292;S
20240520;100110;158.72;50;10389949364;S
20240520;100110;158.7;200;10389949365;S
20240520;100110;158.7;50;10389949366;S
20240520;100110;158.7;240;10389949367;B
20240520;100111;158.7;30;10389949403;S
20240520;100111;158.76;150;10389949448;B
20240520;100111;158.7;20;10389949555;S
20240520;100111;158.7;200;10389949556;S
20240520;100111;158.68;540;10389949557;S
20240520;100111;158.68;30;10389949558;S
20240520;100111;158.68;130;10389949559;S
20240520;100111;158.68;1500;10389949560;S
20240520;100111;158.68;50;10389949561;S
20240520;100111;158.66;50;10389949562;S
20240520;100111;158.66;50;10389949563;S
20240520;100111;158.64;50;10389949564;S
20240520;100111;158.64;100;10389949565;S
20240520;100111;158.76;10;10389949593;B
20240520;100111;158.76;90;10389949595;B
20240520;100111;158.78;50;10389949596;B
20240520;100111;158.78;60;10389949597;B
20240520;100112;158.72;50;10389949955;S
20240520;100112;158.7;1480;10389949956;S
20240520;100112;158.7;50;10389949957;S
20240520;100112;158.68;50;10389949958;S
20240520;100112;158.68;250;10389949959;S
20240520;100112;158.66;50;10389949960;S
20240520;100112;158.66;210;10389949961;S
20240520;100112;158.66;10;10389949962;S
20240520;100112;158.66;3840;10389949963;S
20240520;100112;158.64;50;10389949964;S
20240520;100112;158.64;5000;10389949965;S
20240520;100112;158.62;1260;10389949966;S
20240520;100112;158.62;50;10389949967;S
20240520;100112;158.62;800;10389949968;S
20240520;100112;158.6;50;10389949969;S
20240520;100112;158.6;2000;10389949970;S
20240520;100112;158.6;3630;10389949971;S
20240520;100113;158.62;70;10389949999;S
20240520;100113;158.58;20;10389950001;S
20240520;100113;158.58;30;10389950002;S
20240520;100113;158.58;10;10389950003;S
20240520;100113;158.58;50;10389950004;S
20240520;100113;158.58;90;10389950005;S
20240520;100113;158.6;50;10389950006;S
20240520;100113;158.58;60;10389950007;S
20240520;100113;158.58;30;10389950008;S
20240520;100113;158.58;60;10389950009;S
20240520;100113;158.58;40;10389950010;S
20240520;100113;158.58;10;10389950022;S
20240520;100113;158.56;30;10389950023;S
20240520;100113;158.56;20;10389950024;S
20240520;100113;158.56;80;10389950025;S
20240520;100113;158.58;40;10389950027;S
20240520;100113;158.58;10;10389950029;S
20240520;100113;158.56;100;10389950030;S
20240520;100113;158.58;20;10389950032;S
20240520;100113;158.58;30;10389950033;S
20240520;100113;158.56;50;10389950040;S
20240520;100113;158.56;190;10389950041;S
20240520;100113;158.58;40;10389950042;S
20240520;100113;158.58;10;10389950043;S
20240520;100113;158.56;210;10389950044;S
20240520;100113;158.58;50;10389950045;S
20240520;100113;158.56;10;10389950046;S
20240520;100113;158.56;100;10389950047;S
20240520;100113;158.56;70;10389950048;S
20240520;100113;158.56;10;10389950369;S
20240520;100113;158.6;10;10389950405;B
20240520;100114;158.58;200;10389950514;S
20240520;100115;158.58;30;10389950741;S
20240520;100116;158.58;1000;10389950819;S
20240520;100116;158.58;10;10389950956;S
20240520;100116;158.58;30;10389950969;S
20240520;100117;158.6;10;10389951015;B
20240520;100117;158.6;240;10389951016;B
20240520;100117;158.6;10;10389951017;B
20240520;100117;158.62;50;10389951018;B
20240520;100117;158.64;50;10389951019;B
20240520;100117;158.66;50;10389951020;B
20240520;100117;158.66;210;10389951021;B
20240520;100117;158.66;1000;10389951022;B
20240520;100117;158.68;50;10389951023;B
20240520;100117;158.68;3630;10389951024;B
20240520;100117;158.7;100;10389951025;B
20240520;100117;158.7;50;10389951026;B
20240520;100117;158.7;10;10389951027;B
20240520;100117;158.7;4500;10389951028;B
20240520;100117;158.7;40;10389951029;B
20240520;100117;158.66;170;10389951085;B
20240520;100117;158.68;50;10389951086;B
20240520;100117;158.68;210;10389951087;B
20240520;100117;158.7;50;10389951088;B
20240520;100117;158.72;50;10389951089;B
20240520;100117;158.74;50;10389951090;B
20240520;100117;158.74;100;10389951091;B
20240520;100117;158.74;760;10389951092;B
20240520;100117;158.76;250;10389951093;B
20240520;100117;158.76;100;10389951094;B
20240520;100117;158.76;50;10389951095;B
20240520;100117;158.76;1000;10389951096;B
20240520;100117;158.78;50;10389951097;B
20240520;100117;158.78;110;10389951098;B
20240520;100117;158.76;50;10389951160;B
20240520;100117;158.76;200;10389951161;B
20240520;100117;158.78;70;10389951162;B
20240520;100117;158.64;20;10389951185;S
20240520;100118;158.7;50;10389951309;B
20240520;100118;158.72;1000;10389951310;B
20240520;100118;158.72;50;10389951311;B
20240520;100118;158.74;50;10389951312;B
20240520;100118;158.76;50;10389951313;B
20240520;100118;158.78;3660;10389951314;B
20240520;100118;158.78;50;10389951315;B
20240520;100118;158.8;50;10389951316;B
20240520;100118;158.82;40;10389951317;B
20240520;100118;158.7;10;10389951337;B
20240520;100118;158.82;90;10389951338;B
20240520;100118;158.64;30;10389951341;S
20240520;100118;158.64;170;10389951342;S
20240520;100119;158.8;50;10389951471;B
20240520;100119;158.8;10;10389951472;B
20240520;100119;158.82;370;10389951473;B
20240520;100119;158.82;50;10389951474;B
20240520;100119;158.84;250;10389951475;B
20240520;100119;158.84;50;10389951476;B
20240520;100119;158.84;170;10389951477;B
20240520;100119;158.84;250;10389951478;B
20240520;100119;158.86;100;10389951479;B
20240520;100119;158.74;50;10389951531;S
20240520;100119;158.72;200;10389951532;S
20240520;100119;158.72;50;10389951533;S
20240520;100119;158.7;50;10389951534;S
20240520;100119;158.7;550;10389951535;S
20240520;100119;158.72;50;10389951566;S
20240520;100119;158.72;100;10389951567;S
20240520;100119;158.84;50;10389951589;B
20240520;100119;158.86;150;10389951590;B
20240520;100119;158.74;50;10389951631;S
20240520;100119;158.72;100;10389951632;S
20240520;100119;158.72;50;10389951633;S
20240520;100119;158.7;50;10389951634;S
20240520;100119;158.68;50;10389951635;S
20240520;100120;158.76;540;10389951722;B
20240520;100121;158.76;10;10389951876;S
20240520;100121;158.72;740;10389951877;S
20240520;100121;158.72;200;10389951878;S
20240520;100121;158.7;50;10389951879;S
20240520;100121;158.7;250;10389951880;S
20240520;100121;158.7;200;10389951881;S
20240520;100121;158.7;250;10389951882;S
20240520;100121;158.68;150;10389951883;S
20240520;100121;158.68;50;10389951884;S
20240520;100121;158.68;50;10389951885;S
20240520;100121;158.68;10;10389951886;S
20240520;100121;158.66;50;10389951887;S
20240520;100121;158.66;40;10389951888;S
20240520;100121;158.66;450;10389951889;S
20240520;100121;158.68;620;10389952005;B
20240520;100121;158.7;210;10389952006;B
20240520;100121;158.72;50;10389952007;B
20240520;100121;158.74;50;10389952008;B
20240520;100121;158.76;50;10389952009;B
20240520;100121;158.78;50;10389952010;B
20240520;100121;158.78;280;10389952011;B
20240520;100121;158.8;690;10389952012;B
20240520;100122;158.8;50;10389952048;B
20240520;100122;158.68;50;10389952129;S
20240520;100122;158.68;210;10389952130;S
20240520;100122;158.66;2240;10389952131;S
20240520;100123;158.74;300;10389952280;S
20240520;100123;158.72;50;10389952281;S
20240520;100123;158.7;50;10389952282;S
20240520;100123;158.68;50;10389952283;S
20240520;100123;158.68;370;10389952284;S
20240520;100123;158.68;880;10389952285;S
20240520;100123;158.68;50;10389952293;S
20240520;100123;158.66;460;10389952294;S
20240520;100123;158.66;50;10389952295;S
20240520;100123;158.66;60;10389952296;S
20240520;100125;158.68;10;10389952502;B
20240520;100126;158.64;10;10389952784;S
20240520;100126;158.66;10;10389952787;B
20240520;100126;158.66;70;10389952945;B
20240520;100126;158.66;210;10389952964;B
