<DATE>;<TIME>;<LAST>;<VOL>;<ID>;<OPER>
20241224;095950;105;10;11802911936;S
20241224;095950;105;10;11802911937;S
20241224;095950;105;10;11802911938;S
20241224;095950;105;30;11802911939;B
20241224;095950;105;30;11802911940;S
20241224;095950;105;10;11802911941;S
20241224;095950;105;5000;11802911942;B
20241224;095950;105;500;11802911943;B
20241224;095950;105;1860;11802911944;B
20241224;095950;105;50;11802911945;B
20241224;095950;105;90;11802911946;B
20241224;095950;105;20;11802911947;S
20241224;095950;105;30;11802911948;S
20241224;095950;105;1000;11802911949;S
20241224;095950;105;10;11802911950;B
20241224;095950;105;150;11802911951;S
20241224;095950;105;50;11802911952;S
20241224;095950;105;10;11802911953;S
20241224;095950;105;10;11802911954;S
20241224;095950;105;10;11802911955;S
20241224;095950;105;10;11802911956;S
20241224;095950;105;10;11802911957;S
20241224;095950;105;40;11802911958;S
20241224;095950;105;10;11802911959;S
20241224;095950;105;30;11802911960;S
20241224;095950;105;10;11802911961;S
20241224;095950;105;10;11802911962;S
20241224;095950;105;10;11802911963;S
20241224;095950;105;10;11802911964;S
20241224;095950;105;10;11802911965;S
20241224;095950;105;10;11802911966;S
20241224;095950;105;10;11802911967;S
20241224;095950;105;10;11802911968;S
20241224;095950;105;110;11802911969;S
20241224;095950;105;50;11802911970;S
20241224;095950;105;190;11802911971;S
20241224;095950;105;10;11802911972;S
20241224;095950;105;750;11802911973;S
20241224;095950;105;60;11802911974;S
20241224;095950;105;100;11802911975;S
20241224;095950;105;20;11802911976;S
20241224;095950;105;200;11802911977;S
20241224;095950;105;1000;11802911978;S
20241224;095950;105;20;11802911979;S
20241224;095950;105;10;11802911980;S
20241224;095950;105;10;11802911981;S
20241224;095950;105;130;11802911982;S
20241224;095950;105;10;11802911983;S
20241224;095950;105;10;11802911984;S
20241224;095950;105;640;11802911985;S
20241224;095950;105;360;11802911986;S
20241224;095950;105;980;11802911987;S
20241224;095950;105;80;11802911988;S
20241224;095950;105;20;11802911989;S
20241224;095950;105;10;11802911990;S
20241224;095950;105;1000;11802911991;S
20241224;095950;105;20;11802911992;S
20241224;095950;105;10;11802911993;B
20241224;095950;105;10;11802911994;B
20241224;095950;105;980;11802911995;B
20241224;095950;105;100;11802911996;B
20241224;095950;105;60;11802911997;B
20241224;095950;105;10;11802911998;B
20241224;095950;105;10;11802911999;B
20241224;095950;105;150;11802912000;B
20241224;095950;105;70;11802912001;B
20241224;095950;105;350;11802912002;B
20241224;095950;105;540;11802912003;B
20241224;095950;105;10;11802912004;B
20241224;095950;105;100;11802912005;B
20241224;095950;105;20;11802912006;B
20241224;100001;105.04;200;11802914075;B
20241224;100001;105.14;120;11802914204;B
20241224;100001;105.16;380;11802914205;B
20241224;100001;105.16;120;11802914277;B
20241224;100001;105.2;200;11802914278;B
20241224;100001;105.22;80;11802914279;B
20241224;100001;105.14;10;11802914372;B
20241224;100003;105.2;10;11802915627;S
20241224;100003;105.26;10;11802915628;B
20241224;100003;105.26;10;11802915629;B
20241224;100003;105.26;180;11802915657;B
20241224;100003;105.26;40;11802915658;B
20241224;100003;105.26;220;11802915659;B
20241224;100004;105.26;10;11802916039;B
20241224;100004;105.26;10;11802916040;B
20241224;100004;105.26;10;11802916041;B
20241224;100004;105.26;10;11802916043;B
20241224;100004;105.26;30;11802916325;B
20241224;100004;105.2;10;11802916418;S
20241224;100004;105.2;10;11802916502;S
20241224;100004;105.26;10;11802916504;B
20241224;100004;105.26;10;11802916505;B
20241224;100005;105.26;10;11802916889;B
20241224;100005;105.16;30;11802916890;S
20241224;100005;105.16;10;11802916891;S
20241224;100005;105.26;120;11802917156;B
20241224;100005;105.26;10;11802917157;B
20241224;100005;105.16;10;11802917158;S
20241224;100005;105.16;10;11802917510;S
20241224;100006;105.26;10;11802918159;B
20241224;100006;105.26;10;11802918162;B
20241224;100006;105.26;10;11802918165;B
20241224;100006;105.14;10;11802918259;S
20241224;100006;105.14;10;11802918262;S
20241224;100006;105.26;20;11802918403;B
20241224;100006;105.26;10;11802918404;B
20241224;100006;105.14;10;11802918565;S
20241224;100006;105.26;10;11802918606;B
20241224;100006;105.26;10;11802918611;B
20241224;100006;105.26;10;11802918618;B
20241224;100006;105.26;10;11802918622;B
20241224;100006;105.26;10;11802918695;B
20241224;100006;105.26;10;11802918696;B
20241224;100006;105.26;10;11802918697;B
20241224;100006;105.26;20;11802918698;B
20241224;100006;105.22;200;11802918745;B
20241224;100006;105.22;200;11802918752;S
20241224;100006;105.22;200;11802918758;B
20241224;100006;105.24;10;11802918760;B
20241224;100006;105.24;200;11802918761;B
20241224;100006;105.26;380;11802918762;B
20241224;100006;105.18;10;11802918930;S
20241224;100006;105.24;10;11802918931;B
20241224;100006;105.24;10;11802918932;B
20241224;100006;105.24;10;11802919362;B
20241224;100006;105.24;10;11802919367;B
20241224;100006;105.24;10;11802919370;B
20241224;100006;105.24;10;11802919371;B
20241224;100006;105.18;10;11802919372;S
20241224;100006;105.24;10;11802919377;B
20241224;100006;105.24;10;11802919379;B
20241224;100007;105.24;10;11802919547;B
20241224;100007;105.24;10;11802919548;B
20241224;100007;105.18;10;11802919549;S
20241224;100007;105.24;10;11802919877;B
20241224;100007;105.24;10;11802919878;B
20241224;100007;105.24;10;11802919879;B
20241224;100007;105.24;10;11802919880;B
20241224;100007;105.24;10;11802919881;B
20241224;100007;105.18;500;11802920111;S
20241224;100007;105.1;200;11802920139;S
20241224;100007;105.08;710;11802920140;S
20241224;100007;105.08;200;11802920141;S
20241224;100007;105.06;200;11802920142;S
20241224;100007;105.04;200;11802920143;S
20241224;100007;105.02;200;11802920144;S
20241224;100007;105;130;11802920145;S
20241224;100007;105;340;11802920146;S
20241224;100007;105;200;11802920147;S
20241224;100007;104.98;200;11802920148;S
20241224;100007;104.96;10;11802920149;S
20241224;100007;104.96;2000;11802920150;S
20241224;100007;104.96;1000;11802920151;S
20241224;100007;104.96;1420;11802920152;S
20241224;100007;104.96;200;11802920153;S
20241224;100007;104.94;200;11802920154;S
20241224;100007;104.92;10;11802920155;S
20241224;100007;104.92;10;11802920156;S
20241224;100007;104.92;50;11802920157;S
20241224;100007;104.92;10;11802920158;S
20241224;100007;104.92;10;11802920159;S
20241224;100007;104.92;200;11802920160;S
20241224;100007;104.9;10;11802920161;S
20241224;100007;104.9;10;11802920162;S
20241224;100007;104.88;10;11802920163;S
20241224;100007;104.86;290;11802920164;S
20241224;100007;104.8;30;11802920165;S
20241224;100007;104.8;100;11802920166;S
20241224;100007;104.8;200;11802920167;S
20241224;100007;104.78;10;11802920168;S
20241224;100007;104.78;10;11802920169;S
20241224;100007;104.72;10;11802920170;S
20241224;100007;104.72;2960;11802920171;S
20241224;100007;104.72;2860;11802920172;S
20241224;100007;104.72;2860;11802920173;S
20241224;100007;104.72;2960;11802920174;S
20241224;100007;104.72;2960;11802920175;S
20241224;100007;104.7;1000;11802920176;S
20241224;100007;104.7;10000;11802920177;S
20241224;100007;104.64;10;11802920178;S
20241224;100007;104.6;5000;11802920179;S
20241224;100007;104.6;10;11802920180;S
20241224;100007;104.58;10;11802920181;S
20241224;100007;104.54;10;11802920182;S
20241224;100007;104.54;50;11802920183;S
20241224;100007;104.52;10;11802920184;S
20241224;100007;104.5;10;11802920185;S
20241224;100007;104.5;10;11802920186;S
20241224;100007;104.5;10;11802920187;S
20241224;100007;104.5;10;11802920188;S
20241224;100007;104.5;1000;11802920189;S
20241224;100007;104.5;1000;11802920190;S
20241224;100007;104.5;300;11802920191;S
20241224;100007;104.5;50;11802920192;S
20241224;100007;104.5;200;11802920193;S
20241224;100007;104.5;100;11802920194;S
20241224;100007;104.5;1230;11802920195;S
20241224;100008;104.84;20;11802920255;S
20241224;100008;105.04;10;11802920256;B
20241224;100008;105.04;10;11802920257;B
20241224;100008;105;10;11802920345;S
20241224;100008;105;10;11802920346;S
20241224;100008;105;10;11802920347;S
20241224;100008;104.9;20;11802920348;S
20241224;100008;105.04;10;11802920353;B
20241224;100008;105;400;11802920406;S
20241224;100008;105.04;10;11802920412;B
20241224;100008;105.04;10;11802920413;B
20241224;100008;105.04;10;11802920414;B
20241224;100008;105.04;140;11802920437;B
20241224;100008;105.04;310;11802920438;B
20241224;100008;105;640;11802920465;S
20241224;100008;104.98;230;11802920466;S
20241224;100008;104.98;200;11802920467;S
20241224;100008;104.92;200;11802920468;S
20241224;100008;104.9;200;11802920469;S
20241224;100008;104.88;200;11802920470;S
20241224;100008;104.88;20;11802920485;B
20241224;100008;104.86;500;11802920530;S
20241224;100008;104.88;10;11802920601;B
20241224;100008;104.86;20;11802920602;S
20241224;100008;104.86;10;11802920605;S
20241224;100008;104.86;470;11802920869;S
20241224;100008;104.86;20;11802920870;S
20241224;100008;104.8;1000;11802920871;S
20241224;100008;104.78;200;11802920872;S
20241224;100008;104.76;200;11802920873;S
20241224;100008;104.74;200;11802920874;S
20241224;100008;104.72;200;11802920875;S
20241224;100008;104.7;200;11802920876;S
20241224;100008;104.68;200;11802920877;S
20241224;100008;104.66;890;11802920878;S
20241224;100008;104.66;200;11802920879;S
20241224;100008;104.64;820;11802920880;S
20241224;100008;104.64;500;11802920883;S
20241224;100008;104.86;200;11802920885;B
20241224;100008;104.86;800;11802920888;S
20241224;100008;104.86;200;11802920891;B
20241224;100008;104.86;800;11802920894;S
20241224;100008;104.62;470;11802920979;S
20241224;100008;104.82;200;11802920999;B
20241224;100008;104.84;700;11802921000;B
20241224;100008;104.84;100;11802921001;B
20241224;100008;104.74;200;11802921006;S
20241224;100008;104.74;800;11802921007;S
20241224;100009;104.8;200;11802921048;B
20241224;100009;104.82;10;11802921049;B
20241224;100009;104.82;200;11802921050;B
20241224;100009;104.84;100;11802921051;B
20241224;100009;104.84;490;11802921052;B
20241224;100009;104.8;10;11802921068;B
20241224;100009;104.8;10;11802921214;B
20241224;100009;104.8;20;11802921216;B
20241224;100009;104.82;10;11802921218;B
20241224;100009;104.72;100;11802921220;S
20241224;100009;104.74;180;11802921321;B
20241224;100009;104.74;40;11802921332;B
20241224;100009;104.74;10;11802921338;B
20241224;100009;104.74;10;11802921375;B
20241224;100009;104.8;60;11802921382;B
20241224;100010;104.8;10;11802921674;B
20241224;100010;104.8;80;11802921683;B
20241224;100010;104.72;10;11802921876;S
20241224;100010;104.8;10;11802921885;B
20241224;100010;104.8;40;11802921944;B
20241224;100010;104.8;10;11802921945;B
20241224;100010;104.8;10;11802921946;B
20241224;100010;104.8;10;11802921947;B
20241224;100010;104.82;190;11802921948;B
20241224;100010;104.84;20;11802921949;B
20241224;100010;104.84;180;11802921950;B
20241224;100010;104.68;10;11802921995;S
20241224;100010;104.84;20;11802922032;B
20241224;100010;104.84;10;11802922033;B
20241224;100010;104.84;10;11802922034;B
20241224;100010;104.86;20;11802922035;B
20241224;100011;104.82;10;11802922216;S
20241224;100011;104.84;20;11802922306;B
20241224;100011;104.84;40;11802922319;B
20241224;100011;104.82;190;11802922320;S
20241224;100013;104.78;20;11802922702;B
20241224;100013;104.78;40;11802922703;S
20241224;100014;104.8;200;11802923116;B
20241224;100014;104.8;10;11802923175;B
20241224;100016;104.8;10;11802923736;B
20241224;100018;104.76;240;11802924271;S
20241224;100018;104.76;60;11802924272;S
20241224;100021;104.8;80;11802925489;B
20241224;100021;104.78;80;11802925490;B
20241224;100021;104.8;120;11802925491;B
20241224;100021;104.8;90;11802925492;S
20241224;100022;104.8;210;11802925623;S
20241224;100022;104.76;790;11802925624;S
20241224;100024;104.78;80;11802926471;S
20241224;100024;104.78;70;11802926472;S
20241224;100028;104.78;200;11802927801;S
20241224;100028;104.78;10;11802927802;S
20241224;100028;104.78;500;11802927803;S
20241224;100028;104.76;150;11802927804;S
20241224;100028;104.76;500;11802927805;S
20241224;100028;104.76;100;11802927806;S
20241224;100028;104.7;2960;11802927807;S
20241224;100028;104.7;160;11802927808;S
20241224;100029;104.78;200;11802928033;B
20241224;100029;104.78;200;11802928037;B
20241224;100029;104.8;190;11802928038;B
20241224;100029;104.8;110;11802928039;B
20241224;100030;104.84;200;11802928250;B
20241224;100030;104.84;300;11802928251;B
20241224;100035;104.8;10;11802929586;B
20241224;100037;104.76;490;11802930167;S
20241224;100037;104.76;40;11802930168;S
20241224;100039;104.7;20;11802930543;S
20241224;100039;104.7;20;11802930588;S
20241224;100039;104.7;60;11802930596;S
20241224;100039;104.68;40;11802930602;S
20241224;100041;104.68;60;11802931158;S
20241224;100041;104.68;10;11802931200;B
20241224;100041;104.68;190;11802931465;B
20241224;100041;104.68;400;11802931466;B
20241224;100041;104.7;200;11802931467;B
20241224;100041;104.7;680;11802931468;B
20241224;100041;104.72;200;11802931469;B
20241224;100041;104.74;200;11802931470;B
20241224;100041;104.76;200;11802931471;B
20241224;100041;104.78;200;11802931472;B
20241224;100041;104.78;10;11802931473;B
20241224;100041;104.78;1430;11802931474;B
20241224;100041;104.78;4000;11802931475;B
20241224;100041;104.8;190;11802931476;B
20241224;100041;104.82;50;11802931477;B
20241224;100041;104.82;200;11802931478;B
20241224;100041;104.84;200;11802931479;B
20241224;100041;104.86;180;11802931480;B
20241224;100041;104.88;2960;11802931481;B
20241224;100041;104.9;8000;11802931482;B
20241224;100041;104.96;150;11802931483;B
20241224;100041;105;30;11802931484;B
20241224;100041;105;700;11802931485;S
20241224;100041;105;230;11802931486;S
20241224;100041;105;50;11802931487;S
20241224;100041;105.02;200;11802931488;B
20241224;100041;105.02;2650;11802931489;B
20241224;100041;105.02;1430;11802931490;B
20241224;100041;105.04;20;11802931491;B
20241224;100041;105.04;200;11802931492;S
20241224;100042;105.08;10;11802931781;S
20241224;100043;105.06;30;11802932003;S
20241224;100043;105.06;150;11802932004;S
20241224;100044;105.16;50;11802932340;B
20241224;100044;105.14;8000;11802932341;S
20241224;100051;105.12;30;11802934093;B
20241224;100051;105.04;200;11802934157;S
20241224;100054;105.04;200;11802935252;S
20241224;100054;105.02;200;11802935253;S
20241224;100057;105.02;10;11802935940;S
20241224;100058;105.08;10;11802936172;B
20241224;100102;105.08;380;11802937138;B
20241224;100102;105.08;10;11802937339;B
20241224;100106;105.08;10;11802938153;B
20241224;100112;105.02;150;11802939898;S
20241224;100113;105.04;10;11802940380;B
20241224;100113;105.04;10;11802940381;B
20241224;100113;105.04;10;11802940664;B
20241224;100114;105.02;50;11802941040;S
20241224;100114;105.02;100;11802941041;S
20241224;100114;105.02;1340;11802941042;S
20241224;100115;105.02;10;11802941571;S
20241224;100115;105.02;190;11802941576;S
20241224;100117;105;100;11802942655;S
20241224;100117;105.02;10;11802942675;B
20241224;100117;105.02;10;11802942839;B
20241224;100118;105;10;11802942946;S
20241224;100118;105.02;10;11802943178;B
20241224;100119;105;110;11802943221;S
20241224;100119;105.02;30;11802943256;B
20241224;100119;105;37090;11802943714;S
20241224;100119;105;2040;11802943715;S
20241224;100119;105;200;11802943716;S
20241224;100119;105;100;11802943717;S
20241224;100119;105;10;11802943718;S
20241224;100123;104.94;200;11802945030;B
20241224;100123;104.94;500;11802945031;B
20241224;100123;104.88;10;11802945327;S
20241224;100124;104.9;50;11802945771;B
20241224;100126;104.82;530;11802946397;S
20241224;100127;104.74;200;11802946859;S
20241224;100127;104.72;200;11802946860;S
20241224;100127;104.72;4680;11802946861;S
20241224;100127;104.72;200;11802946863;S
20241224;100127;104.72;50;11802947117;S
20241224;100128;104.72;200;11802947395;B
20241224;100128;104.74;2300;11802947396;B
20241224;100128;104.64;10;11802947498;S
20241224;100128;104.64;190;11802947555;S
20241224;100128;104.62;100;11802947556;S
20241224;100128;104.62;200;11802947557;S
20241224;100128;104.62;350;11802947558;S
20241224;100130;104.7;10;11802948177;B
20241224;100131;104.62;200;11802948377;S
20241224;100131;104.6;10;11802948378;S
20241224;100131;104.6;10;11802948379;S
20241224;100131;104.6;200;11802948380;S
20241224;100131;104.6;200;11802948381;S
20241224;100131;104.6;380;11802948382;S
20241224;100131;104.62;10;11802948539;S
20241224;100132;104.6;10;11802948820;S
20241224;100134;104.6;190;11802949451;S
20241224;100134;104.6;310;11802949452;S
20241224;100136;104.68;1000;11802950336;S
20241224;100138;104.6;10;11802950917;S
20241224;100139;104.6;10;11802951273;S
20241224;100140;104.6;10;11802951696;S
20241224;100141;104.6;10;11802952153;S
20241224;100143;104.6;10;11802952904;S
20241224;100144;104.66;200;11802953262;B
20241224;100144;104.66;2300;11802953263;B
20241224;100145;104.66;100;11802953734;B
20241224;100148;104.66;60;11802954864;B
20241224;100150;104.62;10;11802955819;S
20241224;100152;104.7;20;11802956570;B
20241224;100153;104.66;100;11802956926;S
20241224;100153;104.78;20;11802957117;B
20241224;100154;104.66;10;11802957209;S
20241224;100154;104.74;10;11802957387;B
20241224;100158;104.66;30;11802958970;S
20241224;100158;104.64;680;11802959095;S
20241224;100158;104.62;200;11802959096;S
20241224;100158;104.62;120;11802959097;S
20241224;100159;104.62;10;11802959392;S
20241224;100200;104.64;40;11802959874;S
20241224;100202;104.68;10;11802960520;B
20241224;100202;104.62;10;11802960648;S
20241224;100203;104.68;190;11802960890;B
20241224;100203;104.7;200;11802960891;B
20241224;100203;104.7;1320;11802960892;B
20241224;100203;104.7;790;11802960893;B
20241224;100203;104.72;30;11802960952;B
20241224;100204;104.64;20;11802961415;S
20241224;100206;104.6;1740;11802961983;S
20241224;100210;104.64;200;11802963819;B
20241224;100210;104.64;340;11802963820;B
20241224;100210;104.66;200;11802963821;B
20241224;100210;104.66;1260;11802963822;B
20241224;100217;104.66;30;11802966133;S
20241224;100220;104.72;890;11802966875;B
20241224;100223;104.74;50;11802967815;B
20241224;100223;104.74;50;11802967822;B
20241224;100223;104.74;40;11802967840;B
20241224;100223;104.74;40;11802967853;B
20241224;100224;104.72;200;11802968090;S
20241224;100224;104.74;420;11802968091;B
20241224;100224;104.74;80;11802968092;B
20241224;100224;104.74;20;11802968134;B
20241224;100225;104.78;80;11802968377;B
20241224;100225;104.74;50;11802968412;S
20241224;100225;104.78;280;11802968418;B
20241224;100225;104.78;280;11802968499;B
20241224;100225;104.78;380;11802968500;B
20241224;100226;104.74;10;11802968787;S
20241224;100227;104.78;50;11802969339;B
20241224;100228;104.76;320;11802969832;S
20241224;100228;104.76;680;11802969833;B
20241224;100229;104.76;10;11802970447;S
20241224;100229;104.76;190;11802970627;S
20241224;100229;104.74;190;11802970628;S
20241224;100229;104.74;680;11802970629;S
20241224;100229;104.74;540;11802970630;S
20241224;100230;104.76;50;11802970973;S
20241224;100231;104.76;190;11802971611;S
20241224;100231;104.74;310;11802971612;S
20241224;100233;104.78;50;11802972583;S
20241224;100233;104.8;200;11802972670;B
20241224;100233;104.8;40;11802972671;B
20241224;100233;104.82;470;11802972672;B
20241224;100233;104.82;200;11802972673;B
20241224;100233;104.82;1590;11802972674;B
20241224;100241;104.84;200;11802975055;B
20241224;100241;104.84;10;11802975238;S
20241224;100242;104.86;10;11802975378;B
20241224;100242;104.84;2290;11802975512;S
20241224;100243;104.82;10;11802975554;S
20241224;100243;104.8;10;11802975556;S
20241224;100246;104.82;150;11802976462;B
20241224;100247;104.82;50;11802976586;B
20241224;100247;104.82;450;11802976587;S
20241224;100250;104.84;200;11802977299;B
20241224;100250;104.84;300;11802977300;B
20241224;100251;104.8;10;11802977557;S
20241224;100251;104.78;100;11802977558;S
20241224;100251;104.78;360;11802977559;S
20241224;100251;104.78;10;11802977565;S
20241224;100254;104.8;20;11802978890;B
20241224;100255;104.8;10;11802978969;B
20241224;100255;104.8;100;11802979306;B
20241224;100255;104.8;370;11802979322;B
20241224;100255;104.8;130;11802979323;B
20241224;100255;104.78;2500;11802979413;S
20241224;100256;104.8;20;11802979630;B
20241224;100256;104.8;50;11802979676;B
20241224;100256;104.8;420;11802979677;B
20241224;100256;104.76;100;11802979678;S
20241224;100259;104.74;100;11802980434;S
20241224;100259;104.74;10;11802980435;S
20241224;100259;104.72;50;11802980436;S
20241224;100259;104.72;2500;11802980437;S
20241224;100259;104.72;1430;11802980438;S
20241224;100259;104.7;100;11802980439;S
20241224;100259;104.68;20;11802980547;S
20241224;100300;104.74;10;11802980870;B
20241224;100300;104.76;50;11802980871;B
20241224;100302;104.76;150;11802981416;B
20241224;100302;104.76;40;11802981417;B
20241224;100304;104.7;1430;11802981841;S
20241224;100304;104.7;200;11802981842;S
20241224;100304;104.7;240;11802981843;S
20241224;100304;104.68;80;11802981844;S
20241224;100304;104.68;200;11802981845;S
20241224;100304;104.66;140;11802981846;S
20241224;100304;104.66;200;11802981847;S
20241224;100304;104.64;10;11802981848;S
20241224;100304;104.64;10;11802981849;S
20241224;100304;104.64;200;11802981850;S
20241224;100304;104.64;680;11802981851;S
20241224;100304;104.64;110;11802981852;S
20241224;100310;104.76;200;11802983386;B
20241224;100310;104.76;80;11802983387;B
20241224;100312;104.76;10;11802984089;B
20241224;100316;104.74;10;11802985176;B
20241224;100316;104.74;20;11802985416;B
20241224;100317;104.74;10;11802985538;B
20241224;100319;104.72;50;11802986294;S
20241224;100319;104.7;50;11802986295;S
20241224;100320;104.74;160;11802986343;B
20241224;100320;104.76;840;11802986344;B
20241224;100324;104.76;10;11802987684;B
20241224;100330;104.7;250;11802989298;S
20241224;100330;104.7;10;11802989299;S
20241224;100330;104.7;120;11802989300;S
20241224;100330;104.7;160;11802989301;S
20241224;100330;104.68;420;11802989302;S
20241224;100331;104.74;200;11802989381;B
20241224;100331;104.74;500;11802989382;B
20241224;100331;104.74;160;11802989383;B
20241224;100331;104.76;60;11802989384;B
20241224;100331;104.76;200;11802989385;B
20241224;100331;104.76;50;11802989386;B
20241224;100331;104.76;1000;11802989387;B
20241224;100331;104.76;5000;11802989388;B
20241224;100332;104.76;50;11802989782;S
20241224;100332;104.68;1010;11802989783;S
20241224;100332;104.66;200;11802989784;S
20241224;100332;104.66;680;11802989785;S
20241224;100332;104.66;1670;11802989786;S
20241224;100332;104.66;110;11802989787;S
20241224;100332;104.64;200;11802989788;S
20241224;100332;104.64;280;11802989789;S
20241224;100332;104.7;500;11802989790;B
20241224;100332;104.7;500;11802989911;B
20241224;100333;104.72;10;11802989953;B
20241224;100334;104.72;100;11802990466;B
20241224;100337;104.68;60;11802991567;S
20241224;100337;104.72;90;11802991788;B
20241224;100337;104.74;50;11802991805;B
20241224;100338;104.7;140;11802991944;S
20241224;100338;104.76;200;11802992081;B
20241224;100338;104.78;200;11802992089;B
20241224;100338;104.78;300;11802992090;B
20241224;100338;104.76;200;11802992091;B
20241224;100338;104.76;200;11802992093;B
20241224;100338;104.78;200;11802992106;B
20241224;100338;104.8;510;11802992107;B
20241224;100338;104.78;220;11802992143;B
20241224;100339;104.78;500;11802992586;B
20241224;100339;104.78;340;11802992620;S
20241224;100339;104.72;20;11802992733;S
20241224;100340;104.78;160;11802992813;B
20241224;100340;104.82;110;11802992820;B
20241224;100340;104.82;60;11802992845;S
20241224;100341;104.82;150;11802993048;B
20241224;100343;104.82;10;11802993560;B
20241224;100343;104.82;20;11802993802;B
20241224;100344;104.82;20;11802993954;B
20241224;100344;104.82;10;11802994034;B
20241224;100344;104.82;20;11802994095;B
20241224;100344;104.82;10;11802994158;B
20241224;100344;104.82;20;11802994188;B
20241224;100344;104.82;180;11802994217;B
20241224;100344;104.82;290;11802994218;B
20241224;100345;104.82;80;11802994281;S
20241224;100345;104.82;420;11802994283;B
20241224;100345;104.84;10;11802994290;B
20241224;100345;104.84;50;11802994469;B
20241224;100345;104.84;2500;11802994472;B
20241224;100345;104.82;500;11802994475;B
20241224;100345;104.84;1130;11802994476;B
20241224;100345;104.82;230;11802994480;B
20241224;100345;104.82;230;11802994501;B
20241224;100346;104.82;20;11802994742;B
20241224;100346;104.82;20;11802994810;B
20241224;100346;104.84;120;11802994811;B
20241224;100346;104.82;20;11802994839;S
20241224;100346;104.82;120;11802994841;B
20241224;100346;104.82;20;11802994845;B
20241224;100346;104.82;240;11802994998;B
20241224;100346;104.82;100;11802995003;B
20241224;100346;104.84;10;11802995074;B
20241224;100347;104.82;140;11802995112;S
20241224;100347;104.82;10;11802995144;B
20241224;100347;104.82;20;11802995231;B
20241224;100347;104.74;100;11802995259;S
20241224;100347;104.84;20;11802995291;B
20241224;100347;104.84;10;11802995369;B
20241224;100347;104.84;20;11802995412;B
20241224;100347;104.84;10;11802995417;B
20241224;100347;104.84;20;11802995446;B
20241224;100347;104.84;20;11802995592;B
20241224;100348;104.84;10;11802995653;B
20241224;100349;104.84;10;11802996003;B
20241224;100352;104.82;10;11802996710;S
20241224;100352;104.84;10;11802996721;B
20241224;100353;104.82;190;11802996883;S
20241224;100355;104.82;20;11802997563;B
20241224;100355;104.82;20;11802997653;B
20241224;100355;104.82;10;11802997711;B
20241224;100355;104.84;10;11802997765;B
20241224;100355;104.84;20;11802997842;B
20241224;100356;104.84;20;11802997909;B
20241224;100356;104.84;20;11802997990;B
20241224;100356;104.84;20;11802998087;B
20241224;100356;104.84;20;11802998137;B
20241224;100356;104.84;20;11802998186;B
20241224;100357;104.84;10;11802998326;B
20241224;100357;104.84;50;11802998327;B
20241224;100357;104.84;190;11802998510;B
20241224;100358;104.84;20;11802998605;B
20241224;100358;104.84;20;11802998686;B
20241224;100358;104.84;20;11802998747;B
20241224;100358;104.84;10;11802998923;B
20241224;100358;104.84;20;11802998961;B
20241224;100359;104.84;10;11802999001;B
20241224;100359;104.84;20;11802999039;B
20241224;100359;104.84;10;11802999135;B
20241224;100359;104.84;10;11802999170;B
20241224;100359;104.84;10;11802999215;B
20241224;100359;104.84;20;11802999259;B
20241224;100359;104.84;10;11802999329;B
20241224;100400;104.84;10;11802999360;B
20241224;100400;104.84;20;11802999430;B
20241224;100400;104.84;20;11802999478;B
20241224;100400;104.84;20;11802999526;B
20241224;100400;104.84;20;11802999581;B
20241224;100400;104.84;10;11802999641;B
20241224;100400;104.84;30;11802999683;B
20241224;100400;104.84;20;11802999718;B
20241224;100400;104.82;280;11802999719;B
20241224;100401;104.82;20;11802999761;B
20241224;100401;104.82;20;11802999828;B
20241224;100401;104.82;20;11802999869;B
20241224;100401;104.82;10;11802999909;B
20241224;100401;104.82;10;11802999942;B
20241224;100401;104.82;20;11802999960;B
20241224;100401;104.82;20;11802999995;B
20241224;100401;104.82;10;11803000063;B
20241224;100402;104.82;10;11803000117;B
20241224;100402;104.82;20;11803000151;B
20241224;100402;104.82;10;11803000206;B
20241224;100402;104.82;20;11803000266;B
20241224;100402;104.82;20;11803000299;B
20241224;100402;104.82;10;11803000335;B
20241224;100402;104.82;20;11803000361;B
20241224;100403;104.82;20;11803000472;B
20241224;100403;104.82;20;11803000512;B
20241224;100403;104.82;1000;11803000551;B
20241224;100403;104.84;20;11803000581;B
20241224;100403;104.84;20;11803000638;B
20241224;100403;104.84;10;11803000696;B
20241224;100403;104.84;20;11803000751;B
20241224;100404;104.82;20;11803000812;B
20241224;100404;104.82;20;11803000878;B
20241224;100405;104.82;20;11803001150;B
20241224;100405;104.82;20;11803001236;B
20241224;100405;104.82;10;11803001315;B
20241224;100406;104.76;10;11803001338;S
20241224;100406;104.82;20;11803001349;B
20241224;100406;104.82;20;11803001397;B
20241224;100406;104.82;20;11803001447;B
20241224;100406;104.82;20;11803001549;B
20241224;100407;104.82;20;11803001607;B
20241224;100407;104.82;20;11803001678;B
20241224;100407;104.82;20;11803001822;B
20241224;100407;104.82;460;11803001828;B
20241224;100407;104.82;620;11803001829;B
20241224;100407;104.84;420;11803001830;B
20241224;100407;104.84;20;11803001928;B
20241224;100408;104.84;20;11803001998;B
20241224;100408;104.84;20;11803002033;B
20241224;100408;104.84;10;11803002090;B
20241224;100408;104.84;20;11803002138;B
20241224;100408;104.84;20;11803002203;B
20241224;100408;104.84;20;11803002242;B
20241224;100409;104.84;10;11803002380;B
20241224;100409;104.84;10;11803002423;B
20241224;100409;104.84;10;11803002441;B
20241224;100409;104.84;20;11803002557;B
20241224;100409;104.84;10;11803002627;B
20241224;100409;104.84;20;11803002674;B
20241224;100409;104.76;80;11803002679;S
20241224;100409;104.82;20;11803002734;B
20241224;100409;104.82;660;11803002766;B
20241224;100409;104.82;190;11803002767;B
20241224;100409;104.84;10;11803002789;B
20241224;100410;104.84;10;11803002841;B
20241224;100410;104.84;20;11803002880;B
20241224;100410;104.84;20;11803002928;B
20241224;100410;104.84;20;11803003015;B
20241224;100410;104.84;20;11803003053;B
20241224;100410;104.84;20;11803003154;B
20241224;100411;104.84;20;11803003218;B
20241224;100411;104.84;20;11803003270;B
20241224;100411;104.84;20;11803003321;B
20241224;100411;104.84;10;11803003362;B
20241224;100412;104.84;20;11803003648;B
20241224;100413;104.84;10;11803003823;B
20241224;100413;104.78;20;11803003894;S
20241224;100413;104.76;80;11803003895;S
20241224;100415;104.84;10;11803004309;B
20241224;100415;104.84;20;11803004443;B
20241224;100416;104.82;20;11803004560;B
20241224;100416;104.82;20;11803004601;B
20241224;100416;104.8;20;11803004656;B
20241224;100416;104.8;20;11803004732;B
20241224;100417;104.8;20;11803004874;B
20241224;100417;104.8;10;11803005039;B
20241224;100419;104.76;40;11803005354;S
20241224;100419;104.74;10;11803005355;S
20241224;100420;104.78;330;11803005608;B
20241224;100420;104.78;40;11803005609;B
20241224;100420;104.78;430;11803005610;B
20241224;100420;104.76;20;11803005758;B
20241224;100421;104.76;50;11803005830;B
20241224;100421;104.76;20;11803005831;B
20241224;100421;104.76;20;11803005879;B
20241224;100421;104.76;20;11803005967;B
20241224;100426;104.68;10;11803006917;S
20241224;100426;104.68;10;11803006918;S
20241224;100426;104.74;10;11803006938;B
20241224;100426;104.76;10;11803007167;B
20241224;100428;104.76;20;11803007605;B
20241224;100429;104.76;10;11803007717;B
20241224;100429;104.76;20;11803007746;B
20241224;100429;104.76;20;11803007854;B
20241224;100430;104.76;20;11803007990;B
20241224;100430;104.76;10;11803008085;B
20241224;100430;104.78;20;11803008144;B
20241224;100430;104.78;10;11803008217;B
20241224;100430;104.78;10;11803008261;B
20241224;100431;104.76;20;11803008478;B
20241224;100431;104.76;20;11803008519;B
20241224;100431;104.76;10;11803008586;B
20241224;100431;104.76;10;11803008663;B
20241224;100432;104.76;10;11803008705;B
20241224;100432;104.76;20;11803008764;B
20241224;100432;104.76;10;11803008788;B
20241224;100432;104.76;10;11803008848;B
20241224;100432;104.7;20;11803008892;S
20241224;100432;104.68;1100;11803008893;S
20241224;100432;104.68;230;11803008894;S
20241224;100432;104.66;200;11803008895;S
20241224;100432;104.66;10;11803008896;S
20241224;100432;104.66;680;11803008897;S
20241224;100432;104.64;2220;11803008898;S
20241224;100432;104.64;50;11803008899;S
20241224;100432;104.64;200;11803008900;S
20241224;100432;104.62;700;11803008901;S
20241224;100432;104.62;10;11803008902;S
20241224;100432;104.62;200;11803008903;S
20241224;100432;104.62;830;11803008904;S
20241224;100432;104.6;740;11803008905;S
20241224;100432;104.6;2500;11803008906;S
20241224;100432;104.6;250;11803008907;S
20241224;100432;104.6;2500;11803008908;S
20241224;100432;104.6;400;11803008909;S
20241224;100432;104.6;200;11803008910;S
20241224;100432;104.58;280;11803008911;S
20241224;100432;104.58;50;11803008912;S
20241224;100432;104.58;200;11803008913;S
20241224;100432;104.58;2960;11803008914;S
20241224;100432;104.56;50;11803008915;S
20241224;100432;104.56;200;11803008916;S
20241224;100432;104.56;3000;11803008917;S
20241224;100432;104.56;220;11803008918;S
20241224;100432;104.66;20;11803008931;B
20241224;100432;104.68;10;11803008979;B
20241224;100432;104.68;20;11803009009;B
20241224;100432;104.66;10;11803009071;B
20241224;100433;104.66;20;11803009210;B
20241224;100433;104.66;40;11803009247;B
20241224;100433;104.66;20;11803009265;B
20241224;100433;104.66;20;11803009325;B
20241224;100433;104.66;20;11803009362;B
20241224;100433;104.66;20;11803009418;B
20241224;100433;104.66;20;11803009453;B
20241224;100433;104.66;30;11803009499;B
20241224;100433;104.68;200;11803009500;B
20241224;100433;104.68;130;11803009501;B
20241224;100433;104.7;200;11803009502;B
20241224;100433;104.7;2960;11803009503;B
20241224;100433;104.7;2960;11803009504;B
20241224;100433;104.72;200;11803009505;B
20241224;100433;104.72;1430;11803009506;B
20241224;100433;104.72;8000;11803009507;B
20241224;100433;104.72;680;11803009508;B
20241224;100433;104.74;200;11803009509;B
20241224;100433;104.76;290;11803009510;B
20241224;100433;104.76;200;11803009511;B
20241224;100433;104.78;200;11803009512;B
20241224;100433;104.78;16350;11803009513;S
20241224;100434;104.82;20;11803009562;B
20241224;100434;104.82;10;11803009582;B
20241224;100434;104.82;10;11803009639;B
20241224;100434;104.82;20;11803009664;B
20241224;100434;104.82;10;11803009739;B
20241224;100434;104.82;20;11803009784;B
20241224;100434;104.82;20;11803009829;B
20241224;100434;104.82;10;11803009880;B
20241224;100435;104.82;40;11803010134;B
20241224;100435;104.82;40;11803010147;B
20241224;100436;104.82;130;11803010207;B
20241224;100436;104.82;20;11803010244;B
20241224;100436;104.82;20;11803010305;B
20241224;100436;104.82;20;11803010376;B
20241224;100436;104.82;10;11803010413;B
20241224;100436;104.82;20;11803010461;B
20241224;100437;104.82;20;11803010642;B
20241224;100437;104.82;20;11803010712;B
20241224;100437;104.82;20;11803010781;B
20241224;100438;104.82;20;11803010971;B
20241224;100438;104.82;20;11803011051;B
20241224;100438;104.82;20;11803011220;B
20241224;100439;104.82;10;11803011292;B
20241224;100439;104.82;10;11803011417;B
20241224;100439;104.82;20;11803011464;B
20241224;100439;104.82;20;11803011520;B
20241224;100439;104.82;20;11803011557;B
20241224;100439;104.82;20;11803011624;B
20241224;100439;104.82;10;11803011664;B
20241224;100439;104.82;20;11803011713;B
20241224;100440;104.82;20;11803011766;B
20241224;100440;104.82;10;11803011809;B
20241224;100440;104.82;10;11803011863;B
20241224;100440;104.82;20;11803011907;B
20241224;100440;104.82;20;11803011958;B
20241224;100440;104.82;20;11803012015;B
20241224;100440;104.82;20;11803012051;B
20241224;100440;104.82;10;11803012103;B
20241224;100441;104.82;50;11803012240;B
20241224;100441;104.82;140;11803012241;B
20241224;100441;104.82;190;11803012244;B
20241224;100441;104.82;10;11803012256;B
20241224;100441;104.84;20;11803012333;B
20241224;100441;104.8;10;11803012369;S
20241224;100441;104.84;20;11803012387;B
20241224;100441;104.82;10;11803012421;B
20241224;100441;104.82;20;11803012460;B
20241224;100441;104.82;20;11803012517;B
20241224;100441;104.8;20;11803012550;S
20241224;100442;104.82;20;11803012588;B
20241224;100442;104.82;10;11803012631;B
20241224;100442;104.82;90;11803012675;B
20241224;100442;104.82;90;11803012678;B
20241224;100442;104.82;20;11803012712;B
20241224;100442;104.82;10;11803012784;B
20241224;100442;104.82;20;11803012842;B
20241224;100442;104.82;20;11803012896;B
20241224;100442;104.82;10;11803012924;B
20241224;100443;104.82;20;11803012995;B
20241224;100443;104.82;370;11803013196;B
20241224;100443;104.82;370;11803013219;B
20241224;100443;104.82;10;11803013229;B
20241224;100443;104.8;1000;11803013271;S
20241224;100443;104.82;20;11803013344;B
20241224;100443;104.84;20;11803013378;B
20241224;100443;104.84;20;11803013431;B
20241224;100443;104.84;20;11803013476;B
20241224;100443;104.84;20;11803013533;B
20241224;100444;104.84;20;11803013647;B
20241224;100444;104.84;10;11803013714;B
20241224;100444;104.84;10;11803013751;B
20241224;100444;104.8;20;11803013769;S
20241224;100444;104.8;30;11803013776;S
20241224;100444;104.84;20;11803013785;B
20241224;100444;104.84;10;11803013877;B
20241224;100444;104.84;20;11803013913;B
20241224;100444;104.84;10;11803013947;B
20241224;100444;104.84;10;11803013969;B
20241224;100444;104.84;20;11803014013;B
20241224;100445;104.84;20;11803014106;B
20241224;100445;104.84;20;11803014235;B
20241224;100445;104.84;20;11803014338;B
20241224;100445;104.84;20;11803014394;B
20241224;100445;104.84;10;11803014451;B
20241224;100445;104.84;20;11803014510;B
20241224;100445;104.84;20;11803014587;B
20241224;100446;104.84;20;11803014625;B
20241224;100446;104.84;20;11803014660;B
20241224;100446;104.84;20;11803014696;B
20241224;100446;104.84;10;11803014734;B
20241224;100446;104.84;20;11803014812;B
20241224;100446;104.84;20;11803014851;B
20241224;100446;104.84;400;11803014891;B
20241224;100446;104.84;20;11803014902;B
20241224;100446;104.84;20;11803014933;B
20241224;100447;104.84;10;11803015035;B
20241224;100447;104.84;10;11803015050;B
20241224;100447;104.84;20;11803015086;B
20241224;100447;104.84;20;11803015129;B
20241224;100447;104.84;20;11803015172;B
20241224;100447;104.84;50;11803015209;B
20241224;100447;104.84;50;11803015219;B
20241224;100447;104.84;20;11803015248;B
20241224;100450;104.82;20;11803015860;B
20241224;100450;104.8;380;11803015884;S
20241224;100450;104.8;120;11803015885;S
20241224;100450;104.82;10;11803016001;B
20241224;100450;104.82;20;11803016036;B
20241224;100450;104.82;20;11803016083;B
20241224;100450;104.82;20;11803016141;B
20241224;100451;104.82;20;11803016444;B
20241224;100451;104.82;20;11803016560;B
20241224;100453;104.82;70;11803016997;B
20241224;100453;104.82;10;11803017043;B
20241224;100453;104.82;20;11803017105;B
20241224;100453;104.82;20;11803017158;B
20241224;100453;104.84;20;11803017258;B
20241224;100454;104.84;20;11803017362;B
20241224;100455;104.84;10;11803017668;B
20241224;100455;104.84;20;11803017728;B
20241224;100455;104.84;20;11803017786;B
20241224;100455;104.84;20;11803017832;B
20241224;100455;104.84;20;11803017955;B
20241224;100456;104.84;20;11803017998;B
20241224;100456;104.84;10;11803018043;B
20241224;100456;104.84;20;11803018080;B
20241224;100456;104.84;3080;11803018162;B
20241224;100456;104.84;700;11803018163;B
20241224;100456;104.84;60;11803018164;B
20241224;100456;104.84;500;11803018165;B
20241224;100456;104.84;10;11803018166;B
20241224;100456;104.84;200;11803018167;B
20241224;100456;104.84;1010;11803018168;B
20241224;100456;104.86;20;11803018182;B
20241224;100456;104.84;10;11803018217;S
20241224;100456;104.86;10;11803018234;B
20241224;100456;104.86;20;11803018262;B
20241224;100456;104.86;10;11803018314;B
20241224;100457;104.86;20;11803018359;B
20241224;100457;104.86;20;11803018487;B
20241224;100457;104.86;10;11803018524;B
20241224;100457;104.86;20;11803018584;B
20241224;100457;104.86;20;11803018622;B
20241224;100457;104.86;20;11803018687;B
20241224;100457;104.86;20;11803018745;B
20241224;100458;104.86;20;11803018809;B
20241224;100458;104.86;10;11803018859;B
20241224;100458;104.86;20;11803018932;B
20241224;100458;104.86;20;11803019025;B
20241224;100458;104.86;20;11803019098;B
20241224;100459;104.86;20;11803019147;B
20241224;100459;104.86;20;11803019268;B
20241224;100459;104.86;20;11803019341;B
20241224;100459;104.86;20;11803019479;B
20241224;100459;104.86;20;11803019549;B
20241224;100500;104.86;20;11803019592;B
20241224;100500;104.86;10;11803019656;B
20241224;100500;104.86;10;11803019746;B
20241224;100500;104.86;10;11803019779;B
20241224;100500;104.84;500;11803019959;S
20241224;100501;104.86;10;11803020125;B
20241224;100501;104.86;120;11803020254;B
20241224;100501;104.84;50;11803020267;S
20241224;100501;104.86;120;11803020284;B
20241224;100502;104.84;450;11803020600;S
20241224;100502;104.84;1430;11803020601;S
20241224;100502;104.82;200;11803020602;S
20241224;100502;104.82;780;11803020603;S
20241224;100502;104.86;10;11803020605;B
20241224;100503;104.86;20;11803020798;B
20241224;100503;104.86;20;11803020898;B
20241224;100504;104.88;500;11803021027;B
20241224;100505;104.84;100;11803021392;S
20241224;100505;104.84;200;11803021393;S
20241224;100505;104.84;1230;11803021577;S
20241224;100505;104.84;200;11803021578;S
20241224;100505;104.82;200;11803021579;S
20241224;100505;104.82;380;11803021580;S
20241224;100505;104.8;420;11803021581;S
20241224;100505;104.8;200;11803021582;S
20241224;100505;104.8;680;11803021583;S
20241224;100506;104.78;130;11803021654;S
20241224;100507;104.8;10;11803021950;B
20241224;100508;104.78;9680;11803022421;S
20241224;100513;104.78;10;11803023878;S
20241224;100515;104.78;10;11803024265;S
20241224;100515;104.78;1470;11803024271;S
20241224;100515;104.78;9710;11803024459;S
20241224;100515;104.78;500;11803024470;S
20241224;100517;104.78;250;11803025075;S
20241224;100518;104.78;180;11803025705;S
20241224;100518;104.78;160;11803025789;S
20241224;100518;104.78;340;11803026005;S
20241224;100519;104.78;80;11803026326;S
20241224;100520;104.78;1550;11803026602;S
20241224;100520;104.8;100;11803026731;B
20241224;100520;104.8;240;11803026732;B
20241224;100520;104.8;310;11803026733;B
20241224;100520;104.8;680;11803026734;B
20241224;100520;104.8;670;11803026735;B
20241224;100521;104.78;530;11803026980;S
20241224;100522;104.78;240;11803027267;S
20241224;100522;104.78;30;11803027290;S
20241224;100524;104.78;1000;11803027640;S
20241224;100524;104.78;10;11803027650;S
20241224;100524;104.78;500;11803027787;S
20241224;100525;104.78;250;11803027953;S
20241224;100527;104.8;50;11803029146;B
20241224;100527;104.8;50;11803029156;B
20241224;100527;104.8;180;11803029200;B
20241224;100527;104.8;20;11803029205;B
20241224;100527;104.8;160;11803029206;B
20241224;100528;104.78;1560;11803029381;S
20241224;100528;104.8;300;11803029471;B
20241224;100528;104.8;300;11803029487;B
20241224;100528;104.8;140;11803029527;B
20241224;100528;104.8;2220;11803029532;B
20241224;100528;104.8;620;11803029533;B
20241224;100528;104.82;20;11803029541;B
20241224;100528;104.82;120;11803029542;B
20241224;100528;104.82;240;11803029567;B
20241224;100528;104.82;240;11803029582;B
20241224;100529;104.8;30;11803029996;S
20241224;100531;104.82;180;11803030438;B
20241224;100531;104.82;180;11803030450;B
20241224;100531;104.82;280;11803030652;B
20241224;100531;104.82;280;11803030679;B
20241224;100532;104.82;200;11803030799;B
20241224;100532;104.82;50;11803030831;B
20241224;100532;104.82;50;11803030849;B
20241224;100532;104.8;100;11803030930;S
20241224;100532;104.82;100;11803031004;B
20241224;100533;104.82;90;11803031037;B
20241224;100533;104.82;90;11803031061;B
20241224;100533;104.82;100;11803031098;B
20241224;100533;104.82;100;11803031207;B
20241224;100533;104.82;100;11803031233;B
20241224;100533;104.82;180;11803031304;B
20241224;100533;104.82;180;11803031325;B
20241224;100533;104.82;100;11803031348;B
20241224;100533;104.82;140;11803031378;B
20241224;100533;104.84;460;11803031384;B
20241224;100533;104.86;670;11803031388;B
20241224;100533;104.86;700;11803031389;B
20241224;100533;104.86;40;11803031390;B
20241224;100533;104.86;30;11803031391;B
20241224;100533;104.88;2960;11803031392;B
20241224;100533;104.88;560;11803031393;B
20241224;100533;104.88;20;11803031394;B
20241224;100533;104.88;420;11803031397;B
20241224;100534;104.9;100;11803031559;B
20241224;100535;104.88;560;11803031901;S
20241224;100535;104.88;680;11803031902;S
20241224;100535;104.88;200;11803031903;S
20241224;100535;104.86;200;11803031904;S
20241224;100535;104.86;5500;11803031905;S
20241224;100535;104.84;200;11803031906;S
20241224;100535;104.82;200;11803031907;S
20241224;100535;104.82;210;11803031908;S
20241224;100535;104.82;1430;11803031909;S
20241224;100535;104.8;70;11803031910;S
20241224;100535;104.8;100;11803031911;S
20241224;100535;104.8;8000;11803031912;S
20241224;100535;104.78;2500;11803031913;S
20241224;100535;104.78;200;11803031914;S
20241224;100535;104.78;10;11803031915;S
20241224;100535;104.78;4940;11803031916;S
20241224;100539;104.82;50;11803032926;S
20241224;100540;104.88;50;11803033106;B
20241224;100540;104.88;140;11803033357;B
20241224;100542;104.9;10;11803033822;B
20241224;100543;104.9;110;11803034532;B
20241224;100543;104.9;350;11803034533;B
20241224;100543;104.94;1220;11803034618;B
20241224;100543;104.94;1740;11803034631;B
20241224;100544;104.94;130;11803034888;S
20241224;100544;104.94;370;11803034899;B
20241224;100544;104.96;300;11803034900;B
20241224;100544;104.96;10;11803034901;B
20241224;100544;104.96;390;11803034902;B
20241224;100544;104.96;2960;11803034903;B
20241224;100544;104.98;550;11803034904;B
20241224;100545;104.92;200;11803035392;S
20241224;100545;104.92;380;11803035393;S
20241224;100545;104.92;10;11803035394;S
20241224;100545;104.9;200;11803035395;S
20241224;100545;104.9;2960;11803035396;S
20241224;100545;104.9;10;11803035397;S
20241224;100545;104.9;680;11803035398;S
20241224;100545;104.88;200;11803035399;S
20241224;100545;104.86;200;11803035400;S
20241224;100545;104.86;10;11803035401;S
20241224;100545;104.84;200;11803035402;S
20241224;100545;104.84;2960;11803035403;S
20241224;100545;104.84;1420;11803035404;S
20241224;100545;104.82;150;11803035405;S
20241224;100545;104.82;100;11803035406;S
20241224;100545;104.8;200;11803035407;S
20241224;100545;104.8;610;11803035408;S
20241224;100545;104.8;4510;11803035409;S
20241224;100545;104.88;650;11803035514;B
20241224;100547;104.88;10;11803036003;S
20241224;100549;104.94;180;11803036728;B
20241224;100549;104.92;200;11803036768;S
20241224;100549;104.9;830;11803036769;S
20241224;100549;104.9;40;11803036770;S
20241224;100554;104.92;100;11803038598;B
20241224;100554;104.94;680;11803038599;B
20241224;100554;104.94;400;11803038600;B
20241224;100554;104.96;200;11803038601;B
20241224;100554;104.96;2960;11803038602;B
20241224;100554;104.96;8160;11803038603;B
20241224;100555;104.98;10;11803038677;B
20241224;100555;104.96;280;11803038819;B
20241224;100558;104.92;60;11803039852;S
20241224;100558;104.9;10;11803039853;S
20241224;100558;104.9;60;11803039854;S
20241224;100558;104.88;40;11803039855;S
20241224;100559;104.92;30;11803040487;S
20241224;100600;104.94;10;11803041033;B
20241224;100600;104.94;280;11803041034;B
20241224;100600;104.94;60;11803041035;B
20241224;100605;104.9;10;11803043161;S
20241224;100605;104.9;370;11803043236;S
20241224;100605;104.9;200;11803043237;S
20241224;100605;104.9;140;11803043238;S
20241224;100605;104.88;200;11803043239;S
20241224;100605;104.88;820;11803043240;S
20241224;100605;104.88;10;11803043241;S
20241224;100605;104.88;500;11803043242;S
20241224;100605;104.86;200;11803043243;S
20241224;100605;104.86;1420;11803043244;S
20241224;100605;104.86;10;11803043245;S
20241224;100605;104.86;680;11803043246;S
20241224;100605;104.84;30;11803043247;S
20241224;100607;104.92;130;11803043701;B
20241224;100607;104.94;10;11803043702;B
20241224;100607;104.94;60;11803043703;B
20241224;100607;104.94;10;11803043704;B
20241224;100607;104.94;680;11803043705;B
20241224;100607;104.94;200;11803043706;B
20241224;100607;104.96;10;11803043707;B
20241224;100607;104.96;10;11803043708;B
20241224;100607;104.96;500;11803043709;B
20241224;100607;104.96;200;11803043710;B
20241224;100607;104.96;1190;11803043711;B
20241224;100609;104.94;120;11803044100;B
20241224;100609;104.94;100;11803044157;S
20241224;100609;104.94;20;11803044229;S
20241224;100609;104.94;80;11803044230;B
20241224;100609;104.96;200;11803044231;B
20241224;100609;104.96;50;11803044232;B
20241224;100609;104.98;440;11803044233;B
20241224;100609;104.98;130;11803044234;B
20241224;100611;104.92;10;11803044658;S
20241224;100612;104.92;10;11803044746;S
20241224;100612;104.92;500;11803044815;S
20241224;100613;104.94;50;11803045061;S
20241224;100613;104.92;130;11803045062;S
20241224;100613;104.92;110;11803045063;S
20241224;100613;104.9;210;11803045064;S
20241224;100614;104.94;20;11803045234;B
20241224;100614;104.94;180;11803045259;B
20241224;100614;104.96;500;11803045260;B
20241224;100614;104.96;320;11803045261;B
20241224;100620;104.96;200;11803046651;B
20241224;100620;104.96;30;11803046652;B
20241224;100620;104.92;440;11803046754;S
20241224;100620;104.9;90;11803046755;S
20241224;100620;104.9;120;11803046756;S
20241224;100620;104.9;350;11803046757;S
20241224;100620;104.96;30;11803046877;B
20241224;100620;104.96;170;11803046890;B
20241224;100620;104.98;70;11803046891;B
20241224;100620;104.98;2960;11803046892;B
20241224;100620;104.98;200;11803046893;B
20241224;100620;104.98;80;11803046894;B
20241224;100620;105;20;11803046895;B
20241224;100620;105;20;11803046896;B
20241224;100620;105;10;11803046897;B
20241224;100620;105;500;11803046898;B
20241224;100620;105;100;11803046899;B
20241224;100620;105;10;11803046900;B
20241224;100620;105;800;11803046901;B
20241224;100620;105;200;11803046902;B
20241224;100620;105;1420;11803046903;B
20241224;100620;105;100;11803046904;B
20241224;100620;105;10000;11803046905;B
20241224;100620;105;1900;11803046906;B
20241224;100620;105;300;11803046907;B
20241224;100620;105;680;11803046908;B
20241224;100621;105.02;90;11803047217;B
20241224;100621;105.02;90;11803047225;B
20241224;100623;105.02;140;11803047558;B
20241224;100624;105;3150;11803047728;S
20241224;100625;105;100;11803048257;S
20241224;100626;105;20;11803048353;S
20241224;100626;105;100;11803048435;S
20241224;100632;105;1560;11803049587;S
20241224;100632;105;530;11803049662;S
20241224;100632;105;1000;11803049663;S
20241224;100633;104.94;100;11803049813;B
20241224;100638;104.86;200;11803051164;S
20241224;100640;104.92;10;11803051570;B
20241224;100640;104.92;10;11803051571;B
20241224;100642;104.9;10;11803052210;B
20241224;100644;104.84;10;11803052803;S
20241224;100646;104.82;120;11803053666;B
20241224;100646;104.84;680;11803053667;B
20241224;100646;104.84;200;11803053668;B
20241224;100646;104.84;780;11803053669;B
20241224;100647;104.84;200;11803054083;B
20241224;100647;104.84;2960;11803054084;B
20241224;100647;104.84;680;11803054085;B
20241224;100648;104.84;1000;11803054163;S
20241224;100650;104.86;10;11803054657;B
20241224;100652;104.84;810;11803055132;S
20241224;100654;104.86;20;11803055683;B
20241224;100654;104.88;60;11803055684;B
20241224;100656;104.84;600;11803056168;S
20241224;100656;104.84;1000;11803056231;S
20241224;100657;104.84;12750;11803056408;S
20241224;100657;104.82;1430;11803056409;S
20241224;100657;104.82;500;11803056410;S
20241224;100657;104.8;10;11803056411;S
20241224;100657;104.8;90;11803056412;S
20241224;100657;104.8;50;11803056413;S
20241224;100657;104.8;680;11803056414;S
20241224;100657;104.76;20;11803056415;S
20241224;100657;104.76;30;11803056416;S
20241224;100657;104.74;150;11803056417;S
20241224;100657;104.74;100;11803056425;S
20241224;100658;104.78;20;11803056653;B
20241224;100702;104.78;10;11803057559;B
20241224;100709;104.74;500;11803059653;S
20241224;100709;104.74;3000;11803059782;S
20241224;100710;104.74;50;11803059941;S
20241224;100710;104.76;10;11803060024;B
20241224;100713;104.74;300;11803060589;S
20241224;100713;104.74;900;11803060751;S
20241224;100713;104.74;100;11803060752;S
20241224;100715;104.76;50;11803061419;B
20241224;100716;104.76;400;11803061632;B
20241224;100716;104.76;10;11803061665;B
20241224;100716;104.74;100;11803061678;S
20241224;100716;104.74;10;11803061679;S
20241224;100716;104.72;10;11803061680;S
20241224;100716;104.72;500;11803061681;S
20241224;100716;104.72;380;11803061682;S
20241224;100716;104.72;10;11803061698;S
20241224;100716;104.7;40;11803061699;S
20241224;100717;104.7;100;11803061884;S
20241224;100717;104.7;15570;11803061999;S
20241224;100718;104.7;270;11803062168;S
20241224;100718;104.72;20;11803062169;B
20241224;100718;104.72;50;11803062198;B
20241224;100718;104.72;20;11803062235;B
20241224;100720;104.7;100;11803062925;S
20241224;100723;104.7;1000;11803063907;S
20241224;100726;104.7;1100;11803065229;S
20241224;100727;104.72;10;11803065448;B
20241224;100727;104.72;10;11803065449;B
20241224;100727;104.72;280;11803065450;B
20241224;100727;104.7;5560;11803065546;S
20241224;100727;104.7;8430;11803065668;S
20241224;100730;104.72;30;11803066242;B
20241224;100730;104.7;50;11803066399;S
20241224;100731;104.7;20;11803066678;S
20241224;100732;104.7;10;11803066895;S
20241224;100733;104.7;20000;11803067184;S
20241224;100734;104.7;100;11803067633;S
20241224;100734;104.7;2000;11803067682;S
20241224;100736;104.7;15570;11803068274;S
20241224;100736;104.7;30000;11803068367;S
20241224;100736;104.7;9510;11803068368;S
20241224;100736;104.7;570;11803068370;S
20241224;100736;104.7;20;11803068371;S
20241224;100736;104.7;770;11803068372;S
20241224;100736;104.72;10;11803068402;B
20241224;100736;104.72;10;11803068403;B
20241224;100736;104.7;130;11803068404;S
20241224;100736;104.7;200;11803068405;S
20241224;100736;104.7;100;11803068406;S
20241224;100736;104.7;930;11803068407;S
20241224;100736;104.7;1360;11803068418;S
20241224;100736;104.72;20;11803068459;B
20241224;100736;104.7;2710;11803068475;S
20241224;100736;104.7;340;11803068476;S
20241224;100736;104.68;30;11803068477;S
20241224;100736;104.66;10;11803068478;S
20241224;100736;104.64;10;11803068479;S
20241224;100736;104.62;200;11803068480;S
20241224;100736;104.6;200;11803068481;S
20241224;100736;104.58;80;11803068482;S
20241224;100736;104.58;200;11803068483;S
20241224;100736;104.58;500;11803068484;S
20241224;100736;104.6;20;11803068530;B
20241224;100736;104.6;10;11803068690;B
20241224;100737;104.54;50;11803068768;S
20241224;100737;104.52;140;11803068769;S
20241224;100737;104.54;20;11803068774;B
20241224;100737;104.54;20;11803068829;B
20241224;100737;104.54;20;11803068898;B
20241224;100737;104.54;10;11803068957;B
20241224;100737;104.54;10;11803068993;B
20241224;100737;104.54;20;11803069039;B
20241224;100737;104.54;10;11803069090;B
20241224;100737;104.56;20;11803069174;B
20241224;100738;104.52;340;11803069281;S
20241224;100738;104.56;20;11803069283;B
20241224;100738;104.56;20;11803069439;B
20241224;100738;104.58;20;11803069644;B
20241224;100738;104.54;20;11803069810;B
20241224;100739;104.54;20;11803069944;B
20241224;100739;104.58;20;11803070091;B
20241224;100739;104.58;10;11803070150;B
20241224;100739;104.58;20;11803070185;B
20241224;100739;104.58;20;11803070261;B
20241224;100739;104.58;20;11803070336;B
20241224;100740;104.58;20;11803070423;B
20241224;100740;104.58;20;11803070518;B
20241224;100740;104.58;10;11803070648;B
20241224;100740;104.58;10;11803070700;B
20241224;100740;104.58;20;11803070745;B
20241224;100740;104.58;10;11803070798;B
20241224;100740;104.58;10;11803070799;B
20241224;100740;104.54;10;11803070839;S
20241224;100740;104.52;20;11803070840;S
20241224;100740;104.52;10;11803070841;S
20241224;100740;104.52;10;11803070842;S
20241224;100740;104.58;10;11803070846;B
20241224;100740;104.58;20;11803070896;B
20241224;100740;104.52;990;11803070898;S
20241224;100740;104.52;10;11803070899;S
20241224;100741;104.58;20;11803070955;B
20241224;100741;104.58;20;11803071009;B
20241224;100741;104.58;10;11803071064;B
20241224;100741;104.58;20;11803071105;B
20241224;100741;104.58;10;11803071142;B
20241224;100741;104.58;20;11803071200;B
20241224;100741;104.58;10;11803071275;B
20241224;100742;104.58;20;11803071322;B
20241224;100742;104.58;20;11803071388;B
20241224;100742;104.52;60;11803071431;S
20241224;100742;104.58;20;11803071541;B
20241224;100742;104.56;10;11803071594;B
20241224;100742;104.58;10;11803071644;B
20241224;100742;104.58;20;11803071687;B
20241224;100742;104.58;20;11803071741;B
20241224;100743;104.58;20;11803071798;B
20241224;100743;104.58;10;11803071844;B
20241224;100743;104.58;20;11803071912;B
20241224;100743;104.58;20;11803072061;B
20241224;100743;104.58;20;11803072116;B
20241224;100743;104.58;20;11803072180;B
20241224;100743;104.58;20;11803072235;B
20241224;100744;104.58;10;11803072296;B
20241224;100744;104.58;10;11803072382;B
20241224;100744;104.58;10;11803072448;B
20241224;100744;104.6;20;11803072573;B
20241224;100744;104.6;20;11803072584;B
20241224;100744;104.6;20;11803072627;B
20241224;100744;104.52;70;11803072657;S
20241224;100745;104.58;20;11803072684;B
20241224;100745;104.58;20;11803072778;B
20241224;100745;104.58;10;11803072847;B
20241224;100745;104.58;20;11803072894;B
20241224;100745;104.52;1400;11803072897;S
20241224;100745;104.58;20;11803072961;B
20241224;100745;104.58;20;11803073027;B
20241224;100746;104.58;20;11803073066;B
20241224;100746;104.58;10;11803073144;B
20241224;100746;104.58;10;11803073229;B
20241224;100746;104.58;20;11803073298;B
20241224;100746;104.58;20;11803073336;B
20241224;100746;104.52;20;11803073343;S
20241224;100746;104.58;10;11803073383;B
20241224;100746;104.58;20;11803073441;B
20241224;100746;104.58;10;11803073475;B
20241224;100747;104.58;20;11803073512;B
20241224;100747;104.52;950;11803073518;S
20241224;100747;104.52;680;11803073519;S
20241224;100747;104.5;10;11803073520;S
20241224;100747;104.5;50;11803073521;S
20241224;100747;104.5;30;11803073522;S
20241224;100747;104.5;1100;11803073523;S
20241224;100747;104.5;10;11803073524;S
20241224;100747;104.5;170;11803073525;S
20241224;100747;104.58;20;11803073585;B
20241224;100747;104.58;130;11803073612;B
20241224;100747;104.58;470;11803073613;B
20241224;100747;104.58;2960;11803073614;B
20241224;100747;104.58;940;11803073615;B
20241224;100747;104.62;30;11803073639;B
20241224;100747;104.52;50;11803073663;S
20241224;100747;104.62;20;11803073674;B
20241224;100747;104.62;10;11803073734;B
20241224;100747;104.62;10;11803073751;B
20241224;100747;104.62;20;11803073774;B
20241224;100747;104.62;20;11803073849;B
20241224;100747;104.62;20;11803073911;B
20241224;100748;104.62;10;11803073955;B
20241224;100748;104.62;20;11803073986;B
20241224;100748;104.62;20;11803074080;B
20241224;100748;104.62;20;11803074166;B
20241224;100748;104.62;10;11803074203;B
20241224;100748;104.62;20;11803074265;B
20241224;100748;104.62;20;11803074368;B
20241224;100749;104.62;20;11803074468;B
20241224;100749;104.64;20;11803074551;B
20241224;100749;104.64;20;11803074625;B
20241224;100749;104.64;20;11803074692;B
20241224;100749;104.64;20;11803074798;B
20241224;100750;104.64;20;11803074845;B
20241224;100750;104.64;20;11803074930;B
20241224;100750;104.64;20;11803075073;B
20241224;100750;104.64;20;11803075118;B
20241224;100750;104.64;20;11803075193;B
20241224;100750;104.64;10;11803075246;B
20241224;100750;104.62;200;11803075248;B
20241224;100750;104.66;10;11803075267;B
20241224;100751;104.66;20;11803075313;B
20241224;100751;104.66;20;11803075348;B
20241224;100751;104.66;20;11803075414;B
20241224;100751;104.66;20;11803075455;B
20241224;100751;104.66;20;11803075498;B
20241224;100751;104.66;20;11803075539;B
20241224;100751;104.66;10;11803075592;B
20241224;100751;104.66;10;11803075639;B
20241224;100752;104.66;50;11803075662;B
20241224;100752;104.66;30;11803075663;B
20241224;100752;104.66;280;11803075665;B
20241224;100752;104.66;20;11803075677;B
20241224;100752;104.66;20;11803075757;B
20241224;100752;104.66;10;11803075876;B
20241224;100752;104.66;10;11803075924;B
20241224;100752;104.66;20;11803075954;B
20241224;100752;104.66;10;11803076013;B
20241224;100752;104.66;20;11803076077;B
20241224;100752;104.66;20;11803076132;B
20241224;100753;104.66;20;11803076184;B
20241224;100753;104.66;20;11803076246;B
20241224;100753;104.66;20;11803076291;B
20241224;100753;104.66;20;11803076332;B
20241224;100753;104.66;10;11803076416;B
20241224;100753;104.66;20;11803076458;B
20241224;100753;104.66;20;11803076671;B
20241224;100754;104.62;2960;11803076706;S
20241224;100754;104.62;240;11803076707;S
20241224;100754;104.62;680;11803076708;S
20241224;100754;104.6;500;11803076709;S
20241224;100754;104.6;200;11803076710;S
20241224;100754;104.6;20;11803076712;B
20241224;100754;104.6;10;11803076828;B
20241224;100754;104.6;20;11803076910;B
20241224;100754;104.6;20;11803076960;B
20241224;100754;104.6;20;11803077009;B
20241224;100754;104.6;10;11803077072;B
20241224;100754;104.6;20;11803077141;B
20241224;100754;104.6;20;11803077198;B
20241224;100755;104.6;480;11803077214;B
20241224;100755;104.66;20;11803077368;B
20241224;100755;104.66;360;11803077417;B
20241224;100755;104.66;20;11803077453;B
20241224;100755;104.62;840;11803077556;S
20241224;100755;104.62;680;11803077557;S
20241224;100755;104.62;200;11803077558;S
20241224;100755;104.6;200;11803077559;S
20241224;100755;104.58;200;11803077560;S
20241224;100755;104.56;200;11803077561;S
20241224;100755;104.56;10;11803077562;S
20241224;100755;104.56;500;11803077563;S
20241224;100755;104.54;100;11803077564;S
20241224;100755;104.54;200;11803077565;S
20241224;100755;104.54;320;11803077566;S
20241224;100755;104.54;90;11803077567;S
20241224;100755;104.66;20;11803077575;B
20241224;100755;104.66;20;11803077630;B
20241224;100755;104.66;10;11803077680;B
20241224;100756;104.66;20;11803077732;B
20241224;100756;104.66;10;11803077804;B
20241224;100756;104.66;10;11803077930;B
20241224;100756;104.66;20;11803077956;B
20241224;100756;104.66;20;11803078009;B
20241224;100756;104.66;20;11803078091;B
20241224;100756;104.62;100;11803078117;S
20241224;100757;104.66;20;11803078164;B
20241224;100757;104.66;20;11803078228;B
20241224;100757;104.66;20;11803078297;B
20241224;100757;104.66;20;11803078348;B
20241224;100757;104.66;20;11803078411;B
20241224;100757;104.66;10;11803078514;B
20241224;100757;104.66;20;11803078561;B
20241224;100757;104.66;20;11803078627;B
20241224;100758;104.66;20;11803078681;B
20241224;100758;104.64;200;11803078707;S
20241224;100758;104.62;100;11803078708;S
20241224;100758;104.62;680;11803078709;S
20241224;100758;104.6;200;11803078710;S
20241224;100758;104.6;1230;11803078711;S
20241224;100758;104.58;200;11803078712;S
20241224;100758;104.58;2070;11803078713;S
20241224;100758;104.58;680;11803078741;S
20241224;100758;104.58;200;11803078742;S
20241224;100758;104.56;200;11803078743;S
20241224;100758;104.56;10;11803078744;S
20241224;100758;104.54;200;11803078745;S
20241224;100758;104.54;3390;11803078746;S
20241224;100758;104.66;20;11803078776;B
20241224;100758;104.66;20;11803078988;B
20241224;100758;104.66;10;11803079112;B
20241224;100758;104.66;10;11803079134;B
20241224;100758;104.6;500;11803079184;S
20241224;100758;104.66;20;11803079197;B
20241224;100759;104.66;20;11803079307;B
20241224;100759;104.66;10;11803079358;B
20241224;100759;104.66;20;11803079390;B
20241224;100759;104.66;10;11803079444;B
20241224;100759;104.66;10;11803079445;B
20241224;100759;104.66;50;11803079501;B
20241224;100759;104.66;10;11803079509;B
20241224;100759;104.66;20;11803079645;B
20241224;100800;104.66;20;11803079696;B
20241224;100800;104.66;20;11803079800;B
20241224;100800;104.66;10;11803079974;B
20241224;100800;104.58;680;11803080031;S
20241224;100800;104.56;200;11803080032;S
20241224;100800;104.56;120;11803080033;B
20241224;100800;104.64;10;11803080043;B
20241224;100800;104.64;10;11803080099;B
20241224;100800;104.64;10;11803080156;B
20241224;100800;104.64;10;11803080230;B
20241224;100801;104.64;10;11803080274;B
20241224;100801;104.64;20;11803080341;B
20241224;100801;104.64;20;11803080396;B
20241224;100801;104.64;20;11803080458;B
20241224;100801;104.64;10;11803080530;B
20241224;100802;104.64;80;11803080565;B
20241224;100802;104.66;60;11803080566;B
20241224;100802;104.66;160;11803080567;B
20241224;100802;104.66;700;11803080568;B
20241224;100802;104.66;20;11803080591;B
20241224;100802;104.58;30;11803080612;S
20241224;100802;104.66;20;11803080699;B
20241224;100802;104.58;650;11803080756;S
20241224;100802;104.56;200;11803080757;S
20241224;100802;104.54;200;11803080758;S
20241224;100802;104.54;1950;11803080759;S
20241224;100802;104.66;20;11803080818;B
20241224;100802;104.66;10;11803080849;B
20241224;100802;104.66;20;11803080869;B
20241224;100802;104.66;20;11803080935;B
20241224;100802;104.62;10;11803081006;B
20241224;100803;104.62;20;11803081105;B
20241224;100803;104.62;20;11803081159;B
20241224;100803;104.62;20;11803081189;B
20241224;100803;104.62;20;11803081240;B
20241224;100803;104.62;20;11803081294;B
20241224;100803;104.62;10;11803081351;B
20241224;100803;104.62;20;11803081404;B
20241224;100803;104.62;20;11803081476;B
20241224;100804;104.62;20;11803081523;B
20241224;100804;104.62;20;11803081622;B
20241224;100804;104.64;20;11803081738;B
20241224;100804;104.64;10;11803081798;B
20241224;100804;104.64;20;11803081828;B
20241224;100804;104.64;10;11803081875;B
20241224;100804;104.64;20;11803081915;B
20241224;100805;104.64;20;11803082025;B
20241224;100805;104.64;20;11803082079;B
20241224;100805;104.64;20;11803082129;B
20241224;100805;104.64;20;11803082185;B
20241224;100805;104.64;20;11803082247;B
20241224;100805;104.64;20;11803082351;B
20241224;100806;104.64;20;11803082412;B
20241224;100806;104.64;20;11803082532;B
20241224;100806;104.64;10;11803082578;B
20241224;100806;104.64;20;11803082622;B
20241224;100806;104.64;20;11803082690;B
20241224;100806;104.64;170;11803082759;B
20241224;100806;104.66;110;11803082764;B
20241224;100807;104.66;20;11803082801;B
20241224;100807;104.66;10;11803082855;B
20241224;100807;104.66;10;11803082880;B
20241224;100807;104.66;10;11803082928;B
20241224;100807;104.68;20;11803083030;B
20241224;100807;104.68;20;11803083056;B
20241224;100807;104.68;20;11803083114;B
20241224;100808;104.68;20;11803083189;B
20241224;100808;104.68;20;11803083288;B
20241224;100808;104.68;20;11803083413;B
20241224;100808;104.68;10;11803083477;B
20241224;100808;104.68;20;11803083549;B
20241224;100809;104.68;20;11803083587;B
20241224;100809;104.68;20;11803083629;B
20241224;100809;104.68;10;11803083684;B
20241224;100809;104.68;20;11803083724;B
20241224;100809;104.68;10;11803083761;B
20241224;100809;104.68;10;11803083789;B
20241224;100809;104.68;10;11803083821;B
20241224;100809;104.68;20;11803083895;B
20241224;100810;104.68;20;11803083954;B
20241224;100810;104.68;20;11803084005;B
20241224;100810;104.68;20;11803084129;B
20241224;100810;104.68;10;11803084198;B
20241224;100810;104.68;20;11803084265;B
20241224;100810;104.68;640;11803084297;B
20241224;100810;104.68;200;11803084298;B
20241224;100810;104.68;810;11803084299;B
20241224;100810;104.7;200;11803084300;B
20241224;100810;104.7;1950;11803084301;B
20241224;100810;104.7;210;11803084302;B
20241224;100810;104.72;200;11803084303;B
20241224;100810;104.72;1430;11803084304;B
20241224;100810;104.72;2960;11803084305;B
20241224;100810;104.74;280;11803084311;B
20241224;100810;104.78;10;11803084321;B
20241224;100810;104.8;10;11803084322;B
20241224;100810;104.8;10;11803084389;B
20241224;100810;104.78;20;11803084427;B
20241224;100811;104.78;10;11803084492;B
20241224;100811;104.78;20;11803084532;B
20241224;100811;104.78;20;11803084595;B
20241224;100811;104.78;20;11803084648;B
20241224;100811;104.78;20;11803084706;B
20241224;100811;104.78;10;11803084748;B
20241224;100811;104.78;1000;11803084794;B
20241224;100811;104.78;20;11803084800;B
20241224;100812;104.78;20;11803084877;B
20241224;100812;104.78;10;11803084901;B
20241224;100812;104.78;20;11803084959;B
20241224;100812;104.78;10;11803085002;B
20241224;100812;104.78;30;11803085040;B
20241224;100812;104.78;20;11803085052;B
20241224;100812;104.78;20;11803085099;B
20241224;100812;104.78;20;11803085161;B
20241224;100813;104.78;10;11803085239;B
20241224;100813;104.78;10;11803085281;B
20241224;100813;104.78;20;11803085312;B
20241224;100813;104.78;100;11803085370;B
20241224;100813;104.8;450;11803085371;B
20241224;100813;104.8;10;11803085394;B
20241224;100813;104.8;10;11803085431;B
20241224;100813;104.8;20;11803085453;B
20241224;100813;104.8;20;11803085530;B
20241224;100813;104.8;10;11803085576;B
20241224;100814;104.8;10;11803085635;B
20241224;100814;104.8;10;11803085728;B
20241224;100814;104.74;10;11803085800;S
20241224;100814;104.8;10;11803085833;B
20241224;100814;104.8;10;11803085906;B
20241224;100814;104.8;20;11803085938;B
20241224;100814;104.8;20;11803085983;B
20241224;100814;104.74;300;11803085999;S
20241224;100814;104.8;10;11803086036;B
20241224;100814;104.8;10;11803086108;B
20241224;100815;104.8;20;11803086128;B
20241224;100815;104.8;20;11803086182;B
20241224;100815;104.74;200;11803086236;S
20241224;100815;104.8;20;11803086301;B
20241224;100815;104.8;20;11803086371;B
20241224;100816;104.8;20;11803086431;B
20241224;100816;104.8;20;11803086510;B
20241224;100816;104.8;20;11803086613;B
20241224;100816;104.8;10;11803086671;B
20241224;100816;104.8;10;11803086710;B
20241224;100816;104.8;20;11803086738;B
20241224;100816;104.8;20;11803086794;B
20241224;100816;104.8;20;11803086834;B
20241224;100817;104.8;20;11803086910;B
20241224;100817;104.8;20;11803087037;B
20241224;100817;104.8;20;11803087203;B
20241224;100817;104.8;10;11803087288;B
20241224;100817;104.8;100;11803087369;B
20241224;100817;104.8;70;11803087392;B
20241224;100817;104.8;20;11803087424;B
20241224;100817;104.8;20;11803087492;B
20241224;100817;104.8;20;11803087569;B
20241224;100818;104.8;20;11803087636;B
20241224;100818;104.8;20;11803087704;B
20241224;100818;104.8;10;11803087818;B
20241224;100818;104.8;10;11803087898;B
20241224;100818;104.8;10;11803087923;B
20241224;100818;104.8;20;11803087972;B
20241224;100818;104.8;10;11803088023;B
20241224;100818;104.8;20;11803088060;B
20241224;100819;104.8;20;11803088103;B
20241224;100819;104.8;10;11803088149;B
20241224;100819;104.8;10;11803088172;B
20241224;100819;104.76;90;11803088203;S
20241224;100819;104.76;110;11803088208;S
20241224;100819;104.76;60;11803088209;S
20241224;100819;104.76;50;11803088213;S
20241224;100819;104.76;100;11803088214;S
20241224;100819;104.76;50;11803088216;S
20241224;100819;104.76;40;11803088217;S
20241224;100819;104.76;380;11803088219;S
20241224;100819;104.76;120;11803088220;S
20241224;100819;104.74;40;11803088221;S
20241224;100819;104.74;130;11803088233;S
20241224;100819;104.74;30;11803088234;S
20241224;100819;104.74;50;11803088235;S
20241224;100819;104.74;40;11803088236;S
20241224;100819;104.74;30;11803088237;S
20241224;100819;104.74;240;11803088238;S
20241224;100819;104.74;20;11803088239;S
20241224;100819;104.74;30;11803088240;S
20241224;100819;104.74;60;11803088241;S
20241224;100819;104.74;30;11803088247;S
20241224;100819;104.72;70;11803088248;S
20241224;100819;104.72;40;11803088252;S
20241224;100819;104.72;40;11803088253;S
20241224;100819;104.72;50;11803088254;S
20241224;100819;104.8;20;11803088256;B
20241224;100819;104.72;170;11803088257;S
20241224;100819;104.72;110;11803088258;S
20241224;100819;104.72;40;11803088259;S
20241224;100819;104.72;100;11803088266;S
20241224;100819;104.72;90;11803088273;S
20241224;100819;104.72;20;11803088277;S
20241224;100819;104.72;70;11803088281;S
20241224;100819;104.72;40;11803088284;S
20241224;100819;104.72;90;11803088289;S
20241224;100819;104.72;20;11803088291;S
20241224;100819;104.72;10;11803088292;S
20241224;100819;104.72;100;11803088296;S
20241224;100819;104.72;140;11803088297;S
20241224;100819;104.72;130;11803088303;S
20241224;100819;104.72;50;11803088305;S
20241224;100819;104.72;350;11803088306;S
20241224;100819;104.72;180;11803088307;S
20241224;100819;104.72;160;11803088308;S
20241224;100819;104.72;230;11803088309;S
20241224;100819;104.72;280;11803088310;S
20241224;100819;104.72;40;11803088311;S
20241224;100819;104.72;10;11803088312;S
20241224;100819;104.72;110;11803088317;S
20241224;100819;104.72;110;11803088318;S
20241224;100819;104.72;70;11803088319;S
20241224;100819;104.72;20;11803088324;S
20241224;100819;104.72;10;11803088325;S
20241224;100819;104.72;10;11803088333;S
20241224;100819;104.72;40;11803088335;S
20241224;100819;104.72;40;11803088340;S
20241224;100819;104.76;20;11803088341;B
20241224;100819;104.72;60;11803088343;S
20241224;100819;104.72;60;11803088346;S
20241224;100819;104.72;50;11803088351;S
20241224;100819;104.72;40;11803088353;S
20241224;100819;104.72;120;11803088354;S
20241224;100819;104.72;90;11803088356;S
20241224;100819;104.72;10;11803088359;S
20241224;100819;104.72;20;11803088360;S
20241224;100819;104.72;40;11803088361;S
20241224;100819;104.72;40;11803088362;S
20241224;100819;104.72;40;11803088363;S
20241224;100819;104.72;90;11803088364;S
20241224;100819;104.72;60;11803088365;S
20241224;100819;104.72;100;11803088367;S
20241224;100819;104.72;60;11803088371;S
20241224;100819;104.72;80;11803088372;S
20241224;100819;104.72;20;11803088373;S
20241224;100819;104.72;120;11803088374;S
20241224;100819;104.72;180;11803088376;S
20241224;100819;104.72;80;11803088378;S
20241224;100819;104.72;690;11803088380;S
20241224;100819;104.72;90;11803088384;S
20241224;100819;104.72;40;11803088400;S
20241224;100819;104.72;50;11803088401;S
20241224;100819;104.72;80;11803088403;S
20241224;100819;104.72;10;11803088404;S
20241224;100819;104.72;100;11803088405;S
20241224;100819;104.72;20;11803088406;S
20241224;100819;104.72;10;11803088407;S
20241224;100819;104.72;180;11803088408;S
20241224;100819;104.72;40;11803088410;S
20241224;100819;104.72;140;11803088411;S
20241224;100819;104.72;60;11803088413;S
20241224;100819;104.72;170;11803088415;S
20241224;100819;104.76;10;11803088423;B
20241224;100819;104.72;80;11803088425;S
20241224;100819;104.72;40;11803088427;S
20241224;100819;104.72;40;11803088430;S
20241224;100819;104.72;200;11803088441;S
20241224;100819;104.72;100;11803088442;S
20241224;100819;104.72;100;11803088449;S
20241224;100819;104.72;20;11803088451;S
20241224;100819;104.72;90;11803088452;S
20241224;100819;104.72;10;11803088453;S
20241224;100819;104.72;90;11803088454;S
20241224;100819;104.72;130;11803088455;S
20241224;100819;104.72;50;11803088456;S
20241224;100819;104.72;40;11803088457;S
20241224;100819;104.72;120;11803088459;S
20241224;100819;104.72;20;11803088461;S
20241224;100819;104.72;2750;11803088466;S
20241224;100819;104.72;50;11803088467;S
20241224;100819;104.72;90;11803088475;S
20241224;100819;104.72;50;11803088476;S
20241224;100819;104.72;30;11803088477;S
20241224;100819;104.72;310;11803088478;S
20241224;100819;104.72;60;11803088479;S
20241224;100819;104.72;20;11803088480;S
20241224;100819;104.72;10;11803088481;S
20241224;100819;104.72;90;11803088482;S
20241224;100819;104.72;20;11803088483;S
20241224;100819;104.72;70;11803088484;S
20241224;100819;104.72;90;11803088485;S
20241224;100819;104.72;130;11803088488;S
20241224;100819;104.72;50;11803088489;S
20241224;100819;104.72;370;11803088490;S
20241224;100819;104.72;220;11803088491;S
20241224;100819;104.66;10;11803088492;S
20241224;100819;104.66;100;11803088493;S
20241224;100819;104.64;200;11803088494;S
20241224;100819;104.64;40;11803088495;S
20241224;100819;104.62;90;11803088499;S
20241224;100819;104.62;120;11803088500;S
20241224;100819;104.62;50;11803088501;S
20241224;100819;104.62;10;11803088504;S
20241224;100819;104.62;10;11803088507;S
20241224;100819;104.62;80;11803088508;S
20241224;100819;104.62;70;11803088509;S
20241224;100819;104.62;30;11803088510;S
20241224;100819;104.62;120;11803088511;S
20241224;100819;104.62;40;11803088512;S
20241224;100819;104.62;50;11803088514;S
20241224;100819;104.62;50;11803088516;S
20241224;100819;104.62;60;11803088523;S
20241224;100819;104.7;20;11803088525;B
20241224;100819;104.62;10;11803088526;S
20241224;100819;104.64;70;11803088552;S
20241224;100819;104.64;20;11803088555;S
20241224;100819;104.62;20;11803088557;S
20241224;100819;104.62;140;11803088562;S
20241224;100819;104.62;80;11803088563;S
20241224;100819;104.62;40;11803088565;S
20241224;100819;104.62;50;11803088567;S
20241224;100819;104.62;90;11803088570;S
20241224;100819;104.62;110;11803088572;S
20241224;100819;104.62;110;11803088573;S
20241224;100819;104.62;20;11803088574;S
20241224;100819;104.62;40;11803088585;S
20241224;100819;104.62;140;11803088586;S
20241224;100819;104.6;30;11803088587;S
20241224;100819;104.6;40;11803088588;S
20241224;100819;104.6;50;11803088589;S
20241224;100819;104.6;60;11803088590;S
20241224;100819;104.6;20;11803088591;S
20241224;100819;104.6;10;11803088592;S
20241224;100819;104.62;70;11803088593;S
20241224;100819;104.62;90;11803088596;S
20241224;100819;104.62;40;11803088597;S
20241224;100819;104.6;40;11803088598;S
20241224;100819;104.6;70;11803088599;S
20241224;100819;104.54;90;11803088600;S
20241224;100819;104.54;40;11803088601;S
20241224;100820;104.54;50;11803088603;S
20241224;100820;104.54;100;11803088604;S
20241224;100820;104.54;30;11803088607;S
20241224;100820;104.54;50;11803088608;S
20241224;100820;104.54;50;11803088609;S
20241224;100820;104.54;100;11803088610;S
20241224;100820;104.54;130;11803088611;S
20241224;100820;104.54;90;11803088612;S
20241224;100820;104.54;90;11803088614;S
20241224;100820;104.54;50;11803088615;S
20241224;100820;104.54;50;11803088616;S
20241224;100820;104.54;10;11803088619;S
20241224;100820;104.56;70;11803088620;S
20241224;100820;104.56;50;11803088621;S
20241224;100820;104.58;20;11803088622;S
20241224;100820;104.58;80;11803088624;S
20241224;100820;104.58;120;11803088625;S
20241224;100820;104.58;40;11803088627;S
20241224;100820;104.58;50;11803088628;S
20241224;100820;104.58;30;11803088629;S
20241224;100820;104.58;10;11803088633;S
20241224;100820;104.58;60;11803088635;S
20241224;100820;104.58;90;11803088638;S
20241224;100820;104.58;40;11803088642;S
20241224;100820;104.58;90;11803088643;S
20241224;100820;104.58;110;11803088644;S
20241224;100820;104.58;50;11803088645;S
20241224;100820;104.58;60;11803088646;S
20241224;100820;104.58;90;11803088648;S
20241224;100820;104.58;50;11803088649;S
20241224;100820;104.58;120;11803088650;S
20241224;100820;104.58;70;11803088651;S
20241224;100820;104.58;120;11803088652;S
20241224;100820;104.58;80;11803088656;S
20241224;100820;104.58;30;11803088657;S
20241224;100820;104.58;20;11803088658;S
20241224;100820;104.56;40;11803088659;S
20241224;100820;104.56;60;11803088660;S
20241224;100820;104.56;80;11803088661;S
20241224;100820;104.58;90;11803088663;S
20241224;100820;104.58;60;11803088664;S
20241224;100820;104.58;190;11803088667;S
20241224;100820;104.58;90;11803088677;S
20241224;100820;104.58;40;11803088681;S
20241224;100820;104.58;40;11803088682;S
20241224;100820;104.58;70;11803088696;S
20241224;100820;104.58;90;11803088697;S
20241224;100820;104.58;180;11803088700;S
20241224;100820;104.58;100;11803088704;S
20241224;100820;104.58;90;11803088707;S
20241224;100820;104.58;140;11803088709;S
20241224;100820;104.56;40;11803088710;S
20241224;100820;104.56;30;11803088711;S
20241224;100820;104.56;170;11803088712;S
20241224;100820;104.56;20;11803088713;S
20241224;100820;104.56;50;11803088714;S
20241224;100820;104.56;100;11803088715;S
20241224;100820;104.56;10;11803088716;S
20241224;100820;104.56;40;11803088717;S
20241224;100820;104.56;90;11803088719;S
20241224;100820;104.56;110;11803088721;S
20241224;100820;104.56;120;11803088722;S
20241224;100820;104.56;40;11803088723;S
20241224;100820;104.56;120;11803088725;S
20241224;100820;104.56;160;11803088726;S
20241224;100820;104.64;20;11803088730;B
20241224;100820;104.58;50;11803088735;S
20241224;100820;104.58;170;11803088736;S
20241224;100820;104.52;10;11803088737;S
20241224;100820;104.54;40;11803088741;S
20241224;100820;104.64;10;11803088744;B
20241224;100820;104.54;140;11803088745;S
20241224;100820;104.56;80;11803088750;S
20241224;100820;104.56;180;11803088751;S
20241224;100820;104.56;90;11803088752;S
20241224;100820;104.56;120;11803088753;S
20241224;100820;104.56;70;11803088754;S
20241224;100820;104.56;90;11803088757;S
20241224;100820;104.56;50;11803088760;S
20241224;100820;104.54;40;11803088762;S
20241224;100820;104.56;60;11803088777;S
20241224;100820;104.56;80;11803088787;S
20241224;100820;104.56;60;11803088792;S
20241224;100820;104.56;290;11803088795;S
20241224;100820;104.56;40;11803088797;S
20241224;100820;104.56;100;11803088806;S
20241224;100820;104.54;100;11803088812;S
20241224;100820;104.54;80;11803088813;S
20241224;100820;104.54;80;11803088814;S
20241224;100820;104.54;100;11803088815;S
20241224;100820;104.54;40;11803088816;S
20241224;100820;104.66;20;11803088826;B
20241224;100820;104.62;50;11803088831;S
20241224;100820;104.62;10;11803088837;S
20241224;100820;104.62;10;11803088848;S
20241224;100820;104.62;10;11803088853;S
20241224;100820;104.62;60;11803088855;S
20241224;100820;104.62;20;11803088857;S
20241224;100820;104.68;200;11803088861;B
20241224;100820;104.7;180;11803088862;B
20241224;100820;104.7;1620;11803088863;B
20241224;100820;104.64;40;11803088864;S
20241224;100820;104.56;40;11803088866;S
20241224;100820;104.6;60;11803088867;S
20241224;100820;104.6;30;11803088868;S
20241224;100820;104.58;290;11803088871;S
20241224;100820;104.58;90;11803088872;S
20241224;100820;104.58;40;11803088873;S
20241224;100820;104.56;40;11803088874;S
20241224;100820;104.56;50;11803088875;S
20241224;100820;104.56;20;11803088876;S
20241224;100820;104.56;50;11803088881;S
20241224;100820;104.56;80;11803088882;S
20241224;100820;104.56;20;11803088883;S
20241224;100820;104.56;40;11803088885;S
20241224;100820;104.56;320;11803088887;S
20241224;100820;104.56;80;11803088901;S
20241224;100820;104.56;10;11803088902;S
20241224;100820;104.56;90;11803088908;S
20241224;100820;104.56;90;11803088911;S
20241224;100820;104.56;130;11803088913;S
20241224;100820;104.56;10;11803088914;S
20241224;100820;104.56;10;11803088915;S
20241224;100820;104.56;170;11803088916;S
20241224;100820;104.56;10;11803088920;S
20241224;100820;104.68;20;11803088927;B
20241224;100820;104.6;80;11803088929;S
20241224;100820;104.58;90;11803088931;S
20241224;100820;104.56;40;11803088932;S
20241224;100820;104.56;90;11803088949;S
20241224;100820;104.56;90;11803088956;S
20241224;100820;104.56;70;11803088960;S
20241224;100820;104.56;80;11803088972;S
20241224;100820;104.56;10;11803088973;S
20241224;100820;104.56;130;11803088976;S
20241224;100820;104.56;60;11803088993;S
20241224;100820;104.56;70;11803088994;S
20241224;100820;104.56;120;11803088995;S
20241224;100820;104.64;10;11803089004;B
20241224;100820;104.62;30;11803089019;S
20241224;100820;104.56;40;11803089021;S
20241224;100820;104.56;70;11803089024;S
20241224;100820;104.58;10;11803089025;S
20241224;100820;104.58;40;11803089027;S
20241224;100820;104.56;90;11803089028;S
20241224;100820;104.62;100;11803089030;S
20241224;100820;104.58;10;11803089033;S
20241224;100820;104.6;90;11803089043;S
20241224;100820;104.6;60;11803089044;S
20241224;100820;104.6;40;11803089045;S
20241224;100820;104.6;60;11803089046;S
20241224;100820;104.58;10;11803089050;S
20241224;100820;104.56;30;11803089051;S
20241224;100820;104.56;180;11803089052;S
20241224;100820;104.6;100;11803089057;S
20241224;100820;104.66;10;11803089063;B
20241224;100820;104.62;80;11803089106;S
20241224;100820;104.64;110;11803089121;S
20241224;100820;104.62;60;11803089122;S
20241224;100820;104.6;260;11803089123;S
20241224;100820;104.6;40;11803089124;S
20241224;100820;104.56;30;11803089125;S
20241224;100820;104.56;580;11803089128;S
20241224;100820;104.56;50;11803089144;S
20241224;100820;104.66;20;11803089150;B
20241224;100820;104.6;140;11803089156;S
20241224;100820;104.56;280;11803089196;S
20241224;100821;104.58;50;11803089204;S
20241224;100821;104.58;170;11803089208;S
20241224;100821;104.58;10;11803089209;S
20241224;100821;104.58;110;11803089210;S
20241224;100821;104.58;90;11803089211;S
20241224;100821;104.56;10;11803089213;S
20241224;100821;104.54;70;11803089215;S
20241224;100821;104.54;40;11803089218;S
20241224;100821;104.56;10;11803089220;S
20241224;100821;104.66;120;11803089234;B
20241224;100821;104.6;40;11803089238;S
20241224;100821;104.6;40;11803089239;S
20241224;100821;104.58;70;11803089241;S
20241224;100821;104.58;40;11803089243;S
20241224;100821;104.58;210;11803089244;S
20241224;100821;104.56;40;11803089245;S
20241224;100821;104.56;90;11803089246;S
20241224;100821;104.56;30;11803089248;S
20241224;100821;104.56;40;11803089249;S
20241224;100821;104.56;150;11803089272;S
20241224;100821;104.56;170;11803089274;S
20241224;100821;104.56;90;11803089283;S
20241224;100821;104.56;200;11803089284;S
20241224;100821;104.56;50;11803089285;S
20241224;100821;104.56;90;11803089286;S
20241224;100821;104.56;10;11803089287;S
20241224;100821;104.56;60;11803089288;S
20241224;100821;104.66;20;11803089300;B
20241224;100821;104.6;90;11803089303;S
20241224;100821;104.54;100;11803089306;S
20241224;100821;104.54;60;11803089310;S
20241224;100821;104.54;130;11803089311;S
20241224;100821;104.54;40;11803089324;S
20241224;100821;104.54;90;11803089325;S
20241224;100821;104.54;90;11803089328;S
20241224;100821;104.54;180;11803089333;S
20241224;100821;104.54;40;11803089334;S
20241224;100821;104.54;40;11803089335;S
20241224;100821;104.54;10;11803089336;S
20241224;100821;104.54;140;11803089345;S
20241224;100821;104.64;20;11803089353;B
20241224;100821;104.58;40;11803089354;S
20241224;100821;104.6;60;11803089366;S
20241224;100821;104.6;70;11803089371;S
20241224;100821;104.6;10;11803089379;S
20241224;100821;104.6;120;11803089381;S
20241224;100821;104.66;10;11803089387;B
20241224;100821;104.66;190;11803089401;B
20241224;100821;104.68;200;11803089402;B
20241224;100821;104.68;1520;11803089403;B
20241224;100821;104.62;10;11803089408;S
20241224;100821;104.7;20;11803089413;B
20241224;100821;104.72;10;11803089493;B
20241224;100821;104.64;10;11803089562;S
20241224;100821;104.72;10;11803089568;B
20241224;100821;104.64;10;11803089581;S
20241224;100821;104.72;10;11803089629;B
20241224;100822;104.64;10;11803089653;S
20241224;100822;104.72;20;11803089669;B
20241224;100822;104.64;10;11803089681;S
20241224;100822;104.62;170;11803089688;S
20241224;100822;104.62;10;11803089699;S
20241224;100822;104.7;20;11803089713;B
20241224;100822;104.7;20;11803089792;B
20241224;100822;104.7;20;11803089854;B
20241224;100822;104.7;20;11803089925;B
20241224;100822;104.7;10;11803089964;B
20241224;100822;104.7;20;11803089998;B
20241224;100823;104.7;20;11803090044;B
20241224;100823;104.7;20;11803090089;B
20241224;100823;104.7;20;11803090153;B
20241224;100823;104.7;10;11803090214;B
20241224;100823;104.7;20;11803090267;B
20241224;100823;104.7;20;11803090333;B
20241224;100824;104.7;10;11803090389;B
20241224;100824;104.7;20;11803090426;B
20241224;100824;104.7;20;11803090565;B
20241224;100824;104.7;20;11803090629;B
20241224;100824;104.7;10;11803090677;B
20241224;100824;104.7;20;11803090722;B
20241224;100824;104.7;20;11803090766;B
20241224;100825;104.7;20;11803090826;B
20241224;100825;104.7;20;11803090853;B
20241224;100825;104.7;20;11803090900;B
20241224;100825;104.7;10;11803090939;B
20241224;100825;104.72;150;11803090991;B
20241224;100825;104.72;170;11803090992;B
20241224;100825;104.72;20;11803091037;B
20241224;100825;104.72;20;11803091093;B
20241224;100826;104.72;520;11803091143;B
20241224;100826;104.72;700;11803091187;B
20241224;100826;104.7;10;11803091193;S
20241224;100826;104.76;20;11803091245;B
20241224;100826;104.78;20;11803091324;B
20241224;100826;104.78;20;11803091380;B
20241224;100826;104.78;20;11803091443;B
20241224;100826;104.78;20;11803091527;B
20241224;100827;104.78;10;11803091565;B
20241224;100827;104.76;10;11803091619;B
20241224;100827;104.76;20;11803091650;B
20241224;100827;104.76;20;11803091685;B
20241224;100827;104.72;140;11803091713;S
20241224;100827;104.7;560;11803091714;S
20241224;100827;104.74;10;11803091742;B
20241224;100827;104.74;10;11803091786;B
20241224;100827;104.74;10;11803091806;B
20241224;100828;104.74;20;11803091868;B
20241224;100828;104.74;10;11803091930;B
20241224;100828;104.74;20;11803091971;B
20241224;100828;104.74;20;11803092033;B
20241224;100828;104.74;20;11803092094;B
20241224;100828;104.74;20;11803092136;B
20241224;100828;104.74;20;11803092188;B
20241224;100828;104.74;10;11803092219;B
20241224;100828;104.74;20;11803092314;B
20241224;100829;104.7;50;11803092340;S
20241224;100829;104.68;20;11803092341;S
20241224;100829;104.74;20;11803092348;B
20241224;100829;104.72;20;11803092414;B
20241224;100829;104.72;50;11803092450;B
20241224;100829;104.72;20;11803092465;B
20241224;100829;104.72;20;11803092511;B
20241224;100829;104.72;10;11803092551;B
20241224;100829;104.66;180;11803092554;S
20241224;100829;104.72;20;11803092591;B
20241224;100829;104.72;20;11803092630;B
20241224;100830;104.66;190;11803092667;S
20241224;100830;104.72;20;11803092675;B
20241224;100830;104.64;10;11803092678;S
20241224;100830;104.62;10;11803092679;S
20241224;100830;104.62;90;11803092680;S
20241224;100830;104.64;40;11803092687;S
20241224;100830;104.64;70;11803092689;S
20241224;100830;104.64;40;11803092694;S
20241224;100830;104.64;40;11803092699;S
20241224;100830;104.62;100;11803092704;S
20241224;100830;104.62;40;11803092705;S
20241224;100830;104.62;60;11803092707;S
20241224;100830;104.6;70;11803092708;S
20241224;100830;104.6;110;11803092710;S
20241224;100830;104.62;510;11803092713;S
20241224;100830;104.6;60;11803092714;S
20241224;100830;104.62;40;11803092717;S
20241224;100830;104.62;350;11803092720;S
20241224;100830;104.64;680;11803092722;S
20241224;100830;104.62;2050;11803092723;S
20241224;100830;104.62;120;11803092724;S
20241224;100830;104.62;50;11803092725;S
20241224;100830;104.62;50;11803092726;S
20241224;100830;104.6;50;11803092727;S
20241224;100830;104.6;50;11803092728;S
20241224;100830;104.6;60;11803092729;S
20241224;100830;104.6;40;11803092730;S
20241224;100830;104.6;80;11803092731;S
20241224;100830;104.6;40;11803092732;S
20241224;100830;104.6;150;11803092733;S
20241224;100830;104.6;50;11803092734;S
20241224;100830;104.6;240;11803092738;S
20241224;100830;104.6;120;11803092741;S
20241224;100830;104.6;70;11803092742;S
20241224;100830;104.6;40;11803092744;S
20241224;100830;104.6;70;11803092745;S
20241224;100830;104.7;20;11803092747;B
20241224;100830;104.62;40;11803092748;S
20241224;100830;104.6;90;11803092749;S
20241224;100830;104.6;50;11803092761;S
20241224;100830;104.6;90;11803092767;S
20241224;100830;104.6;110;11803092769;S
20241224;100830;104.6;40;11803092771;S
20241224;100830;104.6;90;11803092773;S
20241224;100830;104.6;40;11803092774;S
20241224;100830;104.6;100;11803092776;S
20241224;100830;104.6;60;11803092779;S
20241224;100830;104.6;60;11803092780;S
20241224;100830;104.6;130;11803092783;S
20241224;100830;104.6;130;11803092784;S
20241224;100830;104.6;40;11803092787;S
20241224;100830;104.6;100;11803092790;S
20241224;100830;104.6;280;11803092792;S
20241224;100830;104.6;140;11803092793;S
20241224;100830;104.6;40;11803092796;S
20241224;100830;104.6;120;11803092797;S
20241224;100830;104.6;40;11803092798;S
20241224;100830;104.6;90;11803092799;S
20241224;100830;104.6;90;11803092801;S
20241224;100830;104.6;50;11803092807;S
20241224;100830;104.6;40;11803092810;S
20241224;100830;104.6;130;11803092813;S
20241224;100830;104.6;40;11803092814;S
20241224;100830;104.6;90;11803092815;S
20241224;100830;104.6;50;11803092817;S
20241224;100830;104.6;110;11803092818;S
20241224;100830;104.6;80;11803092819;S
20241224;100830;104.6;40;11803092824;S
20241224;100830;104.6;50;11803092826;S
20241224;100830;104.6;80;11803092827;S
20241224;100830;104.6;90;11803092829;S
20241224;100830;104.6;50;11803092830;S
20241224;100830;104.6;70;11803092831;S
20241224;100830;104.6;50;11803092834;S
20241224;100830;104.6;60;11803092839;S
20241224;100830;104.6;170;11803092841;S
20241224;100830;104.6;100;11803092845;S
20241224;100830;104.6;50;11803092851;S
20241224;100830;104.6;50;11803092852;S
20241224;100830;104.6;60;11803092853;S
20241224;100830;104.6;50;11803092854;S
20241224;100830;104.6;60;11803092855;S
20241224;100830;104.6;50;11803092856;S
20241224;100830;104.6;90;11803092857;S
20241224;100830;104.6;80;11803092861;S
20241224;100830;104.6;90;11803092866;S
20241224;100830;104.6;40;11803092872;S
20241224;100830;104.6;130;11803092876;S
20241224;100830;104.6;40;11803092877;S
20241224;100830;104.6;150;11803092878;S
20241224;100830;104.6;40;11803092886;S
20241224;100830;104.6;40;11803092887;S
20241224;100830;104.6;90;11803092891;S
20241224;100830;104.6;40;11803092897;S
20241224;100830;104.6;60;11803092902;S
20241224;100830;104.6;80;11803092903;S
20241224;100830;104.68;20;11803092904;B
20241224;100830;104.6;40;11803092905;S
20241224;100830;104.6;80;11803092906;S
20241224;100830;104.6;40;11803092908;S
20241224;100830;104.6;50;11803092909;S
20241224;100830;104.6;60;11803092912;S
20241224;100830;104.6;80;11803092919;S
20241224;100830;104.6;50;11803092922;S
20241224;100830;104.6;60;11803092924;S
20241224;100830;104.6;90;11803092925;S
20241224;100830;104.6;100;11803092927;S
20241224;100830;104.6;90;11803092930;S
20241224;100830;104.6;170;11803092932;S
20241224;100830;104.6;50;11803092935;S
20241224;100830;104.6;80;11803092939;S
20241224;100830;104.6;40;11803092940;S
20241224;100830;104.6;120;11803092943;S
20241224;100830;104.6;130;11803092946;S
20241224;100830;104.6;60;11803092947;S
20241224;100830;104.6;140;11803092950;S
20241224;100830;104.6;210;11803092953;S
20241224;100830;104.6;90;11803092956;S
20241224;100830;104.6;40;11803092958;S
20241224;100830;104.6;70;11803092959;S
20241224;100830;104.6;80;11803092960;S
20241224;100830;104.6;90;11803092961;S
20241224;100830;104.6;40;11803092962;S
20241224;100830;104.6;130;11803092963;S
20241224;100830;104.6;80;11803092964;S
20241224;100830;104.6;80;11803092966;S
20241224;100830;104.6;50;11803092967;S
20241224;100830;104.6;40;11803092968;S
20241224;100830;104.6;50;11803092969;S
20241224;100830;104.6;90;11803092970;S
20241224;100830;104.6;170;11803092972;S
20241224;100830;104.6;110;11803092973;S
20241224;100830;104.6;220;11803092974;S
20241224;100830;104.6;40;11803092976;S
20241224;100830;104.6;50;11803092977;S
20241224;100830;104.6;40;11803092978;S
20241224;100830;104.6;50;11803092979;S
20241224;100830;104.6;200;11803092980;S
20241224;100830;104.6;130;11803092981;S
20241224;100830;104.6;680;11803092982;S
20241224;100830;104.6;70;11803092983;S
20241224;100830;104.6;110;11803092984;S
20241224;100830;104.6;40;11803092985;S
20241224;100830;104.6;40;11803092986;S
20241224;100830;104.6;90;11803092987;S
20241224;100830;104.6;80;11803092990;S
20241224;100830;104.6;130;11803092991;S
20241224;100830;104.6;50;11803092992;S
20241224;100830;104.6;50;11803092993;S
20241224;100830;104.6;90;11803092994;S
20241224;100830;104.6;40;11803093003;S
20241224;100830;104.6;40;11803093005;S
20241224;100830;104.68;10;11803093006;B
20241224;100830;104.6;40;11803093007;S
20241224;100830;104.6;40;11803093011;S
20241224;100830;104.6;90;11803093015;S
20241224;100830;104.6;50;11803093024;S
20241224;100830;104.6;40;11803093031;S
20241224;100830;104.6;40;11803093032;S
20241224;100830;104.6;40;11803093039;S
20241224;100830;104.6;40;11803093046;S
20241224;100830;104.6;260;11803093047;S
20241224;100830;104.6;60;11803093049;S
20241224;100830;104.6;50;11803093050;S
20241224;100830;104.6;130;11803093051;S
20241224;100830;104.6;50;11803093053;S
20241224;100830;104.6;130;11803093054;S
20241224;100830;104.6;310;11803093055;S
20241224;100830;104.6;50;11803093056;S
20241224;100830;104.6;80;11803093058;S
20241224;100830;104.6;90;11803093059;S
20241224;100830;104.6;40;11803093060;S
20241224;100830;104.6;130;11803093061;S
20241224;100830;104.6;60;11803093062;S
20241224;100830;104.6;60;11803093063;S
20241224;100830;104.6;130;11803093070;S
20241224;100830;104.6;40;11803093072;S
20241224;100830;104.6;290;11803093073;S
20241224;100830;104.6;90;11803093075;S
20241224;100830;104.6;50;11803093076;S
20241224;100830;104.6;100;11803093081;S
20241224;100830;104.6;50;11803093082;S
20241224;100830;104.6;60;11803093085;S
20241224;100830;104.6;90;11803093097;S
20241224;100830;104.68;20;11803093098;B
20241224;100830;104.6;90;11803093099;S
20241224;100830;104.6;70;11803093100;S
20241224;100830;104.6;40;11803093101;S
20241224;100830;104.6;40;11803093102;S
20241224;100830;104.6;70;11803093103;S
20241224;100830;104.6;50;11803093106;S
20241224;100830;104.6;80;11803093108;S
20241224;100830;104.6;60;11803093111;S
20241224;100830;104.6;50;11803093112;S
20241224;100830;104.6;60;11803093113;S
20241224;100830;104.6;40;11803093117;S
20241224;100830;104.6;70;11803093119;S
20241224;100830;104.6;60;11803093120;S
20241224;100830;104.6;50;11803093121;S
20241224;100830;104.6;180;11803093122;S
20241224;100830;104.6;60;11803093125;S
20241224;100830;104.6;80;11803093126;S
20241224;100830;104.6;50;11803093128;S
20241224;100830;104.6;90;11803093130;S
20241224;100830;104.6;50;11803093131;S
20241224;100830;104.6;40;11803093134;S
20241224;100830;104.6;180;11803093137;S
20241224;100830;104.6;40;11803093140;S
20241224;100830;104.6;110;11803093143;S
20241224;100830;104.6;160;11803093145;S
20241224;100830;104.6;90;11803093146;S
20241224;100830;104.6;60;11803093147;S
20241224;100830;104.6;100;11803093154;S
20241224;100830;104.6;70;11803093157;S
20241224;100830;104.6;80;11803093158;S
20241224;100830;104.6;40;11803093162;S
20241224;100830;104.6;40;11803093164;S
20241224;100830;104.6;40;11803093166;S
20241224;100830;104.6;40;11803093167;S
20241224;100830;104.6;60;11803093168;S
20241224;100830;104.6;60;11803093170;S
20241224;100830;104.6;80;11803093171;S
20241224;100830;104.6;40;11803093175;S
20241224;100830;104.6;40;11803093176;S
20241224;100830;104.6;170;11803093178;S
20241224;100830;104.6;340;11803093180;S
20241224;100830;104.6;90;11803093181;S
20241224;100830;104.68;20;11803093183;B
20241224;100830;104.6;40;11803093184;S
20241224;100830;104.6;50;11803093186;S
20241224;100830;104.6;50;11803093188;S
20241224;100830;104.6;60;11803093189;S
20241224;100830;104.6;40;11803093191;S
20241224;100830;104.6;70;11803093199;S
20241224;100830;104.6;50;11803093201;S
20241224;100830;104.6;40;11803093205;S
20241224;100830;104.6;50;11803093206;S
20241224;100830;104.6;50;11803093208;S
20241224;100830;104.6;40;11803093210;S
20241224;100830;104.6;180;11803093213;S
20241224;100830;104.6;50;11803093214;S
20241224;100830;104.6;90;11803093219;S
20241224;100830;104.6;40;11803093221;S
20241224;100830;104.6;170;11803093223;S
20241224;100830;104.6;130;11803093224;S
20241224;100830;104.6;40;11803093228;S
20241224;100830;104.6;90;11803093229;S
20241224;100830;104.6;40;11803093231;S
20241224;100830;104.6;170;11803093232;S
20241224;100830;104.6;170;11803093234;S
20241224;100830;104.6;110;11803093235;S
20241224;100830;104.6;50;11803093236;S
20241224;100830;104.6;180;11803093237;S
20241224;100830;104.6;40;11803093238;S
20241224;100830;104.6;40;11803093239;S
20241224;100830;104.6;120;11803093240;S
20241224;100830;104.6;70;11803093242;S
20241224;100830;104.54;60;11803093243;S
20241224;100830;104.54;80;11803093244;S
20241224;100830;104.54;80;11803093247;S
20241224;100830;104.54;60;11803093248;S
20241224;100830;104.54;80;11803093250;S
20241224;100830;104.54;40;11803093251;S
20241224;100830;104.54;80;11803093252;S
20241224;100830;104.54;70;11803093259;S
20241224;100830;104.54;40;11803093261;S
20241224;100830;104.54;120;11803093266;S
