<DATE>;<TIME>;<LAST>;<VOL>;<ID>;<OPER>
20240506;095947;154.4;10;10278925201;S
20240506;095947;154.4;10;10278925202;B
20240506;095947;154.4;180;10278925203;B
20240506;095947;154.4;10;10278925204;B
20240506;095947;154.4;20;10278925205;B
20240506;095947;154.4;10;10278925206;B
20240506;095947;154.4;10;10278925207;B
20240506;095947;154.4;10;10278925208;B
20240506;095947;154.4;30;10278925209;B
20240506;095947;154.4;500;10278925210;B
20240506;095947;154.4;50;10278925211;S
20240506;095947;154.4;20;10278925212;S
20240506;095947;154.4;30;10278925213;B
20240506;095947;154.4;1120;10278925214;B
20240506;095947;154.4;380;10278925215;B
20240506;095947;154.4;10;10278925216;S
20240506;095947;154.4;30;10278925217;B
20240506;095947;154.4;10;10278925218;B
20240506;095947;154.4;60;10278925219;B
20240506;095947;154.4;10;10278925220;B
20240506;095947;154.4;40;10278925221;B
20240506;095947;154.4;20;10278925222;B
20240506;095947;154.4;940;10278925223;B
20240506;095947;154.4;20;10278925224;S
20240506;095947;154.4;200;10278925225;B
20240506;095947;154.4;50;10278925226;S
20240506;095947;154.4;10;10278925227;B
20240506;095947;154.4;50;10278925228;S
20240506;095947;154.4;30;10278925229;S
20240506;095947;154.4;200;10278925230;S
20240506;095947;154.4;200;10278925231;S
20240506;095947;154.4;10;10278925232;S
20240506;095947;154.4;190;10278925233;S
20240506;095947;154.4;100;10278925234;S
20240506;095947;154.4;20;10278925235;S
20240506;095947;154.4;10;10278925236;S
20240506;095947;154.4;10;10278925237;S
20240506;095947;154.4;20;10278925238;S
20240506;095947;154.4;20;10278925239;B
20240506;095947;154.4;10;10278925240;B
20240506;095947;154.4;30;10278925241;B
20240506;095947;154.4;10;10278925242;B
20240506;095947;154.4;10;10278925243;B
20240506;095947;154.4;10;10278925244;B
20240506;095947;154.4;70;10278925245;B
20240506;095947;154.4;10;10278925246;B
20240506;095947;154.4;10;10278925247;B
20240506;095947;154.4;100;10278925248;B
20240506;095947;154.4;10;10278925249;B
20240506;095947;154.4;10;10278925250;B
20240506;095947;154.4;10;10278925251;B
20240506;095947;154.4;10;10278925252;B
20240506;095947;154.4;10;10278925253;B
20240506;095947;154.4;10;10278925254;B
20240506;095947;154.4;20;10278925255;B
20240506;095947;154.4;10;10278925256;B
20240506;095947;154.4;10;10278925257;B
20240506;095947;154.4;10;10278925258;B
20240506;095947;154.4;10;10278925259;B
20240506;095947;154.4;10;10278925260;S
20240506;095947;154.4;10;10278925261;B
20240506;095947;154.4;10;10278925262;B
20240506;095947;154.4;30;10278925263;B
20240506;095947;154.4;50;10278925264;B
20240506;095947;154.4;500;10278925265;B
20240506;095947;154.4;10;10278925266;B
20240506;095947;154.4;30;10278925267;B
20240506;100004;154.42;10;10278933243;B
20240506;100004;154.42;20;10278933248;B
20240506;100004;154.42;30;10278933249;B
20240506;100004;154.42;30;10278933250;B
20240506;100004;154.42;30;10278933251;B
20240506;100004;154.42;30;10278933252;B
20240506;100004;154.44;130;10278933253;B
20240506;100004;154.46;30;10278933254;B
20240506;100004;154.46;10;10278933255;B
20240506;100004;154.48;10;10278933261;B
20240506;100004;154.4;450;10278933453;S
20240506;100005;154.48;10;10278934215;B
20240506;100005;154.48;10;10278934223;B
20240506;100005;154.48;10;10278934228;B
20240506;100005;154.48;10;10278934234;B
20240506;100005;154.4;10;10278934444;S
20240506;100005;154.48;10;10278934449;B
20240506;100005;154.48;40;10278934456;B
20240506;100005;154.48;10;10278934457;B
20240506;100005;154.48;60;10278934459;B
20240506;100005;154.48;10;10278934463;B
20240506;100005;154.48;10;10278934467;B
20240506;100005;154.48;50;10278934481;B
20240506;100005;154.48;10;10278934485;B
20240506;100005;154.4;100;10278934493;S
20240506;100005;154.48;10;10278934496;B
20240506;100005;154.42;100;10278934511;S
20240506;100005;154.46;10;10278934689;B
20240506;100005;154.42;10;10278934692;S
20240506;100005;154.46;90;10278935973;B
20240506;100005;154.46;10;10278935974;B
20240506;100006;154.46;10;10278937493;B
20240506;100006;154.46;30;10278937494;B
20240506;100006;154.46;20;10278937500;B
20240506;100006;154.48;40;10278937501;B
20240506;100006;154.48;10;10278937536;B
20240506;100006;154.48;10;10278937550;B
20240506;100006;154.48;10;10278937559;B
20240506;100006;154.48;10;10278937679;B
20240506;100006;154.48;10;10278937702;B
20240506;100006;154.48;10;10278937744;B
20240506;100006;154.48;10;10278937756;B
20240506;100006;154.48;10;10278937768;B
20240506;100006;154.48;10;10278937785;B
20240506;100006;154.42;50;10278937800;S
20240506;100006;154.4;650;10278937801;S
20240506;100006;154.4;20;10278939018;S
20240506;100006;154.44;10;10278939027;B
20240506;100006;154.44;10;10278939382;B
20240506;100006;154.4;40;10278939390;S
20240506;100006;154.4;10;10278939394;S
20240506;100006;154.4;10;10278939402;S
20240506;100006;154.44;10;10278939406;B
20240506;100006;154.44;20;10278939412;B
20240506;100006;154.46;10;10278939413;B
20240506;100006;154.44;20;10278939421;B
20240506;100006;154.44;10;10278939424;B
20240506;100007;154.44;10;10278940276;B
20240506;100007;154.44;10;10278940280;B
20240506;100007;154.44;10;10278941148;B
20240506;100007;154.44;10;10278941150;B
20240506;100007;154.44;10;10278941151;B
20240506;100007;154.44;10;10278941301;B
20240506;100007;154.44;10;10278941305;B
20240506;100007;154.46;40;10278941306;B
20240506;100007;154.46;50;10278941307;B
20240506;100007;154.46;90;10278941308;B
20240506;100007;154.46;10;10278941310;B
20240506;100007;154.46;30;10278941311;B
20240506;100007;154.48;50;10278941312;B
20240506;100007;154.48;10;10278941314;B
20240506;100008;154.48;10;10278942547;B
20240506;100008;154.48;20;10278942559;B
20240506;100008;154.48;10;10278942566;B
20240506;100008;154.48;10;10278942584;B
20240506;100008;154.48;20;10278942601;B
20240506;100008;154.48;30;10278942609;B
20240506;100008;154.42;10;10278942619;S
20240506;100008;154.42;100;10278942940;S
20240506;100008;154.42;10;10278942942;S
20240506;100008;154.48;20;10278942943;B
20240506;100008;154.44;50;10278943664;B
20240506;100008;154.46;10;10278943666;B
20240506;100008;154.46;10;10278943670;B
20240506;100008;154.46;10;10278943671;B
20240506;100009;154.44;10;10278944364;B
20240506;100009;154.44;20;10278944368;B
20240506;100009;154.44;10;10278944719;B
20240506;100009;154.4;120;10278944720;S
20240506;100009;154.4;10;10278944721;S
20240506;100009;154.4;10;10278944722;S
20240506;100009;154.4;10;10278944723;S
20240506;100009;154.44;10;10278944727;B
20240506;100010;154.44;10;10278945349;B
20240506;100010;154.44;10;10278945350;B
20240506;100010;154.4;100;10278945986;S
20240506;100010;154.44;10;10278946041;B
20240506;100010;154.44;10;10278946045;B
20240506;100010;154.44;10;10278946055;B
20240506;100010;154.4;50;10278946062;S
20240506;100010;154.44;20;10278946065;B
20240506;100010;154.44;10;10278946275;B
20240506;100010;154.46;50;10278946276;B
20240506;100010;154.44;10;10278946484;B
20240506;100011;154.4;270;10278947159;S
20240506;100011;154.44;10;10278947167;B
20240506;100011;154.44;10;10278947257;B
20240506;100018;154.4;10;10278949100;S
20240506;100021;154.44;20;10278950288;B
20240506;100021;154.46;40;10278950289;B
20240506;100021;154.46;50;10278950290;B
20240506;100021;154.46;80;10278950291;B
20240506;100023;154.46;10;10278950810;B
20240506;100023;154.48;40;10278950811;B
20240506;100023;154.4;40;10278950909;S
20240506;100023;154.38;30;10278950910;S
20240506;100023;154.36;90;10278950911;S
20240506;100023;154.34;160;10278950912;S
20240506;100023;154.32;10;10278950913;S
20240506;100023;154.3;390;10278950914;S
20240506;100023;154.3;20;10278950915;S
20240506;100023;154.28;10;10278950916;S
20240506;100023;154.28;10;10278950917;S
20240506;100023;154.28;10;10278950918;S
20240506;100023;154.28;10;10278950919;S
20240506;100023;154.28;200;10278950920;S
20240506;100023;154.28;10;10278950921;S
20240506;100023;154.28;10;10278950922;S
20240506;100023;154.26;50;10278950923;S
20240506;100023;154.24;50;10278950924;S
20240506;100023;154.22;50;10278950925;S
20240506;100023;154.2;10;10278950926;S
20240506;100023;154.2;10;10278950927;S
20240506;100023;154.2;30;10278950928;S
20240506;100025;154.22;10;10278951386;B
20240506;100025;154.28;50;10278951396;B
20240506;100025;154.3;160;10278951397;B
20240506;100025;154.3;50;10278951398;B
20240506;100025;154.42;50;10278951405;B
20240506;100025;154.44;1300;10278951408;B
20240506;100025;154.46;100;10278951409;B
20240506;100025;154.48;1500;10278951410;B
20240506;100025;154.48;60;10278951411;B
20240506;100025;154.48;100;10278951412;B
20240506;100025;154.48;60;10278951413;B
20240506;100025;154.48;30;10278951414;B
20240506;100025;154.48;100;10278951415;B
20240506;100025;154.46;70;10278951424;S
20240506;100027;154.46;90;10278952088;S
20240506;100027;154.42;50;10278952089;S
20240506;100027;154.42;10000;10278952090;S
20240506;100027;154.42;140;10278952091;S
20240506;100027;154.4;50;10278952092;S
20240506;100027;154.4;160;10278952093;S
20240506;100027;154.38;50;10278952094;S
20240506;100027;154.36;50;10278952095;S
20240506;100027;154.34;50;10278952096;S
20240506;100027;154.32;50;10278952097;S
20240506;100027;154.3;50;10278952098;S
20240506;100027;154.28;50;10278952099;S
20240506;100027;154.26;50;10278952100;S
20240506;100027;154.24;50;10278952101;S
20240506;100027;154.16;50;10278952102;S
20240506;100027;154.16;1300;10278952103;S
20240506;100027;154.16;3870;10278952104;S
20240506;100027;154.26;50;10278952200;B
20240506;100027;154.26;160;10278952201;B
20240506;100027;154.26;90;10278952202;B
20240506;100031;154.14;30;10278953162;S
20240506;100031;154.08;160;10278953163;S
20240506;100040;154.08;30;10278955643;B
20240506;100046;154.02;10;10278957390;S
20240506;100052;154.04;20;10278959137;B
20240506;100054;154.04;30;10278959518;B
20240506;100056;154.02;10;10278959904;S
20240506;100056;154.02;20;10278959905;S
20240506;100056;154.04;10;10278960051;B
20240506;100100;154.04;40;10278960884;B
20240506;100100;154.06;60;10278960885;B
20240506;100100;154.04;50;10278961286;B
20240506;100100;154.06;440;10278961287;B
20240506;100102;154.02;10;10278961718;S
20240506;100102;154.02;10;10278961719;S
20240506;100110;154.04;20;10278963593;B
20240506;100112;154.04;30;10278963807;B
20240506;100112;154.06;560;10278963808;B
20240506;100112;154.02;10;10278963901;S
20240506;100112;154.02;30;10278963939;S
20240506;100112;154.04;50;10278963940;B
20240506;100112;154.06;50;10278963941;B
20240506;100113;154.04;10;10278964104;S
20240506;100113;154.02;190;10278964105;S
20240506;100114;154.04;50;10278964278;B
20240506;100114;154.06;9680;10278964279;B
20240506;100123;154.04;10;10278966160;S
20240506;100123;154.04;190;10278966161;S
20240506;100124;154.04;210;10278966440;S
20240506;100127;154.06;70;10278967321;B
20240506;100130;154.04;100;10278967820;S
20240506;100130;154.06;790;10278967905;B
20240506;100130;154.08;10;10278967906;B
20240506;100133;154.04;50;10278968519;S
20240506;100133;154.02;50;10278968520;S
20240506;100137;154.06;40;10278969331;B
20240506;100137;154.06;10;10278969381;B
20240506;100142;154.04;100;10278970742;S
20240506;100142;154.04;20;10278970756;S
20240506;100143;154.04;10;10278971063;S
20240506;100144;154.04;70;10278971128;S
20240506;100144;154.02;180;10278971129;S
20240506;100144;154.02;190;10278971130;S
20240506;100144;154.02;160;10278971131;S
20240506;100144;154;30;10278971132;S
20240506;100144;154;40;10278971295;S
20240506;100145;154;300;10278971404;S
20240506;100145;154.02;120;10278971479;B
20240506;100153;154.02;10;10278973383;B
20240506;100153;154;1630;10278973389;S
20240506;100153;154;10;10278973390;S
20240506;100153;154;10;10278973391;S
20240506;100153;154;40;10278973392;S
20240506;100153;154;10;10278973393;S
20240506;100153;154;30;10278973394;S
20240506;100153;154;20;10278973395;S
20240506;100153;154;10;10278973396;S
20240506;100153;154;20;10278973397;S
20240506;100153;154;20;10278973398;S
20240506;100153;154;100;10278973399;S
20240506;100153;154;30;10278973400;S
20240506;100153;154;10;10278973401;S
20240506;100153;154;10;10278973402;S
20240506;100153;154;1000;10278973403;S
20240506;100153;154;50;10278973404;S
20240506;100153;154;50;10278973405;S
20240506;100153;154;200;10278973406;S
20240506;100153;153.98;50;10278973407;S
20240506;100153;153.98;30;10278973408;S
20240506;100153;153.96;20;10278973409;S
20240506;100153;153.96;50;10278973410;S
20240506;100153;153.96;160;10278973411;S
20240506;100153;153.94;50;10278973412;S
20240506;100153;153.94;690;10278973413;S
20240506;100153;153.94;330;10278973441;S
20240506;100159;153.98;160;10278974501;B
20240506;100159;153.98;340;10278974502;B
20240506;100159;153.98;10;10278974503;B
20240506;100159;154;200;10278974504;B
20240506;100159;154;50;10278974505;B
20240506;100202;154;100;10278975120;S
20240506;100210;154.02;10;10278976732;B
20240506;100212;154;10;10278977463;S
20240506;100218;154;50;10278979318;S
20240506;100220;154.02;90;10278979705;B
20240506;100220;154.02;170;10278979706;B
20240506;100220;154.02;100;10278979707;B
20240506;100220;154.02;230;10278979708;B
20240506;100220;154.04;160;10278979709;B
20240506;100220;154.06;10;10278979710;B
20240506;100220;154.08;640;10278979711;B
20240506;100220;154.08;50;10278979712;B
20240506;100224;154.02;10;10278980818;S
20240506;100228;154.06;20;10278981809;B
20240506;100231;154.02;40;10278983042;S
20240506;100231;154.02;160;10278983043;S
20240506;100231;154.1;70;10278983093;B
20240506;100234;154.12;10;10278983791;B
20240506;100236;154.12;40;10278984435;B
20240506;100240;154.12;100;10278985890;B
20240506;100240;154.12;40;10278985891;B
20240506;100240;154.16;110;10278985892;B
20240506;100240;154.14;20;10278985940;B
20240506;100240;154.18;80;10278985941;B
20240506;100242;154.22;20;10278986428;B
20240506;100243;154.16;50;10278986757;S
20240506;100243;154.16;150;10278986758;S
20240506;100244;154.16;50;10278986983;S
20240506;100244;154.14;50;10278986984;S
20240506;100244;154.14;100;10278986985;S
20240506;100246;154.14;80;10278987426;S
20240506;100248;154.14;10;10278987669;S
20240506;100256;154.24;50;10278989242;B
20240506;100256;154.24;80;10278989243;B
20240506;100256;154.24;10;10278989279;B
20240506;100257;154.28;10;10278989536;B
20240506;100258;154.24;160;10278989685;S
20240506;100258;154.24;220;10278989686;S
20240506;100258;154.24;50;10278989687;S
20240506;100258;154.22;50;10278989688;S
20240506;100258;154.22;120;10278989689;S
20240506;100300;154.24;50;10278990239;B
20240506;100300;154.26;50;10278990240;B
20240506;100300;154.26;20;10278990241;B
20240506;100300;154.26;80;10278990325;B
20240506;100309;154.24;50;10278992364;B
20240506;100309;154.24;250;10278992365;B
20240506;100310;154.24;100;10278992517;B
20240506;100310;154.24;10;10278992635;B
20240506;100314;154.22;10;10278993319;S
20240506;100317;154.24;140;10278993942;B
20240506;100317;154.24;20;10278993943;B
20240506;100317;154.24;50;10278993944;B
20240506;100318;154.24;60;10278994022;S
20240506;100318;154.24;230;10278994023;S
20240506;100318;154.24;190;10278994024;S
20240506;100320;154.24;10;10278994496;B
20240506;100320;154.22;150;10278994512;S
20240506;100320;154.22;350;10278994513;S
20240506;100320;154.2;50;10278994530;B
20240506;100321;154.16;30;10278994560;S
20240506;100321;154.16;190;10278994561;S
20240506;100323;154.14;10;10278995125;S
20240506;100323;154.12;470;10278995126;S
20240506;100324;154.16;10;10278995283;B
20240506;100324;154.12;190;10278995321;S
20240506;100324;154.1;810;10278995322;S
20240506;100325;154.16;40;10278995655;B
20240506;100325;154.16;160;10278995656;B
20240506;100325;154.16;1020;10278995657;B
20240506;100325;154.18;50;10278995658;B
20240506;100325;154.18;190;10278995659;B
20240506;100325;154.18;2620;10278995660;B
20240506;100325;154.2;50;10278995661;B
20240506;100325;154.2;250;10278995705;S
20240506;100326;154.2;1000;10278995755;S
20240506;100336;154.24;10;10278997486;B
20240506;100337;154.24;10;10278997581;B
20240506;100340;154.2;100;10278998232;S
20240506;100346;154.2;20;10278999254;S
20240506;100350;154.24;10;10278999871;B
20240506;100358;154.22;10;10279001124;S
20240506;100358;154.22;40;10279001215;S
20240506;100358;154.22;210;10279001216;S
20240506;100358;154.2;400;10279001217;S
20240506;100402;154.24;30;10279001954;B
20240506;100402;154.24;10;10279001955;B
20240506;100403;154.24;50;10279002043;B
20240506;100407;154.24;40;10279003066;B
20240506;100408;154.22;50;10279003407;S
20240506;100408;154.22;50;10279003408;S
20240506;100409;154.24;50;10279003609;B
20240506;100409;154.24;70;10279003610;B
20240506;100410;154.24;10;10279003796;B
20240506;100410;154.22;50;10279003802;S
20240506;100410;154.2;950;10279003803;S
20240506;100412;154.24;20;10279004162;B
20240506;100413;154.28;3780;10279004320;B
20240506;100413;154.3;6220;10279004321;B
20240506;100416;154.26;160;10279005142;S
20240506;100416;154.24;180;10279005143;S
20240506;100416;154.24;660;10279005144;S
20240506;100429;154.22;160;10279007716;S
20240506;100429;154.22;210;10279007717;S
20240506;100429;154.2;130;10279007718;S
20240506;100433;154.24;50;10279008563;B
20240506;100433;154.24;50;10279008564;B
20240506;100433;154.24;140;10279008565;B
20240506;100437;154.26;20;10279009247;B
20240506;100437;154.26;10;10279009402;B
20240506;100439;154.26;10;10279009726;B
20240506;100440;154.26;10;10279009873;B
20240506;100440;154.26;30;10279009874;B
20240506;100443;154.2;1300;10279010242;S
20240506;100444;154.2;1500;10279010585;S
20240506;100452;154.22;380;10279012225;S
20240506;100452;154.22;210;10279012226;S
20240506;100452;154.2;220;10279012227;S
20240506;100452;154.2;100;10279012228;S
20240506;100452;154.2;10;10279012229;S
20240506;100452;154.2;80;10279012230;S
20240506;100458;154.26;10;10279013484;B
20240506;100458;154.26;10;10279013516;B
20240506;100459;154.2;100;10279013711;S
20240506;100513;154.2;100;10279017087;S
20240506;100514;154.22;50;10279017277;B
20240506;100514;154.22;80;10279017278;B
20240506;100517;154.24;20;10279017830;B
20240506;100520;154.24;30;10279018590;B
20240506;100520;154.24;10;10279018591;B
20240506;100525;154.2;10;10279019461;S
20240506;100528;154.2;70;10279020073;S
20240506;100532;154.2;130;10279020678;S
20240506;100532;154.2;50;10279020679;S
20240506;100532;154.2;20;10279020680;S
20240506;100532;154.22;20;10279020754;B
20240506;100532;154.2;50;10279020798;S
20240506;100532;154.2;690;10279020799;S
20240506;100532;154.2;210;10279020800;S
20240506;100533;154.2;10;10279020942;B
20240506;100536;154.2;10;10279021682;B
20240506;100539;154.2;30;10279022164;B
20240506;100539;154.2;50;10279022165;B
20240506;100539;154.2;160;10279022166;B
20240506;100539;154.22;290;10279022167;B
20240506;100539;154.22;50;10279022168;B
20240506;100539;154.22;210;10279022169;B
20240506;100539;154.22;300;10279022170;B
20240506;100539;154.24;1610;10279022171;B
20240506;100539;154.24;50;10279022172;B
20240506;100539;154.24;250;10279022173;B
20240506;100541;154.16;100;10279022749;S
20240506;100541;154.16;160;10279022750;S
20240506;100543;154.16;10;10279023404;S
20240506;100550;154.16;50;10279024769;S
20240506;100556;154.22;10;10279025947;B
20240506;100556;154.16;10;10279026126;S
20240506;100557;154.22;20;10279026129;B
20240506;100601;154.22;10;10279027002;B
20240506;100602;154.22;10;10279027115;B
20240506;100602;154.22;10;10279027248;B
20240506;100605;154.22;100;10279027628;B
20240506;100605;154.22;40;10279027629;B
20240506;100605;154.24;80;10279027630;B
20240506;100609;154.2;20;10279028468;S
20240506;100609;154.2;30;10279028469;S
20240506;100615;154.2;80;10279029367;S
20240506;100617;154.2;10;10279029955;B
20240506;100619;154.2;10;10279030211;B
20240506;100621;154.18;220;10279030751;S
20240506;100623;154.2;10;10279031096;B
20240506;100631;154.18;10;10279033448;S
20240506;100637;154.2;30;10279034906;B
20240506;100639;154.2;340;10279035453;B
20240506;100639;154.2;60;10279035454;B
20240506;100639;154.18;130;10279035473;S
20240506;100642;154.18;30;10279036017;S
20240506;100644;154.2;10;10279036380;B
20240506;100644;154.2;50;10279036381;B
20240506;100644;154.2;10;10279036382;B
20240506;100647;154.18;40;10279037126;S
20240506;100650;154.18;40;10279037627;S
20240506;100652;154.18;500;10279038107;S
20240506;100652;154.18;500;10279038108;S
20240506;100653;154.18;10;10279038366;S
20240506;100654;154.18;740;10279038396;S
20240506;100654;154.18;10;10279038397;S
20240506;100654;154.16;270;10279038398;S
20240506;100654;154.16;10;10279038399;S
20240506;100654;154.16;160;10279038400;S
20240506;100654;154.16;1210;10279038401;S
20240506;100654;154.16;660;10279038402;S
20240506;100654;154.16;1220;10279038403;S
20240506;100654;154.14;1000;10279038404;S
20240506;100654;154.14;200;10279038405;S
20240506;100654;154.12;10;10279038406;S
20240506;100654;154.12;10;10279038407;S
20240506;100654;154.12;10;10279038408;S
20240506;100654;154.1;5490;10279038409;S
20240506;100654;154.12;160;10279038410;S
20240506;100657;154.14;10;10279039040;B
20240506;100657;154.1;10;10279039069;S
20240506;100658;154.14;70;10279039437;B
20240506;100700;154.14;10;10279039925;B
20240506;100707;154.12;50;10279041394;S
20240506;100707;154.12;30;10279041395;S
20240506;100710;154.12;50;10279042357;S
20240506;100710;154.14;30;10279042360;B
20240506;100711;154.14;10;10279042495;B
20240506;100712;154.14;60;10279042567;B
20240506;100715;154.14;10;10279043110;B
20240506;100716;154.14;10;10279043282;B
20240506;100717;154.14;10;10279043512;B
20240506;100717;154.14;20;10279043531;B
20240506;100721;154.14;10;10279044176;B
20240506;100722;154.12;780;10279044267;S
20240506;100722;154.12;10;10279044268;S
20240506;100722;154.12;100;10279044269;S
20240506;100725;154.1;100;10279044724;S
20240506;100730;154.12;50;10279045664;B
20240506;100732;154.12;650;10279045955;B
20240506;100734;154.14;10;10279046200;B
20240506;100734;154.14;300;10279046236;B
20240506;100736;154.12;10;10279046546;S
20240506;100736;154.14;20;10279046693;B
20240506;100739;154.14;50;10279047123;B
20240506;100743;154.12;40;10279048169;S
20240506;100746;154.14;10;10279048934;B
20240506;100747;154.12;500;10279049107;S
20240506;100747;154.14;30;10279049271;B
20240506;100750;154.14;280;10279049932;B
20240506;100750;154.14;50;10279049933;B
20240506;100750;154.16;240;10279049934;B
20240506;100750;154.18;110;10279049935;B
20240506;100750;154.18;40;10279049936;B
20240506;100753;154.14;50;10279050803;S
20240506;100753;154.14;80;10279050804;S
20240506;100757;154.16;20;10279051604;S
20240506;100758;154.18;160;10279051750;B
20240506;100758;154.16;30;10279051752;S
20240506;100758;154.16;40;10279051753;S
20240506;100800;154.16;10;10279052103;S
20240506;100800;154.16;140;10279052183;S
20240506;100800;154.16;50;10279052184;S
20240506;100807;154.16;320;10279053330;B
20240506;100807;154.16;90;10279053337;B
20240506;100808;154.14;10;10279053501;S
20240506;100811;154.16;70;10279054151;B
20240506;100818;154.16;10;10279055506;B
20240506;100819;154.16;10;10279055714;B
20240506;100820;154.16;20;10279055837;B
20240506;100827;154.16;10;10279057188;B
20240506;100828;154.14;30;10279057348;S
20240506;100828;154.16;70;10279057372;B
20240506;100830;154.12;70;10279057641;S
20240506;100832;154.12;200;10279057888;S
20240506;100833;154.16;10;10279058229;B
20240506;100835;154.16;10;10279058552;B
20240506;100839;154.12;10;10279059214;S
20240506;100839;154.16;20;10279059307;B
20240506;100839;154.12;10;10279059356;S
20240506;100842;154.12;200;10279059934;S
20240506;100849;154.12;310;10279061362;S
20240506;100849;154.12;10;10279061363;S
20240506;100849;154.12;50;10279061364;S
20240506;100849;154.12;390;10279061365;S
20240506;100849;154.12;50;10279061366;S
20240506;100853;154.16;170;10279062175;B
20240506;100853;154.16;30;10279062176;B
20240506;100858;154.12;50;10279063058;S
20240506;100902;154.16;90;10279063995;B
20240506;100906;154.14;200;10279064633;S
20240506;100909;154.12;150;10279065355;S
20240506;100909;154.12;150;10279065356;S
20240506;100909;154.12;200;10279065357;S
20240506;100914;154.1;10;10279066132;S
20240506;100915;154.1;10;10279066370;S
20240506;100919;154.16;40;10279066991;B
20240506;100919;154.16;10;10279066992;B
20240506;100922;154.16;10;10279067930;B
20240506;100929;154.1;10;10279069652;S
20240506;100935;154.12;220;10279070961;S
20240506;100935;154.1;8490;10279070962;S
20240506;100935;154.1;10;10279070963;S
20240506;100935;154.1;1280;10279070964;S
20240506;100936;154.12;10;10279071062;B
20240506;100936;154.1;100;10279071174;S
20240506;100942;154.14;10;10279072364;B
20240506;100951;154.1;2550;10279074198;S
20240506;100951;154.1;10;10279074199;S
20240506;100951;154.1;160;10279074200;S
20240506;100951;154.1;60;10279074201;S
20240506;100951;154.1;20;10279074202;S
20240506;100951;154.1;50;10279074203;S
20240506;100951;154.1;70;10279074204;S
20240506;100951;154.08;100;10279074205;S
20240506;100951;154.08;180;10279074206;S
20240506;100951;154.08;50;10279074207;S
20240506;100951;154.08;220;10279074208;S
20240506;100951;154.06;50;10279074209;S
20240506;100951;154.06;1260;10279074210;S
20240506;100951;154.06;100;10279074211;S
20240506;100951;154.04;50;10279074212;S
20240506;100951;154.04;2000;10279074213;S
20240506;100951;154.04;1000;10279074214;S
20240506;100951;154.04;10000;10279074215;S
20240506;100951;154.02;200;10279074216;S
20240506;100951;154.02;50;10279074217;S
20240506;100951;154.02;10;10279074218;S
20240506;100951;154.02;10;10279074219;S
20240506;100951;154;80;10279074220;S
20240506;100951;154;15000;10279074221;S
20240506;100951;154;10;10279074222;S
20240506;100951;154;100;10279074223;S
20240506;100951;154;20;10279074224;S
20240506;100951;154;50;10279074225;S
20240506;100951;154;10;10279074226;S
20240506;100951;154;10;10279074227;S
20240506;100951;154;50;10279074228;S
20240506;100951;154;10;10279074229;S
20240506;100951;154;10;10279074230;S
20240506;100951;154;30;10279074231;S
20240506;100951;154;10;10279074232;S
20240506;100951;154;30;10279074233;S
20240506;100951;154;10;10279074234;S
20240506;100951;154;30;10279074235;S
20240506;100951;154;10;10279074236;S
20240506;100951;154;100;10279074237;S
20240506;100951;154;10;10279074238;S
20240506;100951;153.98;100;10279074239;S
20240506;100951;153.98;50;10279074240;S
20240506;100951;153.98;10000;10279074241;S
20240506;100951;153.98;10000;10279074242;S
20240506;100951;153.94;50;10279074248;S
20240506;100951;153.94;10;10279074249;S
20240506;100951;153.94;40;10279074250;S
20240506;100951;153.92;20;10279074251;S
20240506;100951;153.92;30;10279074252;S
20240506;100951;153.9;500;10279074271;S
20240506;100951;153.9;70;10279074357;S
20240506;100951;153.9;290;10279074358;S
20240506;100953;153.9;2210;10279074870;S
20240506;100953;153.9;100;10279074871;S
20240506;100953;153.88;10;10279074872;S
20240506;100953;153.88;10;10279074873;S
20240506;100953;153.88;250;10279074874;S
20240506;100953;153.88;120;10279074875;S
20240506;100953;153.86;30;10279074876;S
20240506;100953;153.86;520;10279074877;S
20240506;100953;153.84;1000;10279074878;S
20240506;100953;153.84;40;10279074879;S
20240506;100953;153.84;1000;10279074880;S
20240506;100953;153.84;10;10279074881;S
20240506;100953;153.84;20;10279074882;S
20240506;100953;153.82;10;10279074883;S
20240506;100953;153.82;210;10279074884;S
20240506;100953;153.8;10;10279074885;S
20240506;100953;153.8;20;10279074886;S
20240506;100953;153.8;10;10279074887;S
20240506;100953;153.8;100;10279074888;S
20240506;100953;153.8;10;10279074889;S
20240506;100953;153.8;10;10279074890;S
20240506;100953;153.8;10;10279074891;S
20240506;100953;153.8;10;10279074892;S
20240506;100953;153.8;10;10279074893;S
20240506;100953;153.8;300;10279074894;S
20240506;100953;153.8;500;10279074895;S
20240506;100953;153.8;60;10279074896;S
20240506;100953;153.78;100;10279074897;S
20240506;100953;153.78;1300;10279074898;S
20240506;100953;153.78;1620;10279074899;S
20240506;100953;153.78;390;10279074900;S
20240506;100953;153.78;350;10279074908;S
20240506;100953;153.74;10;10279074909;S
20240506;100953;153.74;140;10279074910;S
20240506;100954;153.8;50;10279074988;B
20240506;100954;153.76;10;10279075002;B
20240506;100956;153.76;10;10279075359;B
20240506;101000;153.76;10;10279076262;B
20240506;101002;153.72;10;10279076606;S
20240506;101002;153.72;20;10279076607;S
20240506;101002;153.74;10;10279076656;B
20240506;101004;153.74;50;10279076956;S
20240506;101006;153.74;10;10279077401;B
20240506;101006;153.74;10;10279077402;B
20240506;101013;153.76;180;10279078683;B
20240506;101013;153.76;210;10279078684;B
20240506;101014;153.76;10;10279078887;B
20240506;101014;153.74;290;10279078896;S
20240506;101014;153.74;2370;10279078897;S
20240506;101014;153.74;50;10279078898;S
20240506;101015;153.72;80;10279079035;S
20240506;101015;153.72;100;10279079036;S
20240506;101015;153.72;160;10279079037;S
20240506;101018;153.72;320;10279079537;S
20240506;101021;153.74;290;10279079878;B
20240506;101021;153.74;50;10279079879;B
20240506;101021;153.74;50;10279079880;S
20240506;101021;153.76;10;10279079954;B
20240506;101022;153.76;160;10279080291;B
20240506;101030;153.76;100;10279081733;B
20240506;101030;153.76;10;10279081926;B
20240506;101031;153.76;100;10279082021;B
20240506;101031;153.76;400;10279082115;B
20240506;101031;153.76;50;10279082116;B
20240506;101031;153.76;50;10279082117;B
20240506;101032;153.74;510;10279082307;S
20240506;101032;153.76;4510;10279082337;B
20240506;101032;153.76;50;10279082338;B
20240506;101032;153.76;440;10279082339;B
20240506;101035;153.74;10;10279083046;S
20240506;101035;153.74;30;10279083047;S
20240506;101036;153.76;10;10279083260;B
20240506;101037;153.76;60;10279083466;B
20240506;101039;153.76;40;10279083927;B
20240506;101041;153.76;10;10279084220;B
20240506;101042;153.76;10;10279084337;B
20240506;101043;153.74;70;10279084620;S
20240506;101043;153.74;30;10279084621;S
20240506;101044;153.76;280;10279084737;B
20240506;101044;153.76;220;10279084738;B
20240506;101044;153.78;10;10279084869;B
20240506;101055;153.78;160;10279086821;B
20240506;101056;153.8;200;10279086974;B
20240506;101059;153.78;2840;10279087452;S
20240506;101059;153.78;270;10279087453;S
20240506;101059;153.78;3400;10279087454;S
20240506;101101;153.78;80;10279087750;S
20240506;101101;153.78;920;10279087826;S
20240506;101101;153.76;100;10279087832;S
20240506;101102;153.78;850;10279087921;B
20240506;101102;153.78;50;10279087922;B
20240506;101102;153.78;270;10279087923;B
20240506;101102;153.76;10;10279087976;S
20240506;101103;153.76;10;10279088036;S
20240506;101104;153.78;50;10279088245;B
20240506;101105;153.78;10;10279088280;B
20240506;101106;153.78;170;10279088370;B
20240506;101106;153.78;330;10279088371;B
20240506;101109;153.78;690;10279088851;B
20240506;101109;153.78;270;10279088852;B
20240506;101109;153.78;520;10279088853;B
20240506;101109;153.8;50;10279088854;B
20240506;101109;153.8;100;10279088855;B
20240506;101110;153.8;10;10279089004;B
20240506;101111;153.8;20;10279089240;B
20240506;101111;153.82;80;10279089241;B
20240506;101122;153.84;9780;10279091317;B
20240506;101122;153.84;1330;10279091318;B
20240506;101125;153.88;10;10279091737;B
20240506;101127;153.9;30;10279092159;B
20240506;101131;153.84;10;10279092846;B
20240506;101131;153.84;40;10279092935;B
20240506;101134;153.84;250;10279093408;B
20240506;101134;153.86;150;10279093409;B
20240506;101134;153.86;1300;10279093410;S
20240506;101135;153.86;40;10279093469;S
20240506;101143;153.86;10;10279094719;B
20240506;101143;153.86;200;10279094885;B
20240506;101148;153.88;120;10279095754;B
20240506;101149;153.86;200;10279095889;S
20240506;101149;153.86;10;10279095954;B
20240506;101150;153.86;200;10279096102;B
20240506;101151;153.86;40;10279096244;B
20240506;101151;153.86;160;10279096246;S
20240506;101151;153.88;10;10279096282;B
20240506;101156;153.86;100;10279096954;S
20240506;101156;153.88;150;10279096973;B
20240506;101156;153.88;5410;10279096974;B
20240506;101156;153.9;600;10279097018;B
20240506;101156;153.92;2300;10279097019;B
20240506;101158;153.96;210;10279097295;B
20240506;101200;153.94;190;10279097730;S
20240506;101200;153.94;390;10279097786;S
20240506;101200;153.92;50;10279097787;S
20240506;101200;153.92;1300;10279097788;S
20240506;101200;153.92;1620;10279097789;S
20240506;101200;153.9;160;10279097790;S
20240506;101200;153.9;50;10279097791;S
20240506;101200;153.9;9500;10279097792;S
20240506;101200;153.9;160;10279097793;S
20240506;101200;153.88;10;10279097794;S
20240506;101200;153.88;50;10279097795;S
20240506;101200;153.88;500;10279097796;S
20240506;101200;153.86;50;10279097797;S
20240506;101200;153.84;50;10279097798;S
20240506;101200;153.84;2610;10279097799;S
20240506;101200;153.82;10;10279097800;S
20240506;101200;153.82;50;10279097801;S
20240506;101200;153.82;5000;10279097802;S
20240506;101200;153.8;20;10279097803;S
20240506;101200;153.8;50;10279097804;S
20240506;101200;153.8;10000;10279097805;S
20240506;101200;153.8;10000;10279097806;S
20240506;101200;153.8;10000;10279097807;S
20240506;101200;153.78;10;10279097808;S
20240506;101200;153.78;30;10279097809;S
20240506;101200;153.78;50;10279097810;S
20240506;101200;153.78;40;10279097813;B
20240506;101202;153.78;10;10279098185;B
20240506;101204;153.78;10;10279098543;B
20240506;101205;153.78;250;10279098794;B
20240506;101206;153.78;60;10279099049;B
20240506;101207;153.78;10;10279099182;B
20240506;101207;153.78;10;10279099226;B
20240506;101209;153.78;500;10279099502;B
20240506;101209;153.78;30;10279099607;B
20240506;101209;153.78;100;10279099609;B
20240506;101211;153.78;10;10279099862;B
20240506;101214;153.78;10;10279100230;B
20240506;101217;153.76;10;10279100827;S
20240506;101217;153.76;20;10279100828;S
20240506;101218;153.78;170;10279100973;B
20240506;101219;153.78;200;10279101119;B
20240506;101223;153.78;1000;10279101823;B
20240506;101224;153.76;50;10279101859;S
20240506;101224;153.76;10;10279101860;S
20240506;101224;153.76;10;10279101861;S
20240506;101224;153.76;130;10279101862;S
20240506;101228;153.78;480;10279102672;B
20240506;101228;153.78;50;10279102719;B
20240506;101230;153.78;10;10279103205;B
20240506;101231;153.76;10;10279103237;S
20240506;101232;153.78;10;10279103437;B
20240506;101233;153.76;500;10279103658;S
20240506;101233;153.76;100;10279103683;S
20240506;101233;153.78;340;10279103703;B
20240506;101240;153.78;10;10279104865;B
20240506;101240;153.78;2000;10279104879;B
20240506;101243;153.76;100;10279105356;S
20240506;101244;153.78;10;10279105457;B
20240506;101246;153.78;10;10279105802;B
20240506;101247;153.78;400;10279106050;B
20240506;101249;153.78;10;10279106258;B
20240506;101250;153.76;100;10279106362;S
20240506;101253;153.78;100;10279106853;B
20240506;101255;153.78;3000;10279107273;B
20240506;101257;153.76;500;10279107411;S
20240506;101259;153.76;500;10279107704;S
20240506;101259;153.78;10;10279107734;B
20240506;101300;153.76;60;10279107874;S
20240506;101300;153.76;470;10279107875;S
20240506;101300;153.78;20;10279107960;B
20240506;101300;153.76;530;10279107962;S
20240506;101300;153.76;1210;10279107963;S
20240506;101300;153.76;2000;10279107964;S
20240506;101300;153.76;1300;10279107965;S
20240506;101300;153.76;70;10279107966;S
20240506;101301;153.76;380;10279108103;S
20240506;101302;153.78;60;10279108324;B
20240506;101302;153.78;200;10279108382;B
20240506;101303;153.76;2000;10279108449;S
20240506;101304;153.78;150;10279108744;B
20240506;101306;153.78;10;10279109357;B
20240506;101306;153.78;30;10279109396;B
20240506;101307;153.76;10;10279109597;S
20240506;101308;153.76;50;10279109679;S
20240506;101309;153.76;700;10279109884;S
20240506;101310;153.78;30;10279109986;B
20240506;101310;153.76;2000;10279110037;S
20240506;101312;153.78;1000;10279110245;B
20240506;101312;153.78;10;10279110263;B
20240506;101316;153.78;300;10279111077;B
20240506;101318;153.76;50;10279111520;S
20240506;101318;153.76;20;10279111521;S
20240506;101318;153.76;10;10279111522;S
20240506;101318;153.76;150;10279111523;S
20240506;101318;153.76;50;10279111524;S
20240506;101318;153.76;100;10279111525;S
20240506;101318;153.76;20;10279111526;S
20240506;101318;153.78;2000;10279111569;B
20240506;101320;153.78;50;10279111767;B
20240506;101321;153.78;10;10279111895;B
20240506;101326;153.78;1000;10279112891;B
20240506;101327;153.78;10;10279112908;B
20240506;101328;153.76;200;10279113225;S
20240506;101333;153.78;1520;10279113990;B
20240506;101333;153.78;400;10279113991;B
20240506;101333;153.78;1080;10279113992;B
20240506;101333;153.78;400;10279114043;B
20240506;101333;153.78;100;10279114044;B
20240506;101333;153.78;90;10279114045;B
20240506;101333;153.8;160;10279114107;B
20240506;101333;153.82;340;10279114108;B
20240506;101334;153.86;340;10279114199;B
20240506;101335;153.84;50;10279114240;S
20240506;101342;153.86;10;10279115200;B
20240506;101343;153.82;200;10279115290;S
20240506;101346;153.84;60;10279115668;S
20240506;101346;153.84;270;10279115669;S
20240506;101354;153.84;190;10279117286;B
20240506;101354;153.86;810;10279117287;B
20240506;101403;153.86;10;10279118632;B
20240506;101411;153.86;10;10279119878;B
20240506;101412;153.86;100;10279119990;B
20240506;101413;153.84;200;10279120152;S
20240506;101416;153.86;10;10279120720;B
20240506;101418;153.84;10;10279120892;S
20240506;101418;153.84;20;10279120920;S
20240506;101421;153.86;10;10279121265;B
20240506;101422;153.84;100;10279121412;S
20240506;101422;153.86;10;10279121556;B
20240506;101424;153.84;100;10279121813;S
20240506;101425;153.86;20;10279121991;B
20240506;101425;153.86;30;10279122063;B
20240506;101427;153.86;440;10279122328;B
20240506;101427;153.86;60;10279122329;B
20240506;101427;153.86;800;10279122400;B
20240506;101429;153.86;10;10279122656;B
20240506;101430;153.86;90;10279122781;B
20240506;101436;153.86;30;10279123621;B
20240506;101437;153.86;100;10279123776;B
20240506;101437;153.86;70;10279123827;B
20240506;101443;153.86;10;10279124582;B
20240506;101445;153.86;240;10279124925;B
20240506;101445;153.84;10;10279124936;S
20240506;101445;153.84;10;10279124948;S
20240506;101447;153.86;10;10279125166;B
20240506;101448;153.86;10;10279125347;B
20240506;101450;153.86;70;10279125589;B
20240506;101453;153.86;1290;10279126038;B
20240506;101453;153.88;10;10279126160;B
20240506;101500;153.88;100;10279127306;S
20240506;101501;153.88;50;10279127435;S
20240506;101501;153.88;20;10279127436;S
20240506;101501;153.88;70;10279127464;S
20240506;101501;153.88;2780;10279127554;S
20240506;101501;153.88;80;10279127562;S
20240506;101501;153.88;80;10279127587;S
20240506;101501;153.86;710;10279127611;S
20240506;101501;153.84;40;10279127705;S
20240506;101501;153.84;10;10279127706;S
20240506;101501;153.84;20;10279127707;S
20240506;101501;153.84;70;10279127709;S
20240506;101501;153.84;70;10279127715;S
20240506;101501;153.84;370;10279127716;S
20240506;101501;153.84;20;10279127717;S
20240506;101501;153.84;8240;10279127718;S
20240506;101501;153.84;1300;10279127719;S
20240506;101502;153.82;10;10279127849;S
20240506;101502;153.82;10;10279127850;S
20240506;101502;153.82;10;10279127851;S
20240506;101502;153.82;40;10279127852;S
20240506;101502;153.84;20;10279127857;B
20240506;101504;153.82;30;10279128666;S
20240506;101507;153.82;200;10279130044;S
20240506;101509;153.82;10;10279130701;S
20240506;101517;153.82;50;10279132760;S
20240506;101518;153.84;80;10279133104;B
20240506;101518;153.88;50;10279133105;B
20240506;101518;153.88;90;10279133106;B
20240506;101518;153.88;70;10279133107;B
20240506;101518;153.88;360;10279133108;B
20240506;101519;153.86;100;10279133190;B
20240506;101526;153.86;10;10279135160;B
20240506;101527;153.84;10;10279135352;S
20240506;101530;153.86;70;10279135857;B
20240506;101533;153.86;10;10279136736;B
20240506;101539;153.82;20;10279138185;S
20240506;101542;153.86;30;10279139019;B
20240506;101542;153.86;10;10279139020;B
20240506;101542;153.88;60;10279139021;B
20240506;101543;153.86;20;10279139334;S
20240506;101549;153.82;40;10279140422;S
20240506;101549;153.82;40;10279140423;S
20240506;101549;153.82;1420;10279140424;S
20240506;101551;153.8;250;10279140666;S
20240506;101551;153.8;20;10279140667;S
20240506;101551;153.8;160;10279140668;S
20240506;101551;153.78;10;10279140669;S
20240506;101551;153.78;10;10279140670;S
20240506;101551;153.78;10;10279140671;S
20240506;101551;153.78;540;10279140672;S
20240506;101551;153.82;10;10279140675;B
20240506;101551;153.82;50;10279140760;B
20240506;101551;153.82;100;10279140784;B
20240506;101551;153.82;50;10279140785;B
20240506;101551;153.84;50;10279140786;B
20240506;101551;153.84;300;10279140787;B
20240506;101558;153.8;100;10279142299;S
20240506;101558;153.8;10;10279142357;S
20240506;101607;153.8;50;10279144495;S
20240506;101607;153.8;20;10279144496;S
20240506;101608;153.8;120;10279144580;B
20240506;101608;153.8;110;10279144594;B
20240506;101608;153.82;30;10279144595;B
20240506;101611;153.82;190;10279145147;B
20240506;101623;153.82;10;10279147709;B
20240506;101625;153.82;30;10279148176;B
20240506;101631;153.8;10;10279149439;S
20240506;101634;153.82;10;10279150111;B
20240506;101638;153.8;40;10279151049;S
20240506;101640;153.82;110;10279151327;B
20240506;101641;153.82;30;10279151524;B
20240506;101642;153.82;10;10279151611;B
20240506;101644;153.8;300;10279152156;S
20240506;101645;153.8;20;10279152188;S
20240506;101647;153.82;10;10279152544;B
20240506;101648;153.8;20;10279152790;S
20240506;101649;153.82;10;10279152863;B
20240506;101650;153.8;30;10279153033;S
20240506;101650;153.8;50;10279153034;S
20240506;101650;153.78;420;10279153035;S
20240506;101652;153.8;40;10279153484;B
20240506;101657;153.82;10;10279154482;B
20240506;101700;153.82;150;10279155037;B
20240506;101702;153.82;10;10279155433;B
20240506;101706;153.78;10;10279156069;S
20240506;101712;153.78;1070;10279157416;S
20240506;101712;153.78;250;10279157417;S
20240506;101712;153.78;350;10279157418;S
20240506;101712;153.78;1650;10279157542;S
20240506;101712;153.78;10;10279157543;S
20240506;101712;153.78;10;10279157544;S
20240506;101713;153.78;30;10279157621;S
20240506;101713;153.76;1280;10279157622;S
20240506;101713;153.76;100;10279157623;S
20240506;101713;153.76;170;10279157624;S
20240506;101713;153.76;40;10279157680;S
20240506;101713;153.76;20;10279157681;S
20240506;101713;153.76;220;10279157682;S
20240506;101715;153.76;20;10279158012;S
20240506;101715;153.76;20;10279158034;S
20240506;101715;153.76;10;10279158129;S
20240506;101715;153.76;10;10279158132;S
20240506;101718;153.78;30;10279158725;B
20240506;101719;153.78;10;10279158876;B
20240506;101727;153.78;10;10279160393;B
20240506;101727;153.76;100;10279160437;S
20240506;101729;153.78;40;10279160764;B
20240506;101731;153.76;30;10279161075;S
20240506;101732;153.78;30;10279161259;B
20240506;101732;153.78;10;10279161260;B
20240506;101733;153.78;100;10279161378;B
20240506;101736;153.78;10;10279161792;B
20240506;101737;153.76;10;10279161934;S
20240506;101737;153.78;10;10279162041;B
20240506;101741;153.78;10;10279162564;B
20240506;101742;153.78;260;10279162731;B
20240506;101742;153.78;40;10279162732;B
20240506;101743;153.78;10;10279162936;B
20240506;101744;153.76;300;10279163021;S
20240506;101744;153.78;70;10279163077;B
20240506;101745;153.78;20;10279163367;B
20240506;101745;153.78;20;10279163368;B
20240506;101745;153.78;10;10279163369;B
20240506;101746;153.76;90;10279163458;S
20240506;101747;153.76;500;10279163679;S
20240506;101750;153.78;100;10279164222;B
20240506;101751;153.8;30;10279164400;B
20240506;101752;153.8;10;10279164671;B
20240506;101755;153.78;200;10279165083;S
20240506;101757;153.8;1290;10279165512;B
20240506;101757;153.8;1470;10279165513;B
20240506;101757;153.8;530;10279165514;B
20240506;101757;153.82;2070;10279165515;B
20240506;101757;153.82;100;10279165516;B
20240506;101757;153.82;700;10279165517;B
20240506;101757;153.82;100;10279165518;B
20240506;101757;153.82;50;10279165519;B
20240506;101757;153.84;10;10279165520;B
20240506;101757;153.84;50;10279165521;B
20240506;101757;153.84;2010;10279165522;B
20240506;101757;153.82;10;10279165545;B
20240506;101800;153.8;50;10279165923;S
20240506;101800;153.8;10;10279165930;S
20240506;101801;153.82;10;10279166049;B
20240506;101802;153.82;10;10279166335;B
20240506;101809;153.82;10;10279168170;B
20240506;101810;153.82;120;10279168385;B
20240506;101810;153.84;1180;10279168386;B
20240506;101810;153.84;10;10279168402;B
20240506;101811;153.84;10;10279168552;B
20240506;101812;153.84;30;10279168770;B
20240506;101817;153.82;50;10279169611;S
20240506;101817;153.82;380;10279169612;S
20240506;101817;153.8;10;10279169613;S
20240506;101817;153.8;10;10279169614;S
20240506;101817;153.8;50;10279169615;S
20240506;101817;153.8;110;10279169616;S
20240506;101817;153.8;530;10279169617;S
20240506;101817;153.8;200;10279169618;S
20240506;101817;153.8;3660;10279169619;S
20240506;101819;153.8;100;10279169959;S
20240506;101819;153.78;160;10279169960;S
20240506;101819;153.78;500;10279169961;S
20240506;101819;153.76;3690;10279169962;S
20240506;101819;153.76;150;10279169963;S
20240506;101819;153.76;1100;10279169964;S
20240506;101820;153.76;10;10279170138;S
20240506;101822;153.8;250;10279170499;B
20240506;101823;153.82;10;10279170726;B
20240506;101831;153.78;10;10279172105;S
20240506;101832;153.82;20;10279172362;B
20240506;101834;153.82;40;10279172695;B
20240506;101836;153.78;500;10279173208;S
20240506;101836;153.82;20;10279173237;B
20240506;101840;153.78;200;10279174091;S
20240506;101843;153.78;20;10279174697;S
20240506;101843;153.82;50;10279174750;B
20240506;101843;153.82;30;10279174772;B
20240506;101843;153.82;530;10279174773;B
20240506;101843;153.82;100;10279174774;B
20240506;101843;153.84;1620;10279174775;B
20240506;101843;153.84;720;10279174776;B
20240506;101905;153.84;10;10279179551;B
20240506;101906;153.8;110;10279179686;S
20240506;101908;153.82;30;10279180103;B
20240506;101910;153.82;10;10279180548;B
20240506;101914;153.82;10;10279181169;B
20240506;101914;153.8;10;10279181207;S
20240506;101915;153.82;10;10279181284;B
20240506;101915;153.82;30;10279181363;B
20240506;101916;153.8;90;10279181611;S
20240506;101916;153.8;4650;10279181612;S
20240506;101916;153.8;20;10279181650;S
20240506;101918;153.82;10;10279181911;B
20240506;101920;153.8;370;10279182277;S
20240506;101924;153.8;610;10279183298;S
20240506;101924;153.8;90;10279183299;S
20240506;101926;153.82;100;10279183755;B
20240506;101926;153.82;500;10279183800;B
20240506;101929;153.8;10;10279184277;S
20240506;101929;153.8;640;10279184345;S
20240506;101929;153.8;160;10279184346;S
20240506;101929;153.8;10;10279184347;S
20240506;101931;153.8;370;10279184901;B
20240506;101932;153.82;10;10279185081;B
20240506;101938;153.78;970;10279186488;S
20240506;101938;153.8;10;10279186533;B
20240506;101940;153.78;100;10279186850;S
20240506;101945;153.8;10;10279187794;B
20240506;101946;153.8;10;10279187918;B
20240506;101947;153.78;10;10279188023;S
20240506;101948;153.8;30;10279188342;B
20240506;101948;153.8;1420;10279188343;B
20240506;101948;153.8;530;10279188344;B
20240506;101953;153.82;10;10279189228;B
20240506;101959;153.82;30;10279190497;B
20240506;102000;153.82;10;10279190630;B
20240506;102001;153.82;20;10279190905;B
20240506;102004;153.82;10;10279191452;B
20240506;102005;153.8;30;10279191878;S
20240506;102006;153.8;10;10279191943;S
20240506;102008;153.8;10;10279192457;S
20240506;102012;153.82;20;10279193280;B
20240506;102014;153.8;180;10279193882;S
20240506;102014;153.8;40;10279194039;S
20240506;102017;153.8;10;10279194612;S
20240506;102018;153.8;10;10279195017;S
20240506;102020;153.8;10;10279195494;S
20240506;102022;153.82;100;10279196822;B
20240506;102022;153.8;10;10279196852;S
20240506;102025;153.8;80;10279198556;S
20240506;102026;153.8;10;10279198731;S
20240506;102028;153.8;80;10279199337;S
20240506;102029;153.8;10;10279199424;S
20240506;102030;153.82;10;10279200535;B
20240506;102030;153.82;20;10279201663;B
20240506;102031;153.8;1000;10279201819;S
20240506;102033;153.82;20;10279202182;B
20240506;102033;153.82;20;10279202250;B
20240506;102034;153.82;6360;10279202335;B
20240506;102034;153.82;530;10279202336;B
20240506;102034;153.82;10;10279202337;B
20240506;102034;153.84;110;10279202338;B
20240506;102034;153.84;170;10279202339;B
20240506;102034;153.84;110;10279202340;B
20240506;102034;153.84;1300;10279202341;B
20240506;102034;153.84;1410;10279202342;B
20240506;102037;153.82;80;10279203869;S
20240506;102038;153.82;10;10279204626;S
20240506;102040;153.84;10;10279205473;B
20240506;102040;153.84;20;10279205494;B
20240506;102043;153.82;10;10279207250;S
20240506;102043;153.82;90;10279207251;S
20240506;102044;153.82;10;10279207382;S
20240506;102046;153.82;30;10279208010;S
20240506;102048;153.84;180;10279209229;B
20240506;102048;153.84;490;10279209230;B
20240506;102048;153.84;1300;10279209231;B
20240506;102048;153.84;80;10279209232;S
20240506;102048;153.84;20;10279209366;S
20240506;102050;153.84;100;10279210804;S
20240506;102051;153.84;70;10279210887;S
20240506;102054;153.84;100;10279211982;S
20240506;102054;153.84;10;10279212074;S
20240506;102106;153.84;50;10279217441;S
20240506;102106;153.84;50;10279217443;S
20240506;102107;153.84;470;10279217570;S
20240506;102107;153.84;6040;10279217571;S
20240506;102110;153.84;10;10279219144;S
20240506;102118;153.86;10;10279222300;B
20240506;102120;153.84;10;10279222535;S
20240506;102126;153.84;60;10279225638;S
20240506;102126;153.84;40;10279225639;S
20240506;102127;153.84;10;10279225705;S
20240506;102130;153.84;10;10279227255;S
20240506;102134;153.86;100;10279228196;B
20240506;102136;153.84;100;10279228727;S
20240506;102136;153.84;700;10279229617;S
20240506;102137;153.86;50;10279229621;B
20240506;102139;153.84;10;10279230600;S
20240506;102140;153.86;50;10279231141;B
20240506;102144;153.86;10;10279232777;B
20240506;102146;153.86;70;10279233107;B
20240506;102152;153.84;200;10279234938;S
20240506;102154;153.84;10;10279235353;S
20240506;102155;153.86;10;10279235801;B
20240506;102200;153.86;4260;10279237548;B
20240506;102203;153.86;30;10279238931;B
20240506;102203;153.84;10;10279238953;S
20240506;102204;153.86;280;10279239001;B
20240506;102205;153.86;20;10279239193;B
20240506;102206;153.86;10;10279239286;B
20240506;102209;153.84;10;10279240741;S
20240506;102220;153.84;40;10279244772;S
20240506;102220;153.86;200;10279245595;B
20240506;102224;153.86;20;10279246205;B
20240506;102229;153.86;10;10279247930;B
20240506;102231;153.86;80;10279248316;B
20240506;102232;153.86;50;10279248473;B
20240506;102232;153.84;10;10279248534;S
20240506;102237;153.86;10;10279251317;B
20240506;102239;153.84;200;10279251586;S
20240506;102239;153.86;30;10279251637;B
20240506;102240;153.86;840;10279251821;B
20240506;102244;153.84;10;10279253317;S
20240506;102246;153.86;500;10279254493;B
20240506;102247;153.86;20;10279254649;B
20240506;102247;153.86;10;10279254670;B
20240506;102249;153.86;50;10279255274;B
20240506;102254;153.86;20;10279257408;B
20240506;102256;153.86;50;10279257573;B
20240506;102256;153.86;30;10279257581;B
20240506;102256;153.84;320;10279257681;S
20240506;102259;153.86;10;10279258794;B
20240506;102300;153.84;120;10279258981;S
20240506;102301;153.84;110;10279259032;S
20240506;102301;153.84;10;10279259034;S
20240506;102301;153.84;10;10279259035;S
20240506;102301;153.84;4850;10279259048;S
20240506;102301;153.84;180;10279259049;S
20240506;102301;153.84;10;10279259050;S
20240506;102301;153.84;500;10279259051;S
20240506;102301;153.84;10;10279259052;S
20240506;102301;153.84;140;10279259053;S
20240506;102301;153.84;20;10279259062;B
20240506;102303;153.82;10;10279260241;S
20240506;102303;153.82;40;10279260242;S
20240506;102303;153.82;30;10279260243;S
20240506;102303;153.82;90;10279260244;S
20240506;102309;153.82;410;10279262968;S
20240506;102309;153.82;60;10279262969;S
20240506;102309;153.82;80;10279263027;S
20240506;102309;153.8;720;10279263109;S
20240506;102309;153.8;170;10279263110;S
20240506;102309;153.8;5640;10279263147;S
20240506;102309;153.8;400;10279263148;S
20240506;102309;153.8;40;10279263149;S
20240506;102309;153.8;10;10279263150;S
20240506;102309;153.8;160;10279263151;S
20240506;102309;153.8;200;10279263152;S
20240506;102309;153.8;1000;10279263153;S
20240506;102309;153.8;70;10279263154;S
20240506;102309;153.78;10;10279263155;S
20240506;102309;153.78;670;10279263156;S
20240506;102309;153.76;890;10279263273;S
20240506;102309;153.76;780;10279263274;S
20240506;102309;153.76;10;10279263305;S
20240506;102309;153.76;10;10279263313;S
20240506;102309;153.76;70;10279263332;S
20240506;102309;153.76;10;10279263345;S
20240506;102309;153.76;60;10279263346;S
20240506;102309;153.76;140;10279263544;S
20240506;102309;153.76;20;10279263545;S
20240506;102309;153.76;10;10279263546;S
20240506;102309;153.74;90;10279263547;S
20240506;102309;153.74;1390;10279263548;S
20240506;102310;153.74;610;10279263730;S
20240506;102310;153.74;200;10279263731;S
20240506;102310;153.74;10;10279263732;S
20240506;102310;153.74;2000;10279263733;S
20240506;102310;153.72;3700;10279263734;S
20240506;102310;153.72;2820;10279263735;S
20240506;102310;153.72;50;10279263736;S
20240506;102310;153.72;860;10279263737;S
20240506;102310;153.72;10;10279263740;S
20240506;102310;153.74;50;10279263742;B
20240506;102310;153.74;2010;10279263743;B
20240506;102310;153.74;10;10279263744;S
20240506;102310;153.72;90;10279263750;S
20240506;102310;153.72;380;10279263751;S
20240506;102310;153.72;660;10279263776;S
20240506;102310;153.72;10;10279263777;S
20240506;102310;153.72;200;10279263778;S
20240506;102310;153.72;10;10279263779;S
20240506;102310;153.72;30;10279263780;S
20240506;102310;153.72;10;10279263781;S
20240506;102310;153.7;10;10279263835;S
20240506;102310;153.7;10;10279263836;S
20240506;102310;153.7;100;10279263837;S
20240506;102310;153.7;10;10279263838;S
20240506;102310;153.7;10;10279263839;S
20240506;102310;153.7;10;10279263840;S
20240506;102310;153.7;10;10279263841;S
20240506;102310;153.7;50;10279263842;S
20240506;102310;153.7;10;10279263843;S
20240506;102310;153.7;90;10279263844;S
20240506;102310;153.7;10;10279263845;S
20240506;102310;153.7;50;10279263846;S
20240506;102310;153.7;50;10279263847;S
20240506;102310;153.7;30;10279263848;S
20240506;102310;153.7;30;10279263849;S
20240506;102310;153.7;20;10279263850;S
20240506;102310;153.7;100;10279263851;S
20240506;102310;153.7;20;10279263852;S
20240506;102310;153.7;780;10279263853;S
20240506;102310;153.68;10;10279263877;S
20240506;102311;153.68;50;10279264015;S
20240506;102311;153.68;10;10279264108;S
20240506;102311;153.7;10;10279264110;B
20240506;102316;153.7;60;10279266214;B
20240506;102316;153.68;170;10279266302;S
20240506;102319;153.7;20;10279266625;B
20240506;102319;153.7;10;10279266654;B
20240506;102324;153.68;70;10279268405;S
20240506;102324;153.68;130;10279268406;S
20240506;102325;153.68;20;10279269224;B
20240506;102326;153.68;300;10279269539;B
20240506;102332;153.68;660;10279271913;B
20240506;102332;153.68;500;10279271943;S
20240506;102333;153.7;70;10279271997;B
20240506;102333;153.7;30;10279271998;B
20240506;102333;153.7;50;10279272050;S
20240506;102335;153.68;20;10279272583;S
20240506;102335;153.7;10;10279272597;B
20240506;102337;153.7;10;10279272838;B
20240506;102338;153.68;30;10279273604;S
20240506;102341;153.68;2040;10279274520;S
20240506;102341;153.68;500;10279274521;S
20240506;102343;153.68;10;10279275557;S
20240506;102343;153.68;370;10279275558;S
20240506;102344;153.68;30;10279275913;B
20240506;102348;153.68;10;10279276635;B
20240506;102349;153.68;30;10279276664;B
20240506;102350;153.68;10;10279277174;B
20240506;102351;153.68;10;10279277205;B
20240506;102352;153.68;10;10279278121;B
20240506;102353;153.68;10;10279278213;B
20240506;102353;153.68;10;10279278353;B
20240506;102357;153.66;100;10279279348;S
20240506;102357;153.66;10;10279279349;S
20240506;102357;153.66;2890;10279279350;S
20240506;102357;153.64;10;10279279357;S
20240506;102357;153.64;10;10279279358;S
20240506;102357;153.64;60;10279279359;S
20240506;102357;153.64;50;10279279360;S
20240506;102357;153.64;160;10279279361;S
20240506;102357;153.64;50;10279279362;S
20240506;102357;153.62;10;10279279363;S
20240506;102357;153.62;10;10279279364;S
20240506;102357;153.6;100;10279279365;S
20240506;102357;153.6;10;10279279366;S
20240506;102357;153.6;10;10279279367;S
20240506;102357;153.6;10;10279279368;S
20240506;102357;153.6;10;10279279369;S
20240506;102357;153.6;10;10279279370;S
20240506;102357;153.6;20;10279279371;S
20240506;102357;153.6;10;10279279372;S
20240506;102357;153.6;10;10279279373;S
20240506;102357;153.6;100;10279279374;S
20240506;102357;153.6;250;10279279375;S
20240506;102357;153.6;10;10279279376;S
20240506;102357;153.6;10;10279279377;S
20240506;102357;153.6;30;10279279378;S
20240506;102357;153.6;30;10279279379;S
20240506;102357;153.6;10;10279279380;S
20240506;102357;153.6;10;10279279381;S
20240506;102357;153.6;160;10279279446;S
20240506;102357;153.6;640;10279279447;S
20240506;102358;153.6;100;10279279519;B
20240506;102358;153.6;10;10279279579;B
20240506;102358;153.6;150;10279279583;B
20240506;102358;153.58;10;10279279585;S
20240506;102358;153.58;10;10279279586;S
20240506;102358;153.58;280;10279279587;S
20240506;102358;153.56;10;10279279625;S
20240506;102359;153.58;100;10279279751;B
20240506;102401;153.56;100;10279279977;S
20240506;102401;153.6;10;10279280000;B
20240506;102402;153.6;10;10279281011;B
20240506;102405;153.56;30;10279281525;S
20240506;102405;153.56;130;10279281526;S
20240506;102408;153.58;10;10279282952;S
20240506;102408;153.58;20;10279282953;S
20240506;102408;153.58;10;10279282981;B
20240506;102412;153.56;320;10279283444;S
20240506;102422;153.6;200;10279287226;B
20240506;102429;153.6;10;10279290250;B
20240506;102433;153.6;320;10279291607;B
20240506;102434;153.6;90;10279291660;B
20240506;102434;153.6;10;10279291661;B
20240506;102444;153.56;10;10279295174;S
20240506;102446;153.6;10;10279295514;B
20240506;102446;153.6;10;10279295527;B
20240506;102446;153.56;500;10279295533;S
20240506;102456;153.56;10;10279298537;S
20240506;102500;153.6;10;10279300614;B
20240506;102505;153.6;50;10279302244;B
20240506;102508;153.6;80;10279302597;B
20240506;102508;153.6;80;10279302598;B
20240506;102510;153.56;30;10279303631;S
20240506;102510;153.58;10;10279303713;B
20240506;102510;153.56;30;10279303726;S
20240506;102512;153.56;10;10279304009;S
20240506;102513;153.56;10;10279305395;S
20240506;102520;153.56;300;10279307298;S
20240506;102521;153.6;10;10279308089;B
20240506;102529;153.58;10;10279311024;S
20240506;102529;153.58;20;10279311025;S
20240506;102529;153.6;70;10279311026;B
20240506;102533;153.56;10;10279311885;S
20240506;102533;153.56;200;10279312402;S
20240506;102535;153.58;10;10279312678;B
20240506;102536;153.56;10;10279312713;S
20240506;102539;153.56;430;10279313308;S
20240506;102539;153.56;170;10279313309;S
20240506;102542;153.56;20;10279313631;S
20240506;102542;153.56;10;10279313661;S
20240506;102542;153.56;10;10279313662;S
20240506;102542;153.56;160;10279313663;S
20240506;102542;153.56;1340;10279313664;S
20240506;102542;153.56;10;10279313688;B
20240506;102545;153.56;1300;10279315054;B
20240506;102545;153.56;150;10279315055;B
20240506;102546;153.54;10;10279316252;S
20240506;102546;153.54;90;10279316253;S
20240506;102547;153.56;50;10279316344;B
20240506;102550;153.54;100;10279316632;S
20240506;102553;153.56;60;10279317454;B
20240506;102554;153.54;900;10279317636;S
20240506;102555;153.54;70;10279317781;S
20240506;102605;153.54;10;10279322050;S
20240506;102606;153.56;70;10279322155;B
20240506;102606;153.54;1830;10279322159;S
20240506;102606;153.54;10;10279322160;S
20240506;102606;153.54;70;10279322161;S
20240506;102606;153.54;500;10279322162;S
20240506;102606;153.54;10;10279322163;S
20240506;102606;153.54;10;10279322164;S
20240506;102606;153.54;2000;10279322165;S
20240506;102606;153.54;50;10279322166;S
20240506;102606;153.54;500;10279322167;S
20240506;102606;153.54;10;10279322168;S
20240506;102606;153.54;1530;10279322169;S
20240506;102609;153.54;10;10279322851;S
20240506;102613;153.56;50;10279324815;B
20240506;102614;153.54;2400;10279324847;S
20240506;102614;153.52;100;10279324848;S
20240506;102614;153.52;100;10279324849;S
20240506;102614;153.52;10;10279324850;S
20240506;102614;153.52;10;10279324851;S
20240506;102614;153.52;10;10279324852;S
20240506;102614;153.52;10;10279324853;S
20240506;102614;153.52;100;10279324854;S
20240506;102614;153.52;100;10279324855;S
20240506;102614;153.52;10;10279324856;S
20240506;102614;153.52;1410;10279324857;S
20240506;102614;153.52;150;10279324858;S
20240506;102614;153.52;8440;10279324859;S
20240506;102614;153.52;10;10279324860;S
20240506;102614;153.52;160;10279324861;S
20240506;102614;153.52;5000;10279324862;S
20240506;102614;153.5;40;10279324863;S
20240506;102614;153.5;10;10279324864;S
20240506;102614;153.5;590;10279324865;S
20240506;102614;153.5;10;10279324866;S
20240506;102614;153.52;30;10279324942;S
20240506;102616;153.54;100;10279325464;B
20240506;102617;153.54;160;10279325573;B
20240506;102617;153.54;140;10279325574;B
20240506;102617;153.5;70;10279325598;S
20240506;102619;153.5;80;10279327158;S
20240506;102619;153.5;10;10279327159;S
20240506;102619;153.5;10;10279327160;S
20240506;102619;153.5;10;10279327161;S
20240506;102619;153.5;10;10279327162;S
20240506;102619;153.5;40;10279327163;S
20240506;102619;153.5;40;10279327164;S
20240506;102619;153.5;10;10279327165;S
20240506;102619;153.5;70;10279327166;S
20240506;102619;153.5;50;10279327167;S
20240506;102619;153.5;20;10279327168;S
20240506;102619;153.5;10;10279327169;S
20240506;102619;153.5;30;10279327170;S
20240506;102619;153.5;160;10279327171;S
20240506;102619;153.5;10;10279327172;S
20240506;102619;153.5;20;10279327173;S
20240506;102619;153.5;20;10279327174;S
20240506;102619;153.5;100;10279327175;S
20240506;102619;153.5;10;10279327176;S
20240506;102619;153.5;10;10279327177;S
20240506;102619;153.5;10;10279327178;S
20240506;102619;153.5;10;10279327179;S
20240506;102619;153.5;10;10279327180;S
20240506;102619;153.5;100;10279327181;S
20240506;102619;153.5;10;10279327182;S
20240506;102619;153.5;10;10279327183;S
20240506;102619;153.5;10;10279327184;S
20240506;102619;153.5;50;10279327185;S
20240506;102619;153.5;310;10279327186;S
20240506;102619;153.5;10;10279327187;S
20240506;102619;153.5;10;10279327188;S
20240506;102619;153.5;140;10279327189;S
20240506;102620;153.52;10;10279327254;B
20240506;102623;153.52;10;10279327946;B
20240506;102623;153.54;10;10279328259;B
20240506;102624;153.52;10;10279328405;S
20240506;102628;153.5;60;10279329939;S
20240506;102628;153.5;10;10279329940;S
20240506;102628;153.5;10;10279329941;S
20240506;102628;153.5;200;10279329942;S
20240506;102628;153.5;200;10279329943;S
20240506;102628;153.5;20;10279329944;S
20240506;102628;153.52;60;10279330300;B
20240506;102630;153.52;130;10279331037;B
20240506;102630;153.52;10;10279331321;B
20240506;102632;153.52;30;10279331485;B
20240506;102633;153.52;200;10279331870;B
20240506;102637;153.52;600;10279333664;B
20240506;102637;153.52;610;10279333665;B
20240506;102643;153.54;160;10279334765;B
20240506;102643;153.54;40;10279334766;B
20240506;102645;153.54;10;10279335633;B
20240506;102646;153.52;10;10279336361;S
20240506;102647;153.54;50;10279336672;B
20240506;102649;153.54;30;10279336913;B
20240506;102650;153.54;720;10279337258;B
20240506;102650;153.54;280;10279337259;B
20240506;102650;153.52;40;10279337299;S
20240506;102652;153.52;100;10279337617;S
20240506;102653;153.52;220;10279337676;S
20240506;102657;153.54;300;10279340109;B
20240506;102657;153.52;410;10279340146;S
20240506;102657;153.52;90;10279340147;S
20240506;102658;153.54;500;10279340233;B
20240506;102701;153.54;10;10279340666;B
20240506;102701;153.54;10;10279340671;B
20240506;102701;153.52;10;10279340777;S
20240506;102701;153.52;40;10279340778;S
20240506;102702;153.52;770;10279341235;S
20240506;102702;153.52;200;10279341285;S
20240506;102702;153.5;100;10279341286;S
20240506;102707;153.54;250;10279341916;B
20240506;102708;153.54;100;10279343065;B
20240506;102710;153.54;130;10279343441;B
20240506;102712;153.5;10;10279344879;S
20240506;102714;153.54;100;10279345556;B
20240506;102714;153.52;10;10279345980;S
20240506;102714;153.52;10;10279345981;S
20240506;102715;153.54;10;10279346006;B
20240506;102715;153.54;10;10279346021;B
20240506;102717;153.54;10;10279346548;B
20240506;102718;153.54;10;10279346720;B
20240506;102720;153.54;20;10279346979;B
20240506;102720;153.54;10;10279347009;B
20240506;102721;153.54;10;10279347157;B
20240506;102721;153.54;10;10279347185;B
20240506;102722;153.52;400;10279347204;S
20240506;102725;153.54;30;10279347859;B
20240506;102727;153.52;40;10279347986;S
20240506;102729;153.52;10;10279348419;S
20240506;102729;153.52;590;10279348427;B
20240506;102730;153.52;40;10279348450;S
20240506;102732;153.54;60;10279348758;B
20240506;102732;153.54;20;10279348776;B
20240506;102734;153.54;100;10279349053;B
20240506;102734;153.52;10;10279349164;S
20240506;102735;153.54;800;10279349241;B
20240506;102735;153.54;2660;10279349242;B
20240506;102735;153.54;50;10279349243;B
20240506;102735;153.54;510;10279349244;B
20240506;102735;153.54;130;10279349245;B
20240506;102735;153.54;130;10279349246;B
20240506;102735;153.54;60;10279349247;B
20240506;102735;153.54;5000;10279349248;B
20240506;102735;153.54;50;10279349249;B
20240506;102735;153.56;20;10279349250;B
20240506;102735;153.56;60;10279349251;B
20240506;102735;153.56;80;10279349252;B
20240506;102735;153.58;50;10279349253;B
20240506;102735;153.58;100;10279349254;B
20240506;102735;153.58;300;10279349255;B
20240506;102736;153.6;100;10279349333;B
20240506;102737;153.6;100;10279349458;B
20240506;102737;153.6;100;10279349459;B
20240506;102737;153.6;10;10279349476;B
20240506;102737;153.6;1300;10279349477;S
20240506;102737;153.62;500;10279349478;B
20240506;102741;153.62;5560;10279349813;B
20240506;102743;153.62;50;10279350349;B
20240506;102744;153.62;10;10279350465;B
20240506;102745;153.62;10;10279350647;B
20240506;102747;153.62;250;10279350828;B
20240506;102750;153.6;10;10279351550;S
20240506;102752;153.58;40;10279351938;S
20240506;102755;153.58;10;10279352452;S
20240506;102755;153.58;180;10279352453;S
20240506;102757;153.6;10;10279352677;B
20240506;102758;153.6;20;10279352860;B
20240506;102804;153.6;10;10279353748;B
20240506;102806;153.6;480;10279354112;B
20240506;102806;153.6;130;10279354113;B
20240506;102806;153.6;4940;10279354114;B
20240506;102811;153.58;450;10279355041;S
20240506;102811;153.58;30;10279355133;S
20240506;102813;153.6;2760;10279355358;B
20240506;102813;153.6;100;10279355359;B
20240506;102813;153.62;620;10279355360;B
20240506;102813;153.62;200;10279355361;B
20240506;102813;153.62;600;10279355362;B
20240506;102813;153.64;10000;10279355363;B
20240506;102813;153.68;50;10279355364;B
20240506;102813;153.68;10000;10279355365;B
20240506;102813;153.68;1000;10279355366;B
20240506;102814;153.7;50;10279355390;B
20240506;102814;153.8;30;10279355391;B
20240506;102814;153.8;270;10279355399;B
20240506;102814;153.8;230;10279355400;B
20240506;102814;153.78;10;10279355430;S
20240506;102815;153.8;300;10279355511;B
20240506;102815;153.8;200;10279355546;B
20240506;102816;153.78;40;10279355709;S
20240506;102816;153.78;60;10279355710;S
20240506;102820;153.78;50;10279356269;S
20240506;102820;153.78;780;10279356270;S
20240506;102826;153.8;20;10279357057;B
20240506;102826;153.8;510;10279357058;B
20240506;102826;153.8;120;10279357059;B
20240506;102826;153.82;700;10279357060;B
20240506;102826;153.84;30;10279357061;B
20240506;102827;153.84;1270;10279357208;B
20240506;102827;153.86;210;10279357209;B
20240506;102833;153.8;100;10279358272;S
20240506;102833;153.8;10;10279358273;S
20240506;102833;153.8;2090;10279358274;S
20240506;102837;153.84;40;10279358894;B
20240506;102841;153.84;20;10279359455;B
20240506;102845;153.84;10;10279359849;B
20240506;102845;153.8;2280;10279359915;S
20240506;102848;153.8;100;10279360278;S
20240506;102851;153.82;100;10279360798;B
20240506;102853;153.82;20;10279361127;B
20240506;102855;153.82;10;10279361364;B
20240506;102857;153.82;20;10279361684;B
20240506;102857;153.82;10;10279361740;B
20240506;102903;153.82;580;10279362942;B
20240506;102903;153.82;130;10279362943;B
20240506;102903;153.82;290;10279362944;B
20240506;102907;153.8;200;10279363521;S
20240506;102908;153.82;10;10279363609;B
20240506;102913;153.82;40;10279364309;B
20240506;102917;153.8;750;10279365040;S
20240506;102918;153.82;10;10279365189;B
20240506;102919;153.82;10;10279365296;B
20240506;102919;153.82;40;10279365331;B
20240506;102923;153.82;100;10279365884;B
20240506;102924;153.82;100;10279365966;B
20240506;102925;153.8;10;10279366119;S
20240506;102931;153.8;200;10279367014;S
20240506;102932;153.82;100;10279367112;B
20240506;102935;153.82;420;10279367464;B
20240506;102937;153.82;100;10279367656;B
20240506;102938;153.82;70;10279367818;B
20240506;102938;153.82;210;10279367819;B
20240506;102942;153.8;670;10279368401;S
20240506;102942;153.8;80;10279368402;S
20240506;102946;153.82;10;10279368926;B
20240506;102947;153.82;10;10279369102;B
20240506;102947;153.8;100;10279369156;S
20240506;102947;153.8;10;10279369157;S
20240506;102947;153.8;40;10279369158;S
20240506;102947;153.8;50;10279369159;S
20240506;102947;153.8;10;10279369160;S
20240506;102947;153.8;170;10279369161;S
20240506;102948;153.8;60;10279369303;S
20240506;102949;153.8;100;10279369451;S
20240506;102950;153.82;120;10279369522;B
20240506;102955;153.82;10;10279370070;B
20240506;103003;153.82;40;10279371208;B
20240506;103003;153.8;70;10279371305;S
20240506;103003;153.8;80;10279371384;S
20240506;103007;153.82;260;10279372057;B
20240506;103008;153.8;10;10279372186;S
20240506;103009;153.8;5000;10279372423;S
20240506;103010;153.8;10;10279372474;S
20240506;103012;153.82;10;10279372749;B
20240506;103014;153.8;10;10279373076;S
20240506;103016;153.8;10;10279373346;S
20240506;103016;153.8;10;10279373407;S
20240506;103016;153.8;10;10279373408;S
20240506;103016;153.8;690;10279373409;S
20240506;103020;153.82;50;10279373929;B
20240506;103021;153.82;10;10279374068;B
20240506;103028;153.82;70;10279374987;B
20240506;103031;153.82;10;10279375456;B
20240506;103032;153.82;100;10279375509;B
20240506;103033;153.8;10;10279375717;S
20240506;103033;153.8;70;10279375818;S
20240506;103035;153.8;10;10279376085;S
20240506;103036;153.82;10;10279376227;B
20240506;103037;153.82;20;10279376397;B
20240506;103038;153.82;10;10279376593;B
20240506;103039;153.8;10;10279376753;S
20240506;103041;153.8;300;10279376994;S
20240506;103041;153.8;100;10279377130;S
20240506;103041;153.8;20;10279377131;S
20240506;103041;153.8;1880;10279377132;S
20240506;103042;153.82;10;10279377265;B
20240506;103046;153.8;50;10279377785;S
20240506;103046;153.8;20;10279377786;S
20240506;103046;153.78;50;10279377787;S
20240506;103046;153.78;380;10279377788;S
20240506;103046;153.8;20;10279377796;B
20240506;103047;153.8;20;10279377801;B
20240506;103047;153.8;10;10279377804;B
20240506;103047;153.8;10;10279377805;B
20240506;103047;153.78;20;10279377830;B
20240506;103047;153.78;20;10279377833;B
20240506;103047;153.78;10;10279377842;B
20240506;103047;153.8;10;10279377843;B
20240506;103047;153.78;10;10279377846;B
20240506;103048;153.78;40;10279378022;B
20240506;103048;153.8;60;10279378023;B
20240506;103050;153.8;10;10279378183;B
20240506;103056;153.78;60;10279379188;B
20240506;103100;153.78;150;10279379627;B
20240506;103100;153.78;350;10279379628;B
20240506;103100;153.78;450;10279379667;B
20240506;103100;153.8;50;10279379668;B
20240506;103107;153.8;20;10279380548;B
20240506;103108;153.8;200;10279380837;B
20240506;103109;153.8;10;10279380905;B
20240506;103111;153.8;10;10279381175;B
20240506;103116;153.8;200;10279381868;B
20240506;103122;153.78;10;10279382677;S
20240506;103122;153.78;200;10279382678;S
20240506;103122;153.76;100;10279382679;S
20240506;103122;153.76;170;10279382680;S
20240506;103122;153.76;220;10279382681;S
20240506;103123;153.78;650;10279382907;B
20240506;103127;153.76;20;10279383364;S
20240506;103133;153.78;40;10279385431;B
20240506;103133;153.78;20;10279385482;B
20240506;103133;153.78;600;10279385483;B
20240506;103135;153.78;20;10279385812;B
20240506;103136;153.76;80;10279385918;S
20240506;103136;153.76;10;10279385919;S
20240506;103136;153.76;210;10279385939;B
20240506;103136;153.76;10;10279385940;B
20240506;103136;153.78;590;10279385941;B
20240506;103136;153.78;160;10279385942;B
20240506;103136;153.78;50;10279385943;B
20240506;103138;153.8;10;10279386150;B
20240506;103138;153.8;20;10279386224;B
20240506;103138;153.78;800;10279386278;S
20240506;103139;153.8;10;10279386452;B
20240506;103140;153.8;130;10279386584;B
20240506;103141;153.78;10;10279386681;S
20240506;103142;153.8;200;10279386793;B
20240506;103142;153.8;360;10279386817;B
20240506;103142;153.8;190;10279386818;B
20240506;103142;153.8;680;10279386819;B
20240506;103142;153.78;680;10279386836;S
20240506;103147;153.8;200;10279387644;B
20240506;103147;153.78;490;10279387707;S
20240506;103147;153.78;260;10279387708;S
20240506;103149;153.78;80;10279388098;B
20240506;103149;153.78;650;10279388099;B
20240506;103149;153.78;270;10279388100;B
20240506;103149;153.8;120;10279388101;B
20240506;103149;153.8;160;10279388102;B
20240506;103149;153.8;640;10279388103;B
20240506;103150;153.8;10;10279388228;B
20240506;103150;153.8;20;10279388278;B
20240506;103152;153.74;10;10279388409;S
20240506;103152;153.74;340;10279388410;S
20240506;103153;153.76;90;10279388582;B
20240506;103153;153.78;650;10279388583;B
20240506;103153;153.8;1040;10279388584;B
20240506;103153;153.8;180;10279388585;B
20240506;103153;153.8;80;10279388586;B
20240506;103153;153.8;80;10279388587;B
20240506;103153;153.8;1620;10279388588;B
20240506;103153;153.8;250;10279388589;B
20240506;103153;153.8;1010;10279388590;B
20240506;103154;153.8;50;10279388741;B
20240506;103203;153.8;90;10279390853;B
20240506;103203;153.74;30;10279390854;S
20240506;103211;153.8;10;10279391965;B
20240506;103215;153.74;20;10279392455;S
20240506;103215;153.74;10;10279392456;S
20240506;103215;153.74;80;10279392457;S
20240506;103219;153.72;10;10279393148;S
20240506;103219;153.72;30;10279393169;S
20240506;103219;153.72;10;10279393171;S
20240506;103219;153.72;10;10279393175;S
20240506;103219;153.72;10;10279393176;S
20240506;103219;153.72;30;10279393177;S
20240506;103219;153.72;10;10279393178;S
20240506;103219;153.72;10;10279393180;S
20240506;103219;153.72;40;10279393182;S
20240506;103219;153.72;20;10279393183;S
20240506;103219;153.72;10;10279393184;S
20240506;103219;153.72;10;10279393186;S
20240506;103219;153.72;10;10279393187;S
20240506;103219;153.72;10;10279393188;S
20240506;103219;153.72;10;10279393189;S
20240506;103219;153.72;10;10279393192;S
20240506;103219;153.72;10;10279393193;S
20240506;103219;153.72;10;10279393194;S
20240506;103219;153.72;10;10279393195;S
20240506;103219;153.72;10;10279393196;S
20240506;103219;153.72;10;10279393197;S
20240506;103219;153.72;10;10279393198;S
20240506;103219;153.72;30;10279393199;S
20240506;103219;153.7;10;10279393200;S
20240506;103219;153.7;10;10279393201;S
20240506;103219;153.7;10;10279393202;S
20240506;103219;153.7;20;10279393203;S
20240506;103219;153.7;10;10279393205;S
20240506;103219;153.7;10;10279393206;S
20240506;103219;153.7;10;10279393207;S
20240506;103220;153.7;10;10279393208;S
20240506;103220;153.7;20;10279393217;S
20240506;103220;153.7;10;10279393220;S
20240506;103220;153.68;10;10279393224;S
20240506;103220;153.68;20;10279393226;S
20240506;103220;153.68;10;10279393228;S
20240506;103220;153.68;10;10279393230;S
20240506;103220;153.68;10;10279393239;S
20240506;103220;153.68;10;10279393247;S
20240506;103220;153.68;10;10279393248;S
20240506;103220;153.68;10;10279393249;S
20240506;103220;153.68;20;10279393250;S
20240506;103220;153.68;10;10279393251;S
20240506;103220;153.68;30;10279393252;S
20240506;103220;153.68;30;10279393253;S
20240506;103220;153.68;10;10279393254;S
20240506;103220;153.68;10;10279393259;S
20240506;103220;153.68;10;10279393262;S
20240506;103220;153.68;20;10279393264;S
20240506;103220;153.68;10;10279393265;S
20240506;103220;153.68;10;10279393266;S
20240506;103220;153.68;10;10279393268;S
20240506;103220;153.68;30;10279393269;S
20240506;103220;153.68;10;10279393272;S
20240506;103220;153.68;10;10279393273;S
20240506;103220;153.68;10;10279393274;S
20240506;103220;153.68;10;10279393275;S
20240506;103220;153.68;10;10279393281;S
20240506;103220;153.68;10;10279393282;S
20240506;103220;153.68;10;10279393283;S
20240506;103220;153.68;10;10279393284;S
20240506;103220;153.68;10;10279393286;S
20240506;103220;153.68;10;10279393291;S
20240506;103220;153.68;10;10279393294;S
20240506;103220;153.68;10;10279393295;S
20240506;103220;153.68;20;10279393300;S
20240506;103220;153.68;10;10279393301;S
20240506;103220;153.68;10;10279393302;S
20240506;103220;153.68;20;10279393313;S
20240506;103220;153.68;20;10279393317;S
20240506;103220;153.68;10;10279393318;S
20240506;103220;153.68;10;10279393319;S
20240506;103220;153.68;10;10279393320;S
20240506;103220;153.68;10;10279393321;S
20240506;103220;153.68;10;10279393322;S
20240506;103220;153.68;10;10279393324;S
20240506;103220;153.68;10;10279393325;S
20240506;103220;153.68;10;10279393327;S
20240506;103220;153.68;10;10279393332;S
20240506;103220;153.68;20;10279393333;S
20240506;103220;153.68;30;10279393334;S
20240506;103220;153.68;10;10279393342;S
20240506;103220;153.64;10;10279393388;S
20240506;103220;153.64;10;10279393394;S
20240506;103220;153.64;10;10279393395;S
20240506;103220;153.64;10;10279393397;S
20240506;103220;153.64;10;10279393398;S
20240506;103220;153.64;50;10279393399;S
20240506;103220;153.64;40;10279393400;S
20240506;103220;153.64;10;10279393401;S
20240506;103220;153.64;10;10279393402;S
20240506;103220;153.64;10;10279393403;S
20240506;103220;153.64;60;10279393404;S
20240506;103220;153.64;10;10279393405;S
20240506;103220;153.64;10;10279393406;S
20240506;103220;153.64;10;10279393407;S
20240506;103220;153.64;10;10279393410;S
20240506;103220;153.64;10;10279393411;S
20240506;103220;153.64;10;10279393412;S
20240506;103220;153.64;10;10279393413;S
20240506;103220;153.64;10;10279393414;S
20240506;103220;153.62;20;10279393416;S
20240506;103220;153.62;10;10279393418;S
20240506;103220;153.62;10;10279393419;S
20240506;103220;153.62;10;10279393420;S
20240506;103221;153.62;10;10279393421;S
20240506;103221;153.62;10;10279393428;S
20240506;103221;153.62;10;10279393429;S
20240506;103221;153.62;10;10279393432;S
20240506;103221;153.62;10;10279393437;S
20240506;103221;153.62;10;10279393439;S
20240506;103221;153.62;10;10279393443;S
20240506;103221;153.62;10;10279393444;S
20240506;103221;153.62;10;10279393445;S
20240506;103221;153.62;10;10279393448;S
20240506;103221;153.62;10;10279393449;S
20240506;103221;153.62;10;10279393450;S
20240506;103221;153.62;10;10279393451;S
20240506;103221;153.62;30;10279393452;S
20240506;103221;153.62;10;10279393455;S
20240506;103221;153.62;10;10279393456;S
20240506;103221;153.62;10;10279393458;S
20240506;103221;153.6;10;10279393459;S
20240506;103221;153.6;10;10279393460;S
20240506;103221;153.6;10;10279393461;S
20240506;103221;153.6;100;10279393462;S
20240506;103221;153.6;20;10279393463;S
20240506;103221;153.6;10;10279393464;S
20240506;103221;153.6;10;10279393465;S
20240506;103221;153.6;30;10279393466;S
20240506;103221;153.6;10;10279393467;S
20240506;103221;153.6;10;10279393468;S
20240506;103221;153.6;20;10279393470;S
20240506;103221;153.6;10;10279393471;S
20240506;103221;153.6;10;10279393472;S
20240506;103221;153.6;10;10279393473;S
20240506;103221;153.6;10;10279393474;S
20240506;103221;153.6;10;10279393475;S
20240506;103221;153.6;10;10279393476;S
20240506;103221;153.6;10;10279393477;S
20240506;103221;153.6;10;10279393479;S
20240506;103221;153.6;10;10279393480;S
20240506;103221;153.6;100;10279393481;S
20240506;103221;153.6;10;10279393482;S
20240506;103221;153.6;10;10279393484;S
20240506;103221;153.6;10;10279393485;S
20240506;103221;153.6;10;10279393486;S
20240506;103221;153.6;10;10279393487;S
20240506;103221;153.6;10;10279393492;S
20240506;103221;153.6;20;10279393497;S
20240506;103221;153.6;210;10279393498;S
20240506;103221;153.6;10;10279393499;S
20240506;103221;153.6;10;10279393500;S
20240506;103221;153.6;10;10279393501;S
20240506;103221;153.6;10;10279393503;S
20240506;103221;153.6;10;10279393504;S
20240506;103221;153.6;10;10279393505;S
20240506;103221;153.6;10;10279393506;S
20240506;103221;153.6;10;10279393507;S
20240506;103221;153.6;10;10279393508;S
20240506;103221;153.6;10;10279393511;S
20240506;103221;153.6;10;10279393513;S
20240506;103221;153.6;10;10279393522;S
20240506;103221;153.6;10;10279393523;S
20240506;103221;153.6;20;10279393529;S
20240506;103221;153.6;20;10279393531;S
20240506;103221;153.6;10;10279393533;S
20240506;103221;153.6;80;10279393535;S
20240506;103221;153.6;10;10279393538;S
20240506;103221;153.6;30;10279393539;S
20240506;103221;153.6;10;10279393551;S
20240506;103221;153.6;10;10279393554;S
20240506;103221;153.6;10;10279393555;S
20240506;103221;153.6;10;10279393556;S
20240506;103221;153.6;10;10279393557;S
20240506;103221;153.6;10;10279393558;S
20240506;103221;153.6;10;10279393559;S
20240506;103221;153.6;10;10279393560;S
20240506;103221;153.6;20;10279393562;S
20240506;103221;153.6;20;10279393563;S
20240506;103221;153.6;10;10279393564;S
20240506;103221;153.6;20;10279393565;S
20240506;103221;153.6;10;10279393566;S
20240506;103221;153.6;10;10279393567;S
20240506;103221;153.6;10;10279393568;S
20240506;103221;153.6;10;10279393569;S
20240506;103221;153.6;10;10279393572;S
20240506;103221;153.6;10;10279393573;S
20240506;103221;153.6;10;10279393575;S
20240506;103221;153.6;10;10279393576;S
20240506;103221;153.6;10;10279393577;S
20240506;103221;153.6;10;10279393578;S
20240506;103221;153.6;20;10279393579;S
20240506;103221;153.6;10;10279393580;S
20240506;103221;153.6;10;10279393581;S
20240506;103221;153.6;10;10279393582;S
20240506;103221;153.6;10;10279393583;S
20240506;103221;153.6;10;10279393585;S
20240506;103221;153.6;10;10279393586;S
20240506;103221;153.6;10;10279393587;S
20240506;103221;153.6;20;10279393589;S
20240506;103221;153.6;10;10279393590;S
20240506;103221;153.6;10;10279393591;S
20240506;103221;153.6;10;10279393592;S
20240506;103221;153.6;10;10279393594;S
20240506;103221;153.6;40;10279393595;S
20240506;103221;153.6;10;10279393596;S
20240506;103221;153.6;10;10279393597;S
20240506;103221;153.6;10;10279393598;S
20240506;103221;153.6;10;10279393600;S
20240506;103221;153.6;10;10279393601;S
20240506;103221;153.6;10;10279393614;S
20240506;103221;153.6;10;10279393615;S
20240506;103221;153.6;20;10279393617;S
20240506;103221;153.6;10;10279393618;S
20240506;103222;153.58;10;10279393648;S
20240506;103222;153.58;10;10279393650;S
20240506;103222;153.58;10;10279393654;S
20240506;103222;153.58;10;10279393669;S
20240506;103222;153.58;10;10279393670;S
20240506;103222;153.58;10;10279393671;S
20240506;103222;153.58;10;10279393672;S
20240506;103222;153.58;10;10279393673;S
20240506;103222;153.58;40;10279393674;S
20240506;103222;153.56;10;10279393675;S
20240506;103222;153.58;10;10279393678;S
20240506;103222;153.56;20;10279393681;S
20240506;103222;153.56;10;10279393682;S
20240506;103222;153.56;10;10279393683;S
20240506;103222;153.56;10;10279393686;S
20240506;103222;153.56;60;10279393687;S
20240506;103222;153.56;30;10279393690;S
20240506;103222;153.56;10;10279393691;S
20240506;103222;153.54;10;10279393692;S
20240506;103222;153.54;20;10279393693;S
20240506;103222;153.54;10;10279393694;S
20240506;103222;153.54;10;10279393695;S
20240506;103222;153.54;10;10279393696;S
20240506;103222;153.54;10;10279393697;S
20240506;103222;153.54;20;10279393698;S
20240506;103222;153.54;10;10279393700;S
20240506;103222;153.54;10;10279393701;S
20240506;103222;153.54;10;10279393702;S
20240506;103222;153.54;10;10279393703;S
20240506;103222;153.54;10;10279393705;S
20240506;103222;153.54;10;10279393706;S
20240506;103222;153.54;20;10279393708;S
20240506;103222;153.54;10;10279393709;S
20240506;103222;153.54;10;10279393710;S
20240506;103222;153.54;10;10279393711;S
20240506;103222;153.54;20;10279393712;S
20240506;103222;153.54;20;10279393713;S
20240506;103222;153.54;10;10279393714;S
20240506;103222;153.54;10;10279393716;S
20240506;103222;153.54;10;10279393718;S
20240506;103222;153.54;10;10279393719;S
20240506;103222;153.54;10;10279393734;S
20240506;103222;153.54;30;10279393737;S
20240506;103222;153.54;10;10279393738;S
20240506;103222;153.54;10;10279393740;S
20240506;103222;153.54;40;10279393743;S
20240506;103222;153.54;10;10279393744;S
20240506;103222;153.54;10;10279393755;S
20240506;103222;153.54;10;10279393756;S
20240506;103222;153.54;10;10279393757;S
20240506;103222;153.54;10;10279393758;S
20240506;103222;153.54;10;10279393759;S
20240506;103222;153.54;10;10279393760;S
20240506;103222;153.54;10;10279393761;S
20240506;103222;153.54;10;10279393762;S
20240506;103222;153.54;10;10279393764;S
20240506;103222;153.54;10;10279393765;S
20240506;103222;153.54;10;10279393766;S
20240506;103222;153.54;10;10279393767;S
20240506;103222;153.54;10;10279393773;S
20240506;103222;153.54;10;10279393774;S
20240506;103222;153.54;10;10279393777;S
20240506;103222;153.54;10;10279393783;S
20240506;103222;153.54;20;10279393784;S
20240506;103222;153.54;80;10279393785;S
20240506;103222;153.54;10;10279393786;S
20240506;103222;153.54;10;10279393787;S
20240506;103222;153.52;10;10279393789;S
20240506;103222;153.52;10;10279393790;S
20240506;103222;153.52;10;10279393793;S
20240506;103222;153.52;10;10279393795;S
20240506;103222;153.52;10;10279393797;S
20240506;103222;153.52;10;10279393798;S
20240506;103222;153.52;10;10279393799;S
20240506;103222;153.52;10;10279393800;S
20240506;103222;153.52;10;10279393802;S
20240506;103222;153.52;10;10279393803;S
20240506;103222;153.52;20;10279393804;S
20240506;103222;153.52;10;10279393805;S
20240506;103222;153.52;10;10279393806;S
20240506;103222;153.52;10;10279393807;S
20240506;103222;153.52;10;10279393808;S
20240506;103222;153.52;10;10279393809;S
20240506;103222;153.52;10;10279393810;S
20240506;103222;153.52;10;10279393811;S
20240506;103223;153.52;10;10279393821;S
20240506;103223;153.52;40;10279393822;S
20240506;103223;153.52;10;10279393846;S
20240506;103223;153.52;20;10279393847;S
20240506;103223;153.52;10;10279393849;S
20240506;103223;153.52;20;10279393852;S
20240506;103223;153.52;10;10279393853;S
20240506;103223;153.52;10;10279393855;S
20240506;103223;153.52;10;10279393857;S
20240506;103223;153.52;10;10279393860;S
20240506;103223;153.52;10;10279393861;S
20240506;103223;153.52;10;10279393865;S
20240506;103223;153.5;10;10279393866;S
20240506;103223;153.5;10;10279393868;S
20240506;103223;153.5;10;10279393869;S
20240506;103223;153.5;10;10279393877;S
20240506;103223;153.5;10;10279393879;S
20240506;103223;153.5;10;10279393880;S
20240506;103223;153.5;10;10279393881;S
20240506;103223;153.5;10;10279393883;S
20240506;103223;153.5;20;10279393884;S
20240506;103223;153.5;10;10279393885;S
20240506;103223;153.52;10;10279393886;S
20240506;103223;153.52;10;10279393887;S
20240506;103223;153.5;10;10279393888;S
20240506;103223;153.5;10;10279393889;S
20240506;103223;153.5;10;10279393890;S
20240506;103223;153.5;10;10279393892;S
20240506;103223;153.5;10;10279393894;S
20240506;103223;153.5;10;10279393896;S
20240506;103223;153.5;10;10279393904;S
20240506;103223;153.5;10;10279393905;S
20240506;103223;153.5;10;10279393906;S
20240506;103223;153.5;40;10279393907;S
20240506;103223;153.5;10;10279393911;S
20240506;103223;153.5;10;10279393912;S
20240506;103223;153.5;20;10279393913;S
20240506;103223;153.5;10;10279393915;S
20240506;103223;153.5;10;10279393916;S
20240506;103223;153.5;10;10279393918;S
20240506;103223;153.5;10;10279393919;S
20240506;103223;153.5;10;10279393920;S
20240506;103223;153.5;10;10279393921;S
20240506;103223;153.5;10;10279393922;S
20240506;103223;153.5;10;10279393923;S
20240506;103223;153.5;10;10279393928;S
20240506;103223;153.5;20;10279393929;S
20240506;103223;153.5;30;10279393930;S
20240506;103223;153.5;10;10279393931;S
20240506;103223;153.5;40;10279393932;S
20240506;103223;153.5;30;10279393933;S
20240506;103223;153.5;10;10279393934;S
20240506;103223;153.5;10;10279393938;S
20240506;103223;153.5;10;10279393939;S
20240506;103223;153.5;10;10279393940;S
20240506;103223;153.5;10;10279393946;S
20240506;103223;153.5;10;10279393947;S
20240506;103223;153.5;10;10279393948;S
20240506;103223;153.5;10;10279393953;S
20240506;103223;153.5;70;10279393954;S
20240506;103223;153.5;10;10279393957;S
20240506;103223;153.5;10;10279393960;S
20240506;103223;153.5;10;10279393961;S
20240506;103223;153.5;10;10279393963;S
20240506;103223;153.5;10;10279393965;S
20240506;103223;153.5;10;10279393967;S
20240506;103223;153.5;10;10279393968;S
20240506;103223;153.5;10;10279393969;S
20240506;103223;153.5;10;10279393970;S
20240506;103223;153.5;10;10279393971;S
20240506;103223;153.5;10;10279393972;S
20240506;103223;153.5;40;10279393973;S
20240506;103223;153.5;10;10279393974;S
20240506;103223;153.5;10;10279393975;S
20240506;103223;153.5;10;10279393977;S
20240506;103223;153.5;10;10279393978;S
20240506;103223;153.5;10;10279393979;S
20240506;103223;153.5;20;10279393980;S
20240506;103223;153.5;10;10279393981;S
20240506;103223;153.5;10;10279393982;S
20240506;103223;153.5;30;10279393983;S
20240506;103223;153.5;10;10279393984;S
20240506;103223;153.5;10;10279393985;S
20240506;103223;153.5;10;10279393986;S
20240506;103223;153.5;10;10279393987;S
20240506;103223;153.5;10;10279393992;S
20240506;103223;153.5;10;10279393993;S
20240506;103223;153.5;10;10279393994;S
20240506;103223;153.5;10;10279393995;S
20240506;103223;153.5;10;10279393998;S
20240506;103223;153.5;10;10279394000;S
20240506;103223;153.5;1200;10279394026;S
20240506;103223;153.5;20;10279394032;S
20240506;103223;153.5;10;10279394033;S
20240506;103223;153.5;10;10279394034;S
20240506;103223;153.5;10;10279394037;S
20240506;103223;153.5;10;10279394038;S
20240506;103224;153.5;10;10279394043;S
20240506;103224;153.5;10;10279394044;S
20240506;103224;153.5;10;10279394045;S
20240506;103224;153.5;10;10279394049;S
20240506;103224;153.5;10;10279394050;S
20240506;103224;153.5;10;10279394051;S
20240506;103224;153.5;10;10279394052;S
20240506;103224;153.5;10;10279394053;S
20240506;103224;153.5;10;10279394055;S
20240506;103224;153.5;10;10279394077;S
20240506;103224;153.5;10;10279394078;S
20240506;103224;153.5;10;10279394079;S
20240506;103224;153.5;10;10279394081;S
20240506;103224;153.5;10;10279394082;S
20240506;103224;153.5;10;10279394090;S
20240506;103224;153.5;10;10279394091;S
20240506;103224;153.5;10;10279394092;S
20240506;103224;153.5;10;10279394093;S
20240506;103224;153.5;10;10279394094;S
20240506;103224;153.5;10;10279394095;S
20240506;103224;153.5;10;10279394096;S
20240506;103224;153.5;90;10279394097;S
20240506;103224;153.5;10;10279394099;S
20240506;103224;153.5;10;10279394100;S
20240506;103224;153.5;20;10279394101;S
20240506;103224;153.5;10;10279394102;S
20240506;103224;153.5;10;10279394103;S
20240506;103224;153.5;10;10279394104;S
20240506;103224;153.5;20;10279394108;S
20240506;103224;153.5;10;10279394109;S
20240506;103224;153.5;10;10279394110;S
20240506;103224;153.5;10;10279394112;S
20240506;103224;153.5;10;10279394113;S
20240506;103224;153.5;10;10279394114;S
20240506;103224;153.5;30;10279394115;S
20240506;103224;153.5;10;10279394116;S
20240506;103224;153.5;10;10279394117;S
20240506;103224;153.5;30;10279394118;S
20240506;103224;153.5;10;10279394119;S
20240506;103224;153.5;10;10279394120;S
20240506;103224;153.5;10;10279394124;S
20240506;103224;153.5;10;10279394125;S
20240506;103224;153.5;10;10279394126;S
20240506;103224;153.5;10;10279394127;S
20240506;103224;153.5;30;10279394128;S
20240506;103224;153.5;120;10279394129;S
20240506;103224;153.5;10;10279394131;S
20240506;103224;153.5;10;10279394132;S
20240506;103224;153.5;10;10279394133;S
20240506;103224;153.5;10;10279394134;S
20240506;103224;153.5;10;10279394135;S
20240506;103224;153.5;10;10279394137;S
20240506;103224;153.5;10;10279394138;S
20240506;103224;153.5;10;10279394139;S
20240506;103224;153.5;10;10279394140;S
20240506;103224;153.5;10;10279394141;S
20240506;103224;153.5;20;10279394142;S
20240506;103224;153.5;20;10279394144;S
20240506;103224;153.5;10;10279394145;S
20240506;103224;153.5;10;10279394146;S
20240506;103224;153.5;10;10279394147;S
20240506;103224;153.5;10;10279394150;S
20240506;103224;153.5;10;10279394152;S
20240506;103224;153.5;20;10279394153;S
20240506;103224;153.5;10;10279394157;S
20240506;103224;153.5;10;10279394159;S
20240506;103224;153.5;10;10279394160;S
20240506;103224;153.5;10;10279394163;S
20240506;103224;153.5;10;10279394166;S
20240506;103224;153.5;10;10279394175;S
20240506;103224;153.5;10;10279394176;S
20240506;103224;153.5;10;10279394180;S
20240506;103224;153.5;20;10279394184;S
20240506;103224;153.5;10;10279394186;S
20240506;103224;153.5;50;10279394187;S
20240506;103224;153.5;10;10279394189;S
20240506;103224;153.5;10;10279394190;S
20240506;103224;153.5;20;10279394191;S
20240506;103224;153.5;10;10279394192;S
20240506;103224;153.5;20;10279394193;S
20240506;103224;153.5;10;10279394194;S
20240506;103224;153.5;10;10279394198;S
20240506;103224;153.5;30;10279394201;S
20240506;103224;153.5;60;10279394202;S
20240506;103224;153.5;10;10279394203;S
20240506;103224;153.5;20;10279394204;S
20240506;103224;153.5;10;10279394205;S
20240506;103224;153.5;10;10279394206;S
20240506;103224;153.5;110;10279394207;S
20240506;103224;153.5;10;10279394208;S
20240506;103224;153.5;10;10279394210;S
20240506;103224;153.5;10;10279394211;S
20240506;103224;153.5;10;10279394212;S
20240506;103224;153.5;10;10279394213;S
20240506;103224;153.5;20;10279394214;S
20240506;103224;153.5;10;10279394215;S
20240506;103224;153.5;10;10279394216;S
20240506;103224;153.5;10;10279394217;S
20240506;103224;153.5;10;10279394218;S
20240506;103224;153.5;10;10279394222;S
20240506;103224;153.5;10;10279394224;S
20240506;103224;153.5;10;10279394225;S
20240506;103224;153.5;10;10279394228;S
20240506;103224;153.5;10;10279394229;S
20240506;103224;153.5;10;10279394231;S
20240506;103224;153.5;10;10279394233;S
20240506;103224;153.5;10;10279394239;S
20240506;103224;153.5;10;10279394240;S
20240506;103224;153.5;10;10279394243;S
20240506;103224;153.5;10;10279394244;S
20240506;103224;153.5;10;10279394245;S
20240506;103224;153.5;10;10279394246;S
20240506;103224;153.5;10;10279394247;S
20240506;103224;153.5;10;10279394248;S
20240506;103224;153.5;30;10279394249;S
20240506;103224;153.5;10;10279394251;S
20240506;103224;153.5;10;10279394253;S
20240506;103224;153.5;10;10279394254;S
20240506;103224;153.5;60;10279394255;S
20240506;103224;153.5;20;10279394256;S
20240506;103224;153.5;10;10279394257;S
20240506;103224;153.5;10;10279394260;S
20240506;103224;153.5;10;10279394261;S
20240506;103224;153.5;10;10279394262;S
20240506;103224;153.5;10;10279394263;S
20240506;103224;153.5;10;10279394265;S
20240506;103224;153.5;20;10279394266;S
20240506;103224;153.5;400;10279394267;S
20240506;103224;153.5;10;10279394269;S
20240506;103224;153.5;10;10279394271;S
20240506;103224;153.5;30;10279394272;S
20240506;103224;153.5;10;10279394274;S
20240506;103224;153.5;10;10279394277;S
20240506;103224;153.5;10;10279394278;S
20240506;103224;153.5;10;10279394279;S
20240506;103224;153.5;10;10279394281;S
20240506;103224;153.5;10;10279394282;S
20240506;103224;153.5;10;10279394283;S
20240506;103224;153.5;10;10279394284;S
20240506;103225;153.5;10;10279394290;S
20240506;103225;153.5;10;10279394291;S
20240506;103225;153.5;10;10279394292;S
20240506;103225;153.5;70;10279394305;S
20240506;103225;153.5;10;10279394306;S
20240506;103225;153.5;10;10279394307;S
20240506;103225;153.5;10;10279394310;S
20240506;103225;153.5;10;10279394311;S
20240506;103225;153.5;10;10279394312;S
20240506;103225;153.5;20;10279394313;S
20240506;103225;153.5;10;10279394316;S
20240506;103225;153.5;10;10279394317;S
20240506;103225;153.5;10;10279394318;S
20240506;103225;153.5;10;10279394319;S
20240506;103225;153.5;10;10279394320;S
20240506;103225;153.5;10;10279394321;S
20240506;103225;153.5;10;10279394322;S
20240506;103225;153.5;10;10279394323;S
20240506;103225;153.5;10;10279394326;S
20240506;103225;153.5;20;10279394327;S
20240506;103225;153.5;10;10279394328;S
20240506;103225;153.5;10;10279394330;S
20240506;103225;153.5;10;10279394331;S
20240506;103225;153.5;10;10279394332;S
20240506;103225;153.5;40;10279394333;S
20240506;103225;153.5;10;10279394334;S
20240506;103225;153.5;10;10279394336;S
20240506;103225;153.5;20;10279394337;S
20240506;103225;153.5;10;10279394341;S
20240506;103225;153.5;10;10279394343;S
20240506;103225;153.5;10;10279394345;S
20240506;103225;153.5;10;10279394346;S
20240506;103225;153.5;10;10279394347;S
20240506;103225;153.5;10;10279394348;S
20240506;103225;153.5;10;10279394349;S
20240506;103225;153.5;10;10279394350;S
20240506;103225;153.5;20;10279394353;S
20240506;103225;153.5;10;10279394354;S
20240506;103225;153.5;20;10279394357;S
20240506;103225;153.5;10;10279394358;S
20240506;103225;153.5;10;10279394361;S
20240506;103225;153.5;10;10279394362;S
20240506;103225;153.5;10;10279394366;S
20240506;103225;153.5;10;10279394367;S
20240506;103225;153.5;20;10279394368;S
20240506;103225;153.5;10;10279394369;S
20240506;103225;153.5;10;10279394370;S
20240506;103225;153.5;10;10279394372;S
20240506;103225;153.5;10;10279394373;S
20240506;103225;153.5;10;10279394374;S
20240506;103225;153.5;10;10279394375;S
20240506;103225;153.5;10;10279394376;S
20240506;103225;153.5;10;10279394377;S
20240506;103225;153.5;20;10279394378;S
20240506;103225;153.5;80;10279394379;S
20240506;103225;153.5;10;10279394381;S
20240506;103225;153.5;10;10279394382;S
20240506;103225;153.5;10;10279394383;S
20240506;103225;153.5;10;10279394384;S
20240506;103225;153.5;10;10279394393;S
20240506;103225;153.5;10;10279394394;S
20240506;103225;153.5;10;10279394421;S
20240506;103225;153.5;10;10279394437;S
20240506;103225;153.5;10;10279394442;S
20240506;103225;153.5;20;10279394443;S
20240506;103225;153.5;10;10279394444;S
20240506;103225;153.5;10;10279394450;S
20240506;103225;153.5;10;10279394451;S
20240506;103225;153.5;20;10279394452;S
20240506;103225;153.5;10;10279394453;S
20240506;103225;153.5;10;10279394454;S
20240506;103225;153.5;10;10279394456;S
20240506;103225;153.5;10;10279394457;S
20240506;103225;153.5;10;10279394458;S
20240506;103225;153.5;20;10279394459;S
20240506;103225;153.5;10;10279394460;S
20240506;103225;153.5;10;10279394461;S
20240506;103225;153.5;10;10279394462;S
20240506;103225;153.5;10;10279394463;S
20240506;103225;153.5;20;10279394464;S
20240506;103225;153.5;10;10279394465;S
20240506;103225;153.5;10;10279394466;S
20240506;103225;153.5;10;10279394467;S
20240506;103225;153.5;30;10279394468;S
20240506;103225;153.5;10;10279394473;S
20240506;103226;153.5;10;10279394500;S
20240506;103226;153.5;10;10279394501;S
20240506;103226;153.5;10;10279394504;S
