<DATE>;<TIME>;<LAST>;<VOL>;<ID>;<OPER>
20240510;095958;153.96;20;10319420397;B
20240510;095958;153.96;10;10319420398;B
20240510;095958;153.96;300;10319420399;B
20240510;095958;153.96;10;10319420400;S
20240510;095958;153.96;20;10319420401;S
20240510;095958;153.96;130;10319420402;S
20240510;095958;153.96;10;10319420403;S
20240510;095958;153.96;250;10319420404;B
20240510;095958;153.96;10;10319420405;B
20240510;095958;153.96;80;10319420406;S
20240510;095958;153.96;100;10319420407;B
20240510;095958;153.96;20;10319420408;B
20240510;095958;153.96;40;10319420409;B
20240510;095958;153.96;10;10319420410;B
20240510;095958;153.96;10;10319420411;B
20240510;095958;153.96;10;10319420412;B
20240510;095958;153.96;20;10319420413;B
20240510;095958;153.96;10;10319420414;B
20240510;095958;153.96;30;10319420415;B
20240510;095958;153.96;200;10319420416;B
20240510;095958;153.96;20;10319420417;B
20240510;095958;153.96;30;10319420418;B
20240510;095958;153.96;10;10319420419;B
20240510;095958;153.96;100;10319420420;B
20240510;095958;153.96;100;10319420421;B
20240510;095958;153.96;100;10319420422;B
20240510;095958;153.96;10;10319420423;B
20240510;095958;153.96;200;10319420424;B
20240510;095958;153.96;150;10319420425;B
20240510;095958;153.96;40;10319420426;B
20240510;095958;153.96;110;10319420427;B
20240510;095958;153.96;10;10319420428;B
20240510;095958;153.96;10;10319420429;S
20240510;095958;153.96;80;10319420430;S
20240510;100000;153.98;20;10319420697;B
20240510;100000;153.98;380;10319420959;B
20240510;100000;153.98;330;10319420960;B
20240510;100000;153.98;90;10319420961;B
20240510;100000;154;100;10319420962;B
20240510;100000;154;10;10319420963;B
20240510;100000;154;10;10319420964;B
20240510;100000;154.02;50;10319420965;B
20240510;100000;154.04;50;10319420966;B
20240510;100000;154.06;50;10319420967;B
20240510;100000;154.08;300;10319420968;B
20240510;100000;154.08;50;10319420969;B
20240510;100000;154.1;50;10319420970;B
20240510;100000;154.12;50;10319420971;B
20240510;100000;154.14;930;10319420972;B
20240510;100000;154.14;50;10319420973;B
20240510;100000;153.98;50;10319421410;S
20240510;100000;153.96;50;10319421411;S
20240510;100004;154;10;10319424467;B
20240510;100005;154;10;10319425146;B
20240510;100005;154;10;10319425235;B
20240510;100005;154;10;10319425243;B
20240510;100005;154;10;10319425444;B
20240510;100005;154;10;10319425454;B
20240510;100005;154;10;10319425460;B
20240510;100005;154;10;10319425543;B
20240510;100005;154;10;10319425547;B
20240510;100005;154;10;10319425558;B
20240510;100005;154;10;10319425897;B
20240510;100005;154;10;10319425902;B
20240510;100005;154;10;10319425917;B
20240510;100005;154;10;10319426811;B
20240510;100005;154;1000;10319426907;B
20240510;100005;154;10;10319426954;B
20240510;100005;154;10;10319426955;B
20240510;100005;154;50;10319426960;B
20240510;100005;154;10;10319426962;B
20240510;100005;154;10;10319426963;B
20240510;100005;153.98;100;10319426964;S
20240510;100005;154;10;10319426966;B
20240510;100005;154;10;10319426967;B
20240510;100005;154;10;10319427212;B
20240510;100005;154;10;10319427216;B
20240510;100005;154;10;10319427218;B
20240510;100005;154.04;10;10319427264;B
20240510;100006;154.12;10;10319427634;B
20240510;100006;154.12;10;10319427637;B
20240510;100006;154.12;10;10319427640;B
20240510;100006;154.12;10;10319427667;B
20240510;100006;154.12;10;10319427668;B
20240510;100006;154.12;110;10319427995;B
20240510;100006;154.14;50;10319427996;B
20240510;100006;154.14;140;10319427997;B
20240510;100006;154.12;10;10319428003;B
20240510;100006;154.12;10;10319428634;B
20240510;100006;154.12;10;10319428639;B
20240510;100006;154.12;10;10319428645;B
20240510;100006;154.12;10;10319428651;B
20240510;100006;154.14;10;10319428652;B
20240510;100006;154.12;10;10319429051;B
20240510;100006;154.12;10;10319429054;B
20240510;100006;154;10;10319429057;S
20240510;100006;154.12;30;10319429308;B
20240510;100006;154.12;10;10319429309;B
20240510;100006;154.12;40;10319429318;B
20240510;100006;154.14;610;10319429319;B
20240510;100006;154.14;10;10319429420;B
20240510;100006;154.14;10;10319429426;B
20240510;100007;154;40;10319430015;S
20240510;100007;154;160;10319430016;S
20240510;100007;154.12;10;10319430027;B
20240510;100007;154;10;10319430928;S
20240510;100007;154.12;10;10319431105;B
20240510;100007;154.1;20;10319431106;B
20240510;100007;154.1;20;10319431108;B
20240510;100007;154.12;10;10319431112;B
20240510;100008;154.12;20;10319432033;B
20240510;100008;154.12;30;10319432083;B
20240510;100008;154;10;10319432086;S
20240510;100008;154;10;10319432087;S
20240510;100008;154.12;80;10319432144;B
20240510;100008;154.14;280;10319432145;B
20240510;100008;154.14;40;10319432146;B
20240510;100008;154.16;10;10319432299;B
20240510;100010;154.16;10;10319432640;B
20240510;100011;154.16;10;10319432941;B
20240510;100011;154.14;40;10319433145;S
20240510;100011;154.16;70;10319433154;B
20240510;100024;154.16;200;10319436117;B
20240510;100024;154.16;1500;10319436118;B
20240510;100026;154.16;50;10319436346;S
20240510;100026;154.16;100;10319436347;S
20240510;100026;154.16;340;10319436395;S
20240510;100026;154.16;970;10319436396;S
20240510;100026;154.18;10;10319436445;B
20240510;100027;154.18;10;10319436627;B
20240510;100028;154.18;280;10319436684;B
20240510;100028;154.18;60;10319436685;B
20240510;100028;154.18;300;10319436686;B
20240510;100028;154.18;50;10319436687;B
20240510;100028;154.18;180;10319436688;B
20240510;100028;154.22;130;10319436689;B
20240510;100028;154.2;300;10319436788;S
20240510;100030;154.18;10000;10319437045;S
20240510;100030;154.18;160;10319437046;S
20240510;100032;154.04;20;10319437541;B
20240510;100032;154.04;30;10319437556;B
20240510;100032;154.04;160;10319437557;B
20240510;100032;154.06;50;10319437558;B
20240510;100032;154.06;320;10319437559;B
20240510;100037;153.94;10;10319438829;B
20240510;100037;153.88;1500;10319438864;S
20240510;100037;153.88;160;10319438865;S
20240510;100037;153.86;50;10319438868;S
20240510;100037;153.84;300;10319438869;S
20240510;100037;153.84;50;10319438870;S
20240510;100037;153.84;50;10319438871;S
20240510;100037;153.84;50;10319438872;S
20240510;100037;153.84;50;10319438873;S
20240510;100037;153.84;50;10319438877;S
20240510;100037;153.82;10;10319438879;S
20240510;100037;153.82;10;10319438880;S
20240510;100037;153.82;20;10319438881;S
20240510;100037;153.82;20;10319438882;S
20240510;100037;153.82;10;10319438883;S
20240510;100037;153.82;10;10319438884;S
20240510;100037;153.82;10;10319438885;S
20240510;100037;153.82;40;10319438886;S
20240510;100037;153.82;10;10319438887;S
20240510;100037;153.82;10;10319438888;S
20240510;100037;153.82;10;10319438889;S
20240510;100037;153.82;20;10319438890;S
20240510;100037;153.82;100;10319438891;S
20240510;100037;153.82;10;10319438892;S
20240510;100037;153.82;10;10319438893;S
20240510;100037;153.82;10;10319438894;S
20240510;100037;153.82;30;10319438895;S
20240510;100037;153.82;60;10319438896;S
20240510;100037;153.82;60;10319438897;S
20240510;100037;153.82;10;10319438898;S
20240510;100037;153.82;150;10319438899;S
20240510;100037;153.82;10;10319438900;S
20240510;100037;153.82;10;10319438901;S
20240510;100037;153.82;30;10319438902;S
20240510;100037;153.82;100;10319438903;S
20240510;100037;153.82;10;10319438904;S
20240510;100037;153.82;10;10319438905;S
20240510;100037;153.82;100;10319438906;S
20240510;100037;153.82;50;10319438907;S
20240510;100037;153.82;10;10319438908;S
20240510;100037;153.82;800;10319438909;S
20240510;100037;153.82;160;10319438910;S
20240510;100037;153.82;50;10319438918;B
20240510;100037;153.82;50;10319438919;S
20240510;100038;153.82;50;10319438921;S
20240510;100040;153.84;20;10319439447;B
20240510;100042;153.84;30;10319439918;B
20240510;100042;153.84;60;10319439919;B
20240510;100046;153.84;10;10319440597;B
20240510;100048;153.8;10;10319440760;S
20240510;100055;153.8;20;10319442119;S
20240510;100055;153.8;10;10319442120;S
20240510;100055;153.8;10;10319442121;S
20240510;100055;153.8;10;10319442122;S
20240510;100055;153.8;10;10319442178;S
20240510;100101;153.82;10;10319443428;S
20240510;100102;153.84;10;10319443589;B
20240510;100102;153.82;10;10319443617;S
20240510;100103;153.82;200;10319443794;S
20240510;100105;153.84;160;10319444382;B
20240510;100105;153.88;310;10319444383;B
20240510;100105;153.9;2030;10319444384;B
20240510;100109;153.94;90;10319445128;B
20240510;100109;153.94;410;10319445129;B
20240510;100109;153.96;10;10319445182;S
20240510;100109;154;450;10319445187;B
20240510;100117;154;10;10319446876;B
20240510;100118;154.04;10;10319447022;B
20240510;100122;153.98;400;10319447786;S
20240510;100127;154.02;70;10319448569;B
20240510;100128;153.98;200;10319448759;S
20240510;100131;154.04;20;10319449372;B
20240510;100133;154.04;10;10319449574;B
20240510;100142;153.98;10;10319451475;S
20240510;100143;154.04;10;10319451701;B
20240510;100144;154.02;20;10319451918;S
20240510;100146;154.02;10;10319452322;S
20240510;100150;154.06;10;10319452955;B
20240510;100155;154.04;80;10319453643;S
20240510;100155;154.06;10;10319453665;B
20240510;100156;154.06;10;10319453970;B
20240510;100157;154.04;200;10319454112;S
20240510;100206;154.06;160;10319455607;B
20240510;100206;154.06;20;10319455608;B
20240510;100206;154.1;10;10319455701;B
20240510;100206;154.12;30;10319455702;B
20240510;100208;154.12;10;10319456473;S
20240510;100209;154.14;20;10319456614;B
20240510;100209;154.14;10;10319456648;B
20240510;100210;154.16;50;10319456798;B
20240510;100210;154.16;120;10319456801;B
20240510;100212;154.16;830;10319457274;B
20240510;100212;154.18;100;10319457275;B
20240510;100212;154.18;70;10319457276;B
20240510;100212;154.14;50;10319457279;S
20240510;100212;154.14;10;10319457280;S
20240510;100213;154.16;50;10319457427;S
20240510;100213;154.14;10;10319457428;S
20240510;100216;154.2;120;10319458077;B
20240510;100222;154.22;300;10319459067;B
20240510;100223;154.22;120;10319459336;B
20240510;100225;154.22;10;10319459522;B
20240510;100226;154.22;10;10319459830;B
20240510;100227;154.22;110;10319459845;B
20240510;100231;154.22;150;10319460541;B
20240510;100231;154.22;120;10319460548;B
20240510;100233;154.22;50;10319460965;B
20240510;100233;154.22;100;10319460966;B
20240510;100233;154.22;220;10319460967;B
20240510;100234;154.22;200;10319461029;B
20240510;100234;154.24;6570;10319461030;B
20240510;100234;154.24;1000;10319461031;B
20240510;100234;154.24;50;10319461032;B
20240510;100234;154.24;330;10319461053;S
20240510;100235;154.24;6450;10319461139;S
20240510;100235;154.24;50;10319461140;S
20240510;100235;154.24;270;10319461141;S
20240510;100235;154.22;50;10319461142;S
20240510;100235;154.22;160;10319461143;S
20240510;100235;154.2;10;10319461144;S
20240510;100235;154.2;50;10319461145;S
20240510;100235;154.18;50;10319461146;S
20240510;100235;154.16;50;10319461147;S
20240510;100235;154.16;900;10319461148;S
20240510;100235;154.16;800;10319461856;B
20240510;100237;154.14;330;10319462263;S
20240510;100238;154.16;120;10319462402;B
20240510;100245;154.16;10;10319463650;B
20240510;100245;154.16;120;10319463772;B
20240510;100247;154.14;120;10319464123;S
20240510;100247;154.14;280;10319464124;S
20240510;100247;154.12;3300;10319464125;S
20240510;100247;154.12;6300;10319464126;S
20240510;100252;154.14;50;10319464762;B
20240510;100252;154.14;70;10319464763;B
20240510;100258;154.14;30;10319465887;B
20240510;100259;154.14;20;10319465969;B
20240510;100259;154.14;30;10319465970;B
20240510;100259;154.14;10;10319465984;B
20240510;100301;154.12;2680;10319466629;S
20240510;100301;154.12;10;10319466630;S
20240510;100302;154.1;50;10319466845;B
20240510;100304;154.08;230;10319467103;S
20240510;100306;154.08;10;10319467538;B
20240510;100307;154.08;40;10319467599;B
20240510;100307;154.1;10;10319467600;B
20240510;100309;154.08;10;10319467908;S
20240510;100311;154.08;10;10319468203;S
20240510;100318;154.1;10;10319469370;B
20240510;100320;154.08;90;10319469766;S
20240510;100320;154.06;10;10319469767;S
20240510;100326;154.1;10;10319470536;B
20240510;100331;154.08;60;10319471209;S
20240510;100331;154.06;70;10319471210;S
20240510;100333;154.06;40;10319471572;S
20240510;100333;154.06;30;10319471573;S
20240510;100333;154.04;130;10319471574;S
20240510;100337;154.06;50;10319472239;B
20240510;100340;154.08;10;10319472450;B
20240510;100343;154.06;10;10319472844;S
20240510;100343;154.06;2420;10319472848;S
20240510;100343;154.04;10;10319472849;S
20240510;100343;154.02;2300;10319472850;S
20240510;100343;154.02;260;10319472851;S
20240510;100343;154;10;10319472852;S
20240510;100343;154.06;10;10319472881;B
20240510;100348;153.98;150;10319473629;S
20240510;100348;153.96;50;10319473630;S
20240510;100348;153.96;250;10319473631;S
20240510;100348;153.94;10;10319473632;S
20240510;100348;153.94;150;10319473633;S
20240510;100348;153.94;10;10319473634;S
20240510;100348;153.92;1960;10319473635;S
20240510;100348;153.9;160;10319473636;S
20240510;100348;153.9;760;10319473637;S
20240510;100349;153.98;10;10319473777;B
20240510;100349;153.88;10;10319473782;S
20240510;100349;153.86;50;10319473783;S
20240510;100351;153.92;10;10319473946;B
20240510;100352;153.92;40;10319474029;B
20240510;100352;153.94;50;10319474030;B
20240510;100353;153.84;10;10319474158;S
20240510;100402;153.92;20;10319475302;B
20240510;100402;153.92;30;10319475346;B
20240510;100410;153.94;20;10319476271;B
20240510;100417;153.94;40;10319477135;B
20240510;100419;153.94;50;10319477479;B
20240510;100419;154;590;10319477480;B
20240510;100422;153.94;50;10319477765;S
20240510;100422;153.94;150;10319477766;S
20240510;100426;153.96;10;10319478249;S
20240510;100427;154;10;10319478319;B
20240510;100435;153.98;20;10319479391;B
20240510;100438;153.94;10;10319479719;S
20240510;100442;153.98;10;10319480070;B
20240510;100447;153.96;10;10319480855;B
20240510;100456;153.98;1290;10319481980;B
20240510;100458;153.94;400;10319482130;S
20240510;100500;153.94;750;10319482394;S
20240510;100500;153.94;10;10319482395;S
20240510;100500;153.92;1570;10319482396;S
20240510;100500;153.92;2000;10319482397;S
20240510;100500;153.92;50;10319482398;S
20240510;100500;153.92;110;10319482399;S
20240510;100500;153.92;260;10319482400;S
20240510;100500;153.9;100;10319482401;S
20240510;100500;153.9;10;10319482402;S
20240510;100500;153.9;890;10319482403;S
20240510;100500;153.9;1000;10319482494;S
20240510;100500;153.9;410;10319482535;S
20240510;100500;153.88;10;10319482589;B
20240510;100504;153.88;40;10319483231;B
20240510;100504;153.88;260;10319483232;B
20240510;100504;153.9;160;10319483233;B
20240510;100504;153.9;50;10319483234;B
20240510;100504;153.9;1000;10319483235;B
20240510;100504;153.92;8490;10319483236;B
20240510;100505;153.9;10;10319483440;B
20240510;100509;153.9;100;10319483885;B
20240510;100510;153.9;10;10319484011;B
20240510;100513;153.9;10;10319484390;B
20240510;100513;153.9;40;10319484391;B
20240510;100515;153.92;10;10319484775;B
20240510;100521;153.86;100;10319485620;S
20240510;100521;153.86;10;10319485621;S
20240510;100521;153.86;30;10319485622;S
20240510;100521;153.84;250;10319485623;S
20240510;100521;153.82;140;10319485624;S
20240510;100523;153.92;10;10319485748;B
20240510;100523;153.92;20;10319485819;B
20240510;100524;153.92;10;10319485926;B
20240510;100525;153.82;20;10319485952;S
20240510;100525;153.82;10;10319485953;S
20240510;100537;153.9;10;10319487533;B
20240510;100537;153.82;10;10319487587;S
20240510;100539;153.92;10;10319487860;B
20240510;100540;153.86;10;10319487990;S
20240510;100545;153.94;10;10319488640;B
20240510;100552;153.94;10;10319489363;B
20240510;100552;153.94;130;10319489434;B
20240510;100600;153.98;3680;10319490182;B
20240510;100600;153.98;10;10319490183;B
20240510;100600;153.98;20;10319490184;B
20240510;100600;154;10;10319490185;B
20240510;100600;154;240;10319490186;B
20240510;100600;154.02;10;10319490216;B
20240510;100601;154.02;300;10319490280;B
20240510;100602;154.04;50;10319490382;S
20240510;100602;154.02;30;10319490383;S
20240510;100604;154.12;10;10319490518;B
20240510;100607;154.04;20;10319490799;S
20240510;100612;154.04;30;10319491551;S
20240510;100614;154.04;10;10319491684;B
20240510;100622;154.04;10;10319492653;B
20240510;100622;154.04;90;10319492686;B
20240510;100624;154.04;60;10319492962;B
20240510;100624;154.14;40;10319492963;B
20240510;100633;154.04;50;10319493996;S
20240510;100633;154.02;400;10319493997;S
20240510;100633;154.02;50;10319493998;S
20240510;100633;154.02;230;10319493999;S
20240510;100633;154.02;160;10319494000;S
20240510;100633;154;10;10319494008;S
20240510;100635;154.02;10;10319494263;B
20240510;100635;154.02;10;10319494309;B
20240510;100638;154.02;10;10319494548;B
20240510;100639;154.02;1000;10319494725;B
20240510;100641;154.02;100;10319494953;B
20240510;100645;154.02;10;10319495355;B
20240510;100648;154.02;960;10319495757;B
20240510;100658;154.02;1300;10319496595;B
20240510;100703;154.02;10;10319497201;B
20240510;100704;154.02;570;10319497270;B
20240510;100719;154;100;10319498798;S
20240510;100721;154.02;10;10319499141;B
20240510;100724;154.02;10;10319499323;B
20240510;100729;154.02;10;10319499897;B
20240510;100730;154.02;10;10319499965;B
20240510;100734;154;20;10319500463;S
20240510;100742;154.02;30;10319501256;B
20240510;100742;154.02;10;10319501291;B
20240510;100745;154.02;30;10319501553;B
20240510;100749;154.02;10;10319502129;B
20240510;100753;154;10;10319502525;S
20240510;100756;154.02;10;10319502829;B
20240510;100756;154.02;40;10319502830;B
20240510;100757;154;10;10319502883;S
20240510;100759;154;20;10319503074;S
20240510;100759;154.02;10;10319503107;B
20240510;100809;154;60;10319503917;S
20240510;100818;154.02;10;10319504928;B
20240510;100822;154.02;90;10319505345;S
20240510;100822;154.02;50;10319505346;S
20240510;100822;154.02;170;10319505347;S
20240510;100825;154.02;160;10319505698;S
20240510;100825;154.02;40;10319505699;S
20240510;100827;154.04;10;10319505786;B
20240510;100835;154.04;40;10319506551;B
20240510;100839;154.04;10;10319507065;B
20240510;100844;154.04;40;10319507589;B
20240510;100848;154.04;60;10319507985;B
20240510;100850;154.08;200;10319508219;B
20240510;100857;154.06;150;10319508927;S
20240510;100900;154.06;10;10319509305;S
20240510;100900;154.06;100;10319509353;S
20240510;100910;154.08;10;10319510613;B
20240510;100916;154.08;1000;10319511627;B
20240510;100918;154.06;2670;10319511742;S
20240510;100918;154.06;230;10319511743;S
20240510;100918;154.06;1100;10319511744;S
20240510;100918;154.06;40;10319511903;S
20240510;100923;154.08;1670;10319512518;B
20240510;100923;154.08;1530;10319512644;B
20240510;100923;154.08;90;10319512645;B
20240510;100930;154.08;70;10319513594;B
20240510;100930;154.1;10;10319513595;B
20240510;100930;154.12;30;10319513596;B
20240510;100930;154.12;50;10319513630;S
20240510;100933;154.12;200;10319513999;S
20240510;100938;154.12;150;10319514632;S
20240510;100939;154.12;50;10319514657;S
20240510;100939;154.12;150;10319514658;S
20240510;100940;154.12;100;10319514848;S
20240510;100946;154.12;10;10319515782;S
20240510;100947;154.16;10;10319515834;B
20240510;100948;154.12;40;10319515921;S
20240510;100948;154.12;1520;10319515922;S
20240510;100948;154.12;230;10319515923;S
20240510;100952;154.12;10;10319516597;B
20240510;100953;154.12;200;10319516697;B
20240510;100953;154.14;230;10319516698;B
20240510;100953;154.16;570;10319516699;B
20240510;100959;154.14;10;10319517162;S
20240510;100959;154.14;20;10319517163;S
20240510;101000;154.14;10;10319517278;S
20240510;101000;154.12;20;10319517279;S
20240510;101000;154.12;30;10319517332;S
20240510;101003;154.16;420;10319517658;B
20240510;101003;154.16;500;10319517659;B
20240510;101003;154.18;80;10319517660;B
20240510;101006;154.14;30;10319518341;S
20240510;101011;154.18;220;10319518821;B
20240510;101011;154.18;30;10319518822;B
20240510;101011;154.18;50;10319518823;B
20240510;101011;154.2;40;10319518824;B
20240510;101011;154.2;300;10319518825;B
20240510;101011;154.2;200;10319518826;B
20240510;101011;154.2;230;10319518827;B
20240510;101011;154.2;3270;10319518828;B
20240510;101011;154.2;50;10319518829;B
20240510;101011;154.22;50;10319518830;B
20240510;101011;154.22;60;10319518831;B
20240510;101012;154.22;10;10319519034;B
20240510;101017;154.18;20;10319519701;S
20240510;101032;154.2;10;10319521410;B
20240510;101035;154.2;100;10319521832;B
20240510;101039;154.2;870;10319522228;B
20240510;101045;154.2;10;10319522912;B
20240510;101046;154.2;1010;10319523045;B
20240510;101048;154.24;30;10319523573;B
20240510;101048;154.24;200;10319523574;B
20240510;101048;154.26;10;10319523575;B
20240510;101048;154.26;1050;10319523576;B
20240510;101051;154.26;10;10319524010;B
20240510;101055;154.24;50;10319524441;B
20240510;101055;154.26;210;10319524442;B
20240510;101055;154.26;1000;10319524443;B
20240510;101055;154.26;1300;10319524444;B
20240510;101055;154.26;3920;10319524445;B
20240510;101055;154.26;230;10319524446;B
20240510;101055;154.26;50;10319524447;B
20240510;101055;154.26;60;10319524448;B
20240510;101055;154.28;2900;10319524449;B
20240510;101056;154.28;10;10319524528;B
20240510;101056;154.28;20;10319524546;B
20240510;101058;154.28;70;10319524672;B
20240510;101058;154.28;30;10319524673;B
20240510;101058;154.28;110;10319524676;B
20240510;101100;154.28;10;10319525197;B
20240510;101100;154.26;290;10319525392;S
20240510;101105;154.26;60;10319526314;S
20240510;101105;154.26;340;10319526315;S
20240510;101108;154.28;1850;10319526599;B
20240510;101108;154.28;500;10319526600;B
20240510;101108;154.28;140;10319526601;B
20240510;101108;154.28;50;10319526602;B
20240510;101108;154.28;50;10319526603;B
20240510;101108;154.28;1310;10319526604;B
20240510;101108;154.28;170;10319526605;B
20240510;101108;154.3;3860;10319526606;B
20240510;101108;154.3;7000;10319526607;B
20240510;101108;154.3;50;10319526608;B
20240510;101108;154.3;200;10319526708;S
20240510;101111;154.28;200;10319527073;S
20240510;101112;154.34;50;10319527158;B
20240510;101112;154.34;20;10319527159;B
20240510;101112;154.36;500;10319527160;B
20240510;101112;154.36;50;10319527161;B
20240510;101112;154.36;230;10319527162;B
20240510;101112;154.36;150;10319527163;B
20240510;101112;154.36;30;10319527219;B
20240510;101112;154.36;10;10319527223;B
20240510;101112;154.36;10;10319527238;B
20240510;101112;154.36;50;10319527239;B
20240510;101112;154.38;100;10319527240;B
20240510;101112;154.38;300;10319527241;B
20240510;101112;154.38;290;10319527242;B
20240510;101112;154.38;10;10319527243;B
20240510;101112;154.38;50;10319527244;B
20240510;101112;154.38;500;10319527245;B
20240510;101112;154.4;90;10319527246;B
20240510;101113;154.36;40;10319527346;S
20240510;101113;154.34;10;10319527347;S
20240510;101113;154.34;580;10319527366;B
20240510;101113;154.34;50;10319527367;B
20240510;101113;154.36;230;10319527368;B
20240510;101113;154.36;50;10319527369;B
20240510;101113;154.38;50;10319527370;B
20240510;101113;154.38;200;10319527371;B
20240510;101113;154.4;470;10319527372;B
20240510;101113;154.4;300;10319527373;B
20240510;101113;154.4;10;10319527374;B
20240510;101113;154.4;60;10319527375;B
20240510;101114;154.3;50;10319527497;S
20240510;101114;154.3;150;10319527498;S
20240510;101117;154.34;50;10319527883;B
20240510;101117;154.36;10;10319527884;B
20240510;101118;154.4;10;10319527982;B
20240510;101122;154.38;530;10319528445;B
20240510;101122;154.4;80;10319528446;B
20240510;101122;154.4;390;10319528447;B
20240510;101123;154.4;610;10319528463;B
20240510;101123;154.4;1600;10319528464;B
20240510;101123;154.4;220;10319528465;B
20240510;101123;154.42;180;10319528466;B
20240510;101123;154.42;1310;10319528467;B
20240510;101123;154.44;10;10319528468;B
20240510;101123;154.44;10;10319528469;B
20240510;101123;154.44;10;10319528470;B
20240510;101123;154.44;200;10319528471;B
20240510;101123;154.44;500;10319528472;B
20240510;101123;154.44;10;10319528473;B
20240510;101123;154.44;1840;10319528474;B
20240510;101123;154.44;2760;10319528512;B
20240510;101123;154.46;50;10319528513;B
20240510;101123;154.46;220;10319528514;B
20240510;101123;154.46;1310;10319528515;B
20240510;101123;154.46;300;10319528516;B
20240510;101123;154.48;100;10319528517;B
20240510;101123;154.48;500;10319528518;B
20240510;101123;154.48;10;10319528519;B
20240510;101123;154.48;500;10319528520;B
20240510;101123;154.48;200;10319528521;B
20240510;101123;154.48;10;10319528522;B
20240510;101123;154.48;110;10319528523;B
20240510;101123;154.48;430;10319528524;B
20240510;101123;154.36;50;10319528574;S
20240510;101123;154.46;50;10319528587;B
20240510;101123;154.48;480;10319528588;B
20240510;101123;154.48;50;10319528589;B
20240510;101123;154.48;420;10319528590;B
20240510;101124;154.5;160;10319528656;B
20240510;101124;154.5;160;10319528693;B
20240510;101125;154.5;680;10319528860;B
20240510;101125;154.5;320;10319528861;B
20240510;101131;154.44;1000;10319529525;S
20240510;101133;154.44;20;10319529876;B
20240510;101134;154.44;1040;10319529898;B
20240510;101134;154.44;230;10319529899;B
20240510;101134;154.5;3730;10319529900;B
20240510;101135;154.42;30;10319530230;S
20240510;101135;154.42;70;10319530231;S
20240510;101136;154.48;50;10319530296;B
20240510;101143;154.48;10;10319531584;B
20240510;101144;154.48;10;10319531678;B
20240510;101144;154.48;1240;10319531721;B
20240510;101144;154.48;70;10319531722;B
20240510;101144;154.48;80;10319531723;B
20240510;101144;154.5;850;10319531724;B
20240510;101144;154.5;20;10319531725;B
20240510;101144;154.5;10;10319531726;B
20240510;101144;154.5;10;10319531727;B
20240510;101144;154.5;80;10319531728;B
20240510;101144;154.5;10;10319531729;B
20240510;101144;154.5;3000;10319531730;B
20240510;101144;154.5;100;10319531731;B
20240510;101144;154.5;230;10319531732;B
20240510;101144;154.5;4300;10319531733;B
20240510;101145;154.44;30;10319531865;S
20240510;101150;154.5;100;10319532547;B
20240510;101153;154.5;60;10319532882;B
20240510;101155;154.48;70;10319533175;B
20240510;101155;154.5;30;10319533176;B
20240510;101156;154.5;10;10319533303;B
20240510;101158;154.5;320;10319533680;B
20240510;101159;154.5;50;10319533729;B
20240510;101200;154.42;10;10319533871;S
20240510;101201;154.42;10;10319534080;S
20240510;101201;154.46;10;10319534126;B
20240510;101201;154.48;40;10319534127;B
20240510;101209;154.46;10;10319535564;B
20240510;101209;154.46;410;10319535565;B
20240510;101214;154.44;90;10319536203;B
20240510;101216;154.42;10;10319536491;S
20240510;101216;154.44;120;10319536557;B
20240510;101218;154.44;1400;10319536723;B
20240510;101218;154.42;10;10319536747;S
20240510;101229;154.44;100;10319537987;B
20240510;101229;154.44;20;10319538060;B
20240510;101231;154.44;100;10319538346;B
20240510;101233;154.44;10;10319538839;B
20240510;101234;154.44;10;10319539075;B
20240510;101238;154.44;50;10319539510;B
20240510;101239;154.42;100;10319539640;S
20240510;101239;154.42;10;10319539641;S
20240510;101241;154.44;190;10319539824;B
20240510;101243;154.42;500;10319540075;S
20240510;101245;154.44;1440;10319540314;B
20240510;101245;154.44;60;10319540315;B
20240510;101251;154.44;60;10319541439;B
20240510;101252;154.44;300;10319541537;B
20240510;101252;154.42;10;10319541546;S
20240510;101253;154.44;500;10319541616;B
20240510;101256;154.42;190;10319541944;S
20240510;101257;154.42;100;10319542050;S
20240510;101259;154.42;10;10319542310;S
20240510;101302;154.44;500;10319542613;B
20240510;101302;154.44;10;10319542683;B
20240510;101304;154.44;130;10319542982;B
20240510;101304;154.44;70;10319542983;B
20240510;101306;154.44;10;10319543194;B
20240510;101310;154.42;320;10319543617;S
20240510;101310;154.42;50;10319543618;S
20240510;101310;154.42;20;10319543619;S
20240510;101310;154.42;10;10319543620;S
20240510;101310;154.44;500;10319543621;B
20240510;101312;154.44;120;10319543955;B
20240510;101312;154.44;180;10319543956;B
20240510;101313;154.44;500;10319544107;B
20240510;101321;154.44;230;10319545125;B
20240510;101324;154.46;210;10319545422;B
20240510;101327;154.46;70;10319545881;B
20240510;101331;154.44;20;10319546610;S
20240510;101332;154.44;250;10319546732;S
20240510;101332;154.44;150;10319546762;B
20240510;101332;154.46;350;10319546763;B
20240510;101334;154.42;50;10319547009;S
20240510;101335;154.44;10;10319547133;B
20240510;101337;154.42;50;10319547314;S
20240510;101341;154.42;20;10319547732;S
20240510;101346;154.42;40;10319548287;S
20240510;101349;154.42;100;10319548597;S
20240510;101351;154.44;90;10319548849;B
20240510;101351;154.44;40;10319548850;B
20240510;101351;154.46;30;10319548851;B
20240510;101353;154.46;10;10319549278;B
20240510;101356;154.46;50;10319549754;B
20240510;101357;154.44;30;10319549832;B
20240510;101357;154.44;950;10319549850;B
20240510;101357;154.44;260;10319549851;B
20240510;101357;154.44;1310;10319549852;B
20240510;101357;154.46;7480;10319549853;B
20240510;101357;154.42;100;10319549859;S
20240510;101400;154.46;10;10319550153;B
20240510;101401;154.46;10;10319550181;B
20240510;101404;154.46;400;10319550506;B
20240510;101406;154.46;10;10319550659;B
20240510;101407;154.46;20;10319550837;B
20240510;101408;154.44;10;10319550870;S
20240510;101409;154.44;100;10319551042;S
20240510;101414;154.46;350;10319551561;B
20240510;101414;154.46;10;10319551562;B
20240510;101414;154.46;50;10319551563;B
20240510;101417;154.46;10;10319551911;S
20240510;101425;154.46;10;10319552811;S
20240510;101428;154.46;220;10319553732;S
20240510;101429;154.48;60;10319553776;B
20240510;101437;154.46;70;10319554806;S
20240510;101438;154.48;150;10319554925;B
20240510;101439;154.46;180;10319555137;S
20240510;101440;154.46;130;10319555384;S
20240510;101440;154.46;1970;10319555398;S
20240510;101440;154.44;100;10319555399;S
20240510;101440;154.44;260;10319555400;S
20240510;101440;154.42;1220;10319555401;S
20240510;101440;154.42;100;10319555402;S
20240510;101451;154.42;200;10319556634;S
20240510;101452;154.48;10;10319556749;B
20240510;101458;154.46;500;10319557484;B
20240510;101506;154.46;10;10319559412;B
20240510;101507;154.44;110;10319559521;B
20240510;101507;154.46;4780;10319559522;B
20240510;101510;154.4;10;10319560398;S
20240510;101511;154.46;10;10319560590;B
20240510;101520;154.4;30;10319563235;S
20240510;101523;154.4;60;10319564076;S
20240510;101525;154.4;10;10319564668;S
20240510;101526;154.4;50;10319564769;S
20240510;101526;154.4;10;10319564913;S
20240510;101529;154.46;210;10319565652;B
20240510;101530;154.4;10;10319566100;S
20240510;101535;154.4;50;10319567091;S
20240510;101536;154.4;10;10319567459;S
20240510;101538;154.46;10;10319568152;B
20240510;101538;154.46;10;10319568162;B
20240510;101538;154.46;1580;10319568166;B
20240510;101538;154.46;50;10319568167;B
20240510;101538;154.46;520;10319568168;B
20240510;101542;154.48;10;10319569006;B
20240510;101545;154.48;20;10319569780;B
20240510;101546;154.48;10;10319570132;B
20240510;101548;154.48;10;10319570621;B
20240510;101553;154.42;200;10319571855;S
20240510;101602;154.44;10;10319574431;B
20240510;101634;154.44;10;10319582266;S
20240510;101638;154.46;10;10319583284;B
20240510;101638;154.46;100;10319583285;B
20240510;101638;154.48;30;10319583286;B
20240510;101641;154.44;200;10319583899;S
20240510;101642;154.44;10;10319584278;S
20240510;101645;154.44;10;10319584864;S
20240510;101656;154.48;10;10319587629;B
20240510;101659;154.44;160;10319588800;S
20240510;101659;154.44;1390;10319588801;S
20240510;101659;154.44;10;10319588802;S
20240510;101659;154.44;20;10319588803;S
20240510;101659;154.42;1310;10319588804;S
20240510;101659;154.42;260;10319588805;S
20240510;101659;154.42;440;10319588806;S
20240510;101659;154.42;2000;10319588807;S
20240510;101659;154.4;760;10319588808;S
20240510;101659;154.4;100;10319588809;S
20240510;101659;154.4;210;10319588810;S
20240510;101659;154.4;50;10319588811;S
20240510;101659;154.4;1410;10319588812;S
20240510;101659;154.38;50;10319588813;S
20240510;101659;154.36;10;10319588814;S
20240510;101659;154.36;50;10319588815;S
20240510;101659;154.36;10000;10319588816;S
20240510;101659;154.34;2000;10319588817;S
20240510;101659;154.34;50;10319588818;S
20240510;101659;154.32;50;10319588819;S
20240510;101659;154.32;200;10319588820;S
20240510;101659;154.32;10;10319588821;S
20240510;101659;154.32;1000;10319588822;S
20240510;101659;154.32;10000;10319588823;S
20240510;101659;154.32;10000;10319588824;S
20240510;101659;154.32;8460;10319588825;S
20240510;101659;154.3;10;10319588826;S
20240510;101702;154.2;50;10319589423;B
20240510;101702;154.22;40;10319589424;B
20240510;101702;154.18;320;10319589478;S
20240510;101702;154.16;360;10319589479;S
20240510;101702;154.16;250;10319589480;S
20240510;101702;154.12;200;10319589523;S
20240510;101708;154.12;50;10319590711;B
20240510;101708;154.12;170;10319590712;B
20240510;101709;154.1;10;10319590880;S
20240510;101715;154.12;100;10319592036;B
20240510;101718;154.12;10;10319592827;B
20240510;101725;154.12;10;10319593884;B
20240510;101728;154.12;10;10319594638;B
20240510;101732;154.12;10;10319595211;B
20240510;101736;154.12;10;10319595897;B
20240510;101736;154.12;90;10319595898;B
20240510;101740;154.1;10;10319596449;S
20240510;101740;154.1;20;10319596450;S
20240510;101740;154.1;10;10319596452;S
20240510;101740;154.1;10;10319596454;S
20240510;101740;154.1;30;10319596477;S
20240510;101743;154.12;30;10319596964;B
20240510;101753;154.12;10;10319598435;B
20240510;101755;154.1;130;10319598797;S
20240510;101755;154.1;100;10319598798;S
20240510;101755;154.08;250;10319598799;S
20240510;101755;154.06;500;10319598800;S
20240510;101755;154.04;390;10319598801;S
20240510;101755;154.04;10;10319598802;S
20240510;101755;154.04;1310;10319598803;S
20240510;101755;154.02;10;10319598804;S
20240510;101755;154.02;1630;10319598805;S
20240510;101755;154.02;210;10319598806;S
20240510;101755;154.02;500;10319598807;S
20240510;101755;154.02;1410;10319598808;S
20240510;101755;154;50;10319598809;S
20240510;101756;154.06;10;10319599165;B
20240510;101802;154.04;300;10319600404;S
20240510;101803;154.06;40;10319600574;B
20240510;101805;154.06;100;10319601016;S
20240510;101818;154.06;500;10319603222;S
20240510;101818;154.06;250;10319603223;S
20240510;101818;154.04;250;10319603224;S
20240510;101818;154.08;20;10319603227;B
20240510;101824;154.08;50;10319604387;B
20240510;101826;154.08;120;10319604601;B
20240510;101826;154.04;10;10319604624;S
20240510;101830;154.08;30;10319605278;B
20240510;101832;154.08;70;10319605726;B
20240510;101837;154.08;10;10319606415;B
20240510;101838;154.08;40;10319606519;B
20240510;101839;154.08;50;10319606602;B
20240510;101844;154.06;20;10319607464;S
20240510;101846;154.08;300;10319607779;B
20240510;101849;154.08;10;10319608395;B
20240510;101859;154.08;1330;10319609943;B
20240510;101900;154.06;130;10319610063;S
20240510;101908;154.08;100;10319611605;B
20240510;101910;154.08;20;10319611975;B
20240510;101913;154.08;350;10319612403;B
20240510;101917;154.08;1780;10319613002;B
20240510;101923;154.1;10;10319614110;B
20240510;101925;154.1;200;10319614390;B
20240510;101925;154.12;440;10319614391;B
20240510;101926;154.12;10;10319614464;B
20240510;101930;154.1;10;10319615119;S
20240510;101933;154.12;30;10319615771;B
20240510;101941;154.1;200;10319617029;S
20240510;101945;154.12;150;10319617798;B
20240510;101945;154.14;10;10319617799;B
20240510;101945;154.14;140;10319617800;B
20240510;101946;154.12;200;10319617852;S
20240510;102004;154.14;20;10319620631;B
20240510;102004;154.14;10;10319620632;B
20240510;102004;154.16;9970;10319620633;B
20240510;102005;154.26;50;10319620815;B
20240510;102005;154.26;650;10319620816;B
20240510;102006;154.22;10;10319621031;S
20240510;102023;154.22;10;10319626823;S
20240510;102023;154.2;160;10319626824;S
20240510;102023;154.2;280;10319626825;S
20240510;102023;154.18;250;10319626826;S
20240510;102034;154.2;20;10319633375;S
20240510;102042;154.26;20;10319635983;B
20240510;102044;154.26;30;10319636232;B
20240510;102044;154.2;50;10319636444;S
20240510;102053;154.18;1310;10319640085;S
20240510;102053;154.18;10;10319640086;S
20240510;102053;154.18;300;10319640087;S
20240510;102054;154.18;20;10319640188;B
20240510;102057;154.18;50;10319642327;B
20240510;102127;154.16;200;10319653502;S
20240510;102131;154.16;10;10319655790;S
20240510;102139;154.2;30;10319657304;B
20240510;102139;154.2;30;10319657326;B
20240510;102139;154.16;50;10319657338;S
20240510;102142;154.16;60;10319658780;S
20240510;102144;154.2;50;10319659257;B
20240510;102148;154.2;10;10319662432;B
20240510;102149;154.2;10;10319662828;B
20240510;102151;154.2;30;10319663163;B
20240510;102151;154.2;20;10319663164;B
20240510;102155;154.2;10;10319663880;B
20240510;102155;154.18;20;10319663991;S
20240510;102155;154.2;70;10319663992;B
20240510;102155;154.24;20;10319663993;B
20240510;102155;154.26;750;10319663994;B
20240510;102155;154.26;90;10319663995;B
20240510;102156;154.26;10;10319664990;B
20240510;102209;154.32;10;10319668584;B
20240510;102209;154.32;10;10319668585;B
20240510;102209;154.32;10;10319668586;B
20240510;102209;154.32;10;10319668587;B
20240510;102222;154.4;40;10319672444;B
20240510;102228;154.4;10;10319674475;B
20240510;102232;154.34;50;10319677057;S
20240510;102232;154.34;90;10319677058;S
20240510;102235;154.4;150;10319677605;B
20240510;102235;154.4;40;10319677606;B
20240510;102235;154.42;100;10319677607;B
20240510;102235;154.42;50;10319677608;B
20240510;102235;154.44;10;10319677609;B
20240510;102235;154.44;6250;10319677610;B
20240510;102236;154.44;40;10319677778;B
20240510;102240;154.36;100;10319680331;S
20240510;102247;154.4;20;10319682541;B
20240510;102248;154.4;80;10319682612;B
20240510;102258;154.44;10;10319686154;B
20240510;102301;154.4;20;10319686602;S
20240510;102301;154.36;60;10319686603;S
20240510;102301;154.36;10;10319686604;S
20240510;102301;154.34;300;10319686605;S
20240510;102304;154.42;60;10319688798;B
20240510;102304;154.42;100;10319688799;B
20240510;102315;154.42;20;10319691602;B
20240510;102316;154.42;10;10319691746;B
20240510;102318;154.42;60;10319691905;B
20240510;102318;154.42;10;10319691906;B
20240510;102325;154.34;10;10319694844;S
20240510;102330;154.4;10;10319696515;B
20240510;102342;154.38;150;10319702027;S
20240510;102346;154.4;30;10319703997;B
20240510;102350;154.4;10;10319704944;B
20240510;102355;154.4;10;10319707817;B
20240510;102400;154.4;40;10319710075;B
20240510;102401;154.4;40;10319710210;B
20240510;102401;154.4;10;10319710211;B
20240510;102401;154.4;100;10319710212;B
20240510;102401;154.4;300;10319710213;B
20240510;102405;154.42;20;10319710937;B
20240510;102409;154.42;50;10319712473;B
20240510;102409;154.42;60;10319712474;B
20240510;102409;154.44;290;10319712475;B
20240510;102411;154.4;200;10319712756;S
20240510;102424;154.44;10;10319717443;B
20240510;102424;154.4;100;10319717560;S
20240510;102429;154.44;60;10319718457;B
20240510;102436;154.42;20;10319721876;B
20240510;102438;154.42;10;10319722135;B
20240510;102438;154.42;10;10319722210;B
20240510;102439;154.4;250;10319722357;S
20240510;102446;154.44;170;10319724593;B
20240510;102446;154.44;140;10319724646;B
20240510;102449;154.44;280;10319726346;B
20240510;102451;154.44;30;10319727331;B
20240510;102506;154.42;100;10319732260;S
20240510;102509;154.42;10;10319732774;S
20240510;102514;154.46;160;10319734669;B
20240510;102517;154.46;50;10319734998;B
20240510;102521;154.42;90;10319737262;S
20240510;102527;154.46;10;10319738225;B
20240510;102533;154.44;10;10319740423;S
20240510;102533;154.42;1870;10319740424;S
20240510;102533;154.42;10;10319740425;S
20240510;102533;154.42;330;10319740426;S
20240510;102533;154.42;4600;10319740718;S
20240510;102533;154.4;10;10319740759;S
20240510;102539;154.42;20;10319741276;B
20240510;102541;154.42;10;10319743436;B
20240510;102542;154.42;70;10319743494;B
20240510;102547;154.42;60;10319745414;B
20240510;102553;154.42;2500;10319746445;B
20240510;102603;154.4;20;10319750106;S
20240510;102603;154.42;20;10319750179;B
20240510;102605;154.42;70;10319750381;B
20240510;102607;154.4;20;10319750524;S
20240510;102611;154.42;40;10319752441;B
20240510;102611;154.4;110;10319752457;S
20240510;102611;154.4;150;10319752458;S
20240510;102611;154.4;10;10319752459;S
20240510;102611;154.4;880;10319752460;S
20240510;102614;154.42;10;10319752798;B
20240510;102619;154.4;40;10319755409;S
20240510;102623;154.4;800;10319756217;S
20240510;102623;154.4;200;10319756218;S
20240510;102646;154.42;10;10319762004;B
20240510;102648;154.42;30;10319762765;B
20240510;102652;154.42;10;10319763407;B
20240510;102656;154.42;10;10319763675;B
20240510;102657;154.42;20;10319763820;B
20240510;102704;154.4;50;10319764755;S
20240510;102705;154.42;20;10319764811;B
20240510;102712;154.4;10;10319765645;S
20240510;102717;154.42;700;10319766220;B
20240510;102718;154.4;80;10319766229;S
20240510;102720;154.4;140;10319766474;S
20240510;102720;154.4;350;10319766475;S
20240510;102721;154.42;10;10319766545;B
20240510;102730;154.42;10;10319767271;B
20240510;102735;154.4;150;10319767785;S
20240510;102740;154.4;100;10319768129;S
20240510;102740;154.42;40;10319768131;B
20240510;102741;154.4;200;10319768262;S
20240510;102742;154.42;20;10319768329;B
20240510;102753;154.42;50;10319769157;B
20240510;102755;154.4;200;10319769323;S
20240510;102755;154.4;30;10319769324;S
20240510;102808;154.4;300;10319770613;S
20240510;102820;154.42;100;10319771534;B
20240510;102822;154.4;270;10319771705;S
20240510;102822;154.4;30;10319771706;S
20240510;102822;154.4;10;10319771707;S
20240510;102822;154.4;680;10319771708;S
20240510;102823;154.42;10;10319771717;B
20240510;102827;154.4;1440;10319772023;S
20240510;102828;154.42;10;10319772108;B
20240510;102832;154.42;320;10319772537;B
20240510;102832;154.42;10;10319772538;B
20240510;102834;154.44;10;10319772705;B
20240510;102834;154.44;10;10319772706;B
20240510;102836;154.42;500;10319772845;S
20240510;102837;154.42;170;10319772920;S
20240510;102837;154.4;1830;10319772921;S
20240510;102845;154.44;30;10319773486;B
20240510;102852;154.44;10;10319774029;B
20240510;102855;154.42;10;10319774227;S
20240510;102855;154.4;6050;10319774228;S
20240510;102855;154.4;30;10319774229;S
20240510;102855;154.4;330;10319774230;S
20240510;102857;154.38;230;10319774318;S
20240510;102857;154.38;200;10319774319;S
20240510;102857;154.38;60;10319774320;S
20240510;102857;154.36;330;10319774321;S
20240510;102857;154.34;30;10319774322;S
20240510;102857;154.34;30;10319774323;S
20240510;102857;154.32;10;10319774324;S
20240510;102857;154.32;20;10319774325;S
20240510;102857;154.32;10;10319774326;S
20240510;102857;154.32;80;10319774327;S
20240510;102857;154.32;80;10319774349;S
20240510;102857;154.3;20;10319774350;S
20240510;102857;154.3;10;10319774351;S
20240510;102857;154.3;50;10319774352;S
20240510;102901;154.3;10;10319774639;B
20240510;102901;154.3;1680;10319774672;B
20240510;102901;154.3;320;10319774673;B
20240510;102905;154.36;50;10319775033;B
20240510;102910;154.36;10;10319775337;B
20240510;102912;154.36;10;10319775607;B
20240510;102915;154.36;70;10319775872;B
20240510;102934;154.3;100;10319777325;S
20240510;102938;154.36;20;10319777679;B
20240510;102938;154.36;10;10319777680;B
20240510;102941;154.3;100;10319777939;S
20240510;102943;154.36;10;10319778112;B
20240510;102944;154.3;10;10319778150;S
20240510;102952;154.32;10;10319778814;S
20240510;102952;154.3;190;10319778815;S
20240510;102956;154.34;20;10319779194;B
20240510;102956;154.36;30;10319779195;B
20240510;102956;154.36;50;10319779196;B
20240510;103002;154.36;10;10319779844;B
20240510;103003;154.36;90;10319779875;B
20240510;103014;154.36;20;10319780763;S
20240510;103019;154.36;70;10319781162;S
20240510;103036;154.38;30;10319782995;B
20240510;103043;154.36;150;10319783745;S
20240510;103045;154.4;200;10319783882;B
20240510;103050;154.4;10;10319784215;B
20240510;103052;154.4;30;10319784386;B
20240510;103054;154.36;10;10319784549;S
20240510;103056;154.4;300;10319784736;B
20240510;103058;154.4;140;10319784951;B
20240510;103102;154.4;10;10319785349;B
20240510;103103;154.4;2890;10319785434;B
20240510;103103;154.4;200;10319785435;B
20240510;103103;154.4;10;10319785436;B
20240510;103103;154.4;100;10319785437;B
20240510;103103;154.4;10;10319785438;B
20240510;103119;154.42;10;10319786850;B
20240510;103124;154.42;10;10319787323;B
20240510;103129;154.44;10;10319787900;B
20240510;103130;154.4;20;10319787945;S
20240510;103140;154.44;100;10319789102;B
20240510;103151;154.4;10;10319790199;S
20240510;103157;154.42;10;10319790787;B
20240510;103202;154.42;30;10319791511;B
20240510;103203;154.42;1880;10319791567;B
20240510;103204;154.42;10;10319791664;B
20240510;103225;154.4;10;10319793788;S
20240510;103225;154.4;290;10319793789;S
20240510;103228;154.4;1000;10319794190;S
20240510;103239;154.38;420;10319795089;S
20240510;103239;154.38;80;10319795090;S
20240510;103241;154.42;10;10319795348;B
20240510;103242;154.42;60;10319795606;B
20240510;103246;154.42;10;10319796365;B
20240510;103255;154.42;20;10319797365;B
20240510;103305;154.42;10;10319798347;B
20240510;103305;154.42;960;10319798382;B
20240510;103305;154.42;10;10319798383;B
20240510;103305;154.42;10;10319798384;B
20240510;103305;154.44;200;10319798431;B
20240510;103318;154.44;10;10319799775;B
20240510;103322;154.44;20;10319800247;B
20240510;103323;154.44;20;10319800317;B
20240510;103326;154.42;250;10319800543;S
20240510;103328;154.42;90;10319800813;S
20240510;103328;154.4;300;10319800814;S
20240510;103330;154.4;260;10319801009;B
20240510;103330;154.44;390;10319801010;B
20240510;103340;154.38;100;10319801891;S
20240510;103342;154.44;20;10319802158;B
20240510;103343;154.44;20;10319802325;B
20240510;103346;154.44;10;10319802829;B
20240510;103351;154.42;30;10319803601;B
20240510;103359;154.4;10;10319804298;B
20240510;103359;154.42;60;10319804299;B
20240510;103401;154.4;50;10319804528;S
20240510;103405;154.4;180;10319804842;S
20240510;103419;154.42;20;10319806119;B
20240510;103425;154.4;20;10319806594;S
20240510;103426;154.42;20;10319806703;B
20240510;103436;154.42;10;10319807636;B
20240510;103438;154.42;110;10319807775;B
20240510;103438;154.42;50;10319807776;B
20240510;103438;154.42;40;10319807777;B
20240510;103444;154.4;10;10319808369;S
20240510;103446;154.4;10;10319808539;S
20240510;103448;154.42;20;10319808775;B
20240510;103453;154.4;100;10319809288;S
20240510;103456;154.42;30;10319809605;B
20240510;103458;154.42;10;10319809779;B
20240510;103458;154.42;10;10319809780;B
20240510;103458;154.44;20;10319809781;B
20240510;103459;154.44;20;10319809977;B
20240510;103500;154.44;10;10319810029;B
20240510;103501;154.44;660;10319810141;B
20240510;103501;154.44;1630;10319810142;B
20240510;103509;154.44;30;10319810966;B
20240510;103509;154.44;40;10319810997;B
20240510;103517;154.42;10;10319811775;S
20240510;103524;154.42;190;10319812492;B
20240510;103524;154.44;460;10319812493;B
20240510;103526;154.42;10;10319812712;B
20240510;103526;154.44;20;10319812713;B
20240510;103535;154.4;10;10319813524;S
20240510;103540;154.44;150;10319813945;B
20240510;103542;154.44;40;10319814069;B
20240510;103549;154.44;10;10319814577;B
20240510;103556;154.44;20;10319815068;B
20240510;103600;154.4;10;10319815380;S
20240510;103607;154.44;20;10319816063;B
20240510;103610;154.4;10;10319816386;S
20240510;103610;154.4;240;10319816387;S
20240510;103617;154.44;20;10319816928;B
20240510;103623;154.44;10;10319817513;B
20240510;103624;154.42;50;10319817534;S
20240510;103624;154.4;10;10319817535;S
20240510;103624;154.4;10;10319817536;S
20240510;103624;154.4;120;10319817537;S
20240510;103624;154.4;810;10319817538;S
20240510;103635;154.44;2550;10319819257;B
20240510;103635;154.44;250;10319819258;B
20240510;103635;154.44;200;10319819259;B
20240510;103635;154.46;440;10319819260;B
20240510;103635;154.46;330;10319819261;B
20240510;103635;154.46;2000;10319819262;B
20240510;103635;154.46;100;10319819263;B
20240510;103635;154.46;450;10319819264;B
20240510;103635;154.46;500;10319819265;B
20240510;103635;154.46;100;10319819266;B
20240510;103635;154.46;300;10319819267;B
20240510;103635;154.48;2650;10319819268;B
20240510;103635;154.48;2000;10319819269;B
20240510;103635;154.48;500;10319819270;B
20240510;103635;154.48;8460;10319819271;B
20240510;103635;154.48;2720;10319819272;B
20240510;103635;154.5;2130;10319819273;B
20240510;103635;154.5;10;10319819274;B
20240510;103635;154.5;800;10319819275;B
20240510;103635;154.5;6500;10319819276;B
20240510;103635;154.5;11270;10319819277;B
20240510;103635;154.5;10;10319819278;B
20240510;103635;154.5;10;10319819279;B
20240510;103635;154.5;250;10319819280;B
20240510;103635;154.5;10;10319819281;B
20240510;103635;154.5;330;10319819282;B
20240510;103635;154.5;200;10319819283;B
20240510;103635;154.5;10;10319819284;B
20240510;103635;154.5;30;10319819285;B
20240510;103635;154.5;20;10319819286;B
20240510;103635;154.5;10;10319819287;B
20240510;103635;154.5;40;10319819288;B
20240510;103635;154.5;2800;10319819289;B
20240510;103635;154.5;1000;10319819290;B
20240510;103635;154.5;800;10319819291;B
20240510;103635;154.52;70;10319819292;B
20240510;103635;154.52;2000;10319819293;B
20240510;103635;154.52;4500;10319819294;B
20240510;103635;154.52;10000;10319819295;B
20240510;103635;154.54;50;10319819296;B
20240510;103635;154.54;6880;10319819297;B
20240510;103635;154.54;10;10319819298;B
20240510;103635;154.54;500;10319819299;B
20240510;103635;154.54;500;10319819300;B
20240510;103635;154.54;10;10319819301;B
20240510;103635;154.54;900;10319819302;B
20240510;103635;154.56;1000;10319819303;B
20240510;103635;154.56;500;10319819304;B
20240510;103635;154.56;1000;10319819305;B
20240510;103635;154.56;20000;10319819306;B
20240510;103635;154.56;2300;10319819307;B
20240510;103636;154.6;10;10319819323;B
20240510;103636;154.6;10;10319819324;B
20240510;103636;154.6;30;10319819325;B
20240510;103636;154.6;20;10319819326;B
20240510;103636;154.56;50;10319819342;S
20240510;103636;154.56;300;10319819343;S
20240510;103636;154.54;50;10319819344;S
20240510;103636;154.54;1050;10319819345;S
20240510;103636;154.52;210;10319819346;S
20240510;103636;154.52;50;10319819347;S
20240510;103636;154.52;10;10319819348;S
20240510;103636;154.52;400;10319819349;S
20240510;103636;154.54;210;10319819356;S
20240510;103636;154.52;190;10319819357;S
20240510;103636;154.6;950;10319819358;B
20240510;103636;154.6;50;10319819359;B
20240510;103636;154.6;10;10319819360;B
20240510;103636;154.6;10;10319819361;B
20240510;103636;154.6;100;10319819362;B
20240510;103636;154.6;50;10319819363;B
20240510;103636;154.6;50;10319819364;B
20240510;103636;154.62;100;10319819365;B
20240510;103636;154.62;10;10319819366;B
20240510;103636;154.62;10;10319819367;B
20240510;103636;154.62;50;10319819368;B
20240510;103636;154.62;210;10319819369;B
20240510;103636;154.64;10;10319819370;B
20240510;103636;154.64;10;10319819371;B
20240510;103636;154.64;4880;10319819372;B
20240510;103636;154.56;100;10319819381;S
20240510;103636;154.56;1000;10319819384;S
20240510;103636;154.56;40;10319819391;B
20240510;103637;154.48;100;10319819495;S
20240510;103639;154.54;10;10319819695;S
20240510;103642;154.52;10;10319819867;S
20240510;103643;154.54;50;10319819978;B
20240510;103643;154.56;950;10319819979;B
20240510;103646;154.54;1120;10319820160;S
20240510;103646;154.54;330;10319820161;S
20240510;103646;154.54;100;10319820162;S
20240510;103646;154.54;540;10319820163;S
20240510;103646;154.52;1310;10319820164;S
20240510;103646;154.5;380;10319820165;S
20240510;103646;154.5;700;10319820166;S
20240510;103658;154.56;2000;10319821164;B
20240510;103659;154.56;50;10319821222;B
20240510;103706;154.56;200;10319821767;B
20240510;103707;154.56;1830;10319821811;B
20240510;103710;154.56;500;10319821995;B
20240510;103712;154.54;100;10319822165;S
20240510;103715;154.54;40;10319822356;B
20240510;103715;154.54;500;10319822357;B
20240510;103715;154.56;460;10319822358;B
20240510;103718;154.56;20;10319822596;B
20240510;103718;154.56;120;10319822622;B
20240510;103722;154.54;10;10319822909;S
20240510;103727;154.54;10;10319823982;S
20240510;103731;154.54;410;10319824328;S
20240510;103732;154.54;2590;10319824374;B
20240510;103732;154.56;7410;10319824375;B
20240510;103736;154.56;4280;10319824674;B
20240510;103736;154.56;1140;10319824675;B
20240510;103736;154.56;210;10319824676;B
20240510;103736;154.56;40;10319824677;B
20240510;103738;154.56;10;10319824950;B
20240510;103745;154.54;210;10319825423;S
20240510;103745;154.54;60;10319825424;S
20240510;103745;154.56;970;10319825440;B
20240510;103748;154.56;50;10319825675;B
20240510;103750;154.56;300;10319825756;B
20240510;103751;154.56;4910;10319825834;B
20240510;103751;154.56;90;10319825835;B
20240510;103802;154.6;10;10319827534;B
20240510;103803;154.6;90;10319827612;B
20240510;103803;154.6;10;10319827613;B
20240510;103803;154.6;240;10319827614;B
20240510;103803;154.6;500;10319827615;B
20240510;103805;154.6;360;10319827737;S
20240510;103806;154.6;40;10319827797;S
20240510;103806;154.62;20;10319827816;B
20240510;103806;154.62;30;10319827817;B
20240510;103807;154.62;10;10319827889;B
20240510;103812;154.6;120;10319828265;S
20240510;103816;154.56;400;10319828580;S
20240510;103816;154.54;210;10319828581;S
20240510;103816;154.54;390;10319828582;S
20240510;103818;154.58;10;10319828662;B
20240510;103819;154.58;10;10319828768;B
20240510;103823;154.58;10;10319829078;B
20240510;103824;154.58;50;10319829110;B
20240510;103831;154.58;20;10319829721;B
20240510;103833;154.56;10;10319829786;S
20240510;103836;154.56;300;10319830023;S
20240510;103839;154.54;90;10319830310;S
20240510;103843;154.56;10;10319830815;B
20240510;103848;154.56;40;10319831439;B
20240510;103858;154.54;50;10319832529;S
20240510;103858;154.56;10;10319832537;B
20240510;103858;154.54;50;10319832539;S
20240510;103902;154.56;1000;10319832897;B
20240510;103902;154.58;60;10319832898;B
20240510;103902;154.58;50;10319832899;B
20240510;103902;154.58;50;10319832900;B
20240510;103914;154.58;200;10319833892;S
20240510;103917;154.58;640;10319834090;S
20240510;103917;154.58;200;10319834091;S
20240510;103917;154.58;400;10319834092;S
20240510;103917;154.58;1300;10319834093;S
20240510;103922;154.58;10;10319834552;B
20240510;103925;154.58;1450;10319834797;B
20240510;103925;154.58;250;10319834798;B
20240510;103925;154.6;3300;10319834799;B
20240510;103926;154.56;50;10319834888;S
20240510;103926;154.56;200;10319834889;S
20240510;103927;154.58;10;10319835029;B
20240510;103931;154.58;540;10319835290;B
20240510;103931;154.56;210;10319835292;S
20240510;103931;154.56;30;10319835293;S
20240510;103932;154.58;10;10319835412;B
20240510;103940;154.56;410;10319836000;S
20240510;103940;154.54;420;10319836001;S
20240510;103940;154.54;50;10319836002;S
20240510;103940;154.54;10;10319836003;S
20240510;103940;154.54;240;10319836004;S
20240510;103940;154.52;50;10319836005;S
20240510;103940;154.52;520;10319836006;S
20240510;103951;154.56;10;10319836869;B
20240510;103958;154.56;40;10319837478;B
20240510;103959;154.52;10;10319837584;S
20240510;104005;154.56;110;10319838184;B
20240510;104005;154.56;190;10319838185;B
20240510;104006;154.56;10;10319838238;B
20240510;104006;154.56;120;10319838239;B
20240510;104006;154.56;130;10319838240;B
20240510;104021;154.56;20;10319839376;S
20240510;104029;154.58;120;10319840225;B
20240510;104031;154.58;10;10319840595;B
20240510;104033;154.58;30;10319840887;B
20240510;104036;154.58;10;10319841090;B
20240510;104036;154.56;720;10319841100;S
20240510;104036;154.56;30;10319841101;S
20240510;104041;154.58;100;10319841388;B
20240510;104044;154.58;10;10319841638;B
20240510;104049;154.58;2000;10319842018;B
20240510;104053;154.58;10;10319842229;B
20240510;104100;154.56;10;10319842801;S
20240510;104101;154.56;10;10319842805;S
20240510;104104;154.56;280;10319843173;S
20240510;104104;154.56;220;10319843174;S
20240510;104107;154.56;110;10319843390;S
20240510;104109;154.56;670;10319843546;S
20240510;104122;154.56;10;10319844535;B
20240510;104133;154.54;200;10319845380;S
20240510;104137;154.54;10;10319845697;S
20240510;104137;154.54;70;10319845698;S
20240510;104142;154.54;10;10319846193;S
20240510;104145;154.54;10;10319846371;S
20240510;104151;154.56;1400;10319846785;B
20240510;104210;154.56;10;10319848217;B
20240510;104210;154.56;1710;10319848241;B
20240510;104213;154.54;300;10319848455;S
20240510;104213;154.54;410;10319848456;S
20240510;104213;154.54;40;10319848457;S
20240510;104214;154.56;50;10319848488;B
20240510;104215;154.56;200;10319848551;B
20240510;104219;154.56;20;10319848771;B
20240510;104222;154.54;10;10319849018;S
20240510;104222;154.54;410;10319849019;S
20240510;104222;154.52;470;10319849020;S
20240510;104222;154.52;160;10319849021;S
20240510;104222;154.52;100;10319849022;S
20240510;104222;154.52;50;10319849023;S
20240510;104222;154.5;19300;10319849024;S
20240510;104222;154.5;50;10319849025;S
20240510;104229;154.48;10;10319849423;B
20240510;104231;154.48;40;10319849535;B
20240510;104235;154.48;10;10319849881;B
20240510;104235;154.48;50;10319849882;B
20240510;104244;154.5;60;10319850699;B
20240510;104245;154.5;10;10319850831;B
20240510;104247;154.5;10;10319850986;B
20240510;104248;154.48;580;10319851090;B
20240510;104254;154.46;50;10319851674;S
20240510;104254;154.46;180;10319851675;S
20240510;104254;154.44;10;10319851676;S
20240510;104254;154.44;20;10319851677;S
20240510;104254;154.44;210;10319851678;S
20240510;104254;154.44;410;10319851679;S
20240510;104254;154.42;2300;10319851680;S
20240510;104254;154.42;680;10319851681;S
20240510;104254;154.4;60;10319851682;S
20240510;104254;154.4;50;10319851683;S
20240510;104254;154.4;30;10319851684;S
20240510;104303;154.38;1000;10319852818;S
20240510;104303;154.38;210;10319852819;S
20240510;104303;154.38;410;10319852820;S
20240510;104303;154.36;600;10319852821;S
20240510;104303;154.36;50;10319852822;S
20240510;104303;154.34;3950;10319852823;S
20240510;104303;154.34;1000;10319852824;S
20240510;104303;154.34;30;10319852825;S
20240510;104303;154.34;50;10319852826;S
20240510;104303;154.34;500;10319852827;S
20240510;104303;154.34;1000;10319852828;S
20240510;104303;154.32;50;10319852829;S
20240510;104303;154.32;10000;10319852830;S
20240510;104303;154.32;1310;10319852831;S
20240510;104303;154.32;10000;10319852832;S
20240510;104303;154.3;1000;10319852833;S
20240510;104303;154.3;10;10319852834;S
20240510;104303;154.3;30;10319852835;S
20240510;104303;154.3;50;10319852836;S
20240510;104303;154.3;1310;10319852837;S
20240510;104303;154.3;800;10319852838;S
20240510;104303;154.28;50;10319852839;S
20240510;104303;154.28;20000;10319852840;S
20240510;104303;154.26;70;10319852841;S
20240510;104303;154.26;50;10319852842;S
20240510;104303;154.26;30;10319852843;S
20240510;104303;154.26;1000;10319852844;S
20240510;104303;154.26;50;10319852845;S
20240510;104303;154.26;10000;10319852846;S
20240510;104303;154.26;10000;10319852847;S
20240510;104303;154.24;10;10319852848;S
20240510;104303;154.24;10;10319852849;S
20240510;104303;154.24;50;10319852850;S
20240510;104303;154.22;50;10319852851;S
20240510;104303;154.2;30;10319852852;S
20240510;104303;154.2;50;10319852853;S
20240510;104303;154.18;50;10319852854;S
20240510;104303;154.16;30;10319852855;S
20240510;104303;154.16;10;10319852856;S
20240510;104303;154.16;100;10319852857;S
20240510;104308;154.16;10;10319853240;S
20240510;104308;154.16;50;10319853244;S
20240510;104312;154.22;50;10319853603;B
20240510;104312;154.22;40;10319853604;B
20240510;104315;154.16;490;10319853956;S
20240510;104315;154.16;50;10319853957;S
20240510;104315;154.16;400;10319853958;S
20240510;104315;154.14;30;10319853959;S
20240510;104315;154.14;220;10319853960;S
20240510;104322;154.16;10;10319854828;B
20240510;104324;154.12;10;10319855035;S
20240510;104329;154.16;10;10319856273;B
20240510;104330;154.12;20;10319856321;S
20240510;104330;154.12;380;10319856322;S
20240510;104339;154.12;10;10319856858;S
20240510;104345;154.14;10;10319857247;S
20240510;104347;154.18;50;10319857372;B
20240510;104354;154.18;160;10319857932;B
20240510;104355;154.2;350;10319857957;B
20240510;104402;154.2;50;10319858357;S
20240510;104403;154.22;10;10319858474;B
20240510;104410;154.22;2000;10319858871;B
20240510;104417;154.22;20;10319859626;B
20240510;104417;154.22;970;10319859639;B
20240510;104417;154.22;210;10319859640;B
20240510;104417;154.24;100;10319859641;B
20240510;104419;154.26;8000;10319859823;B
20240510;104429;154.24;10;10319860410;S
20240510;104437;154.3;10;10319861019;B
20240510;104443;154.24;30;10319861500;S
20240510;104453;154.3;20;10319862103;B
20240510;104504;154.26;10;10319862938;S
20240510;104506;154.3;10;10319863109;B
20240510;104511;154.3;10;10319863565;B
20240510;104514;154.3;10;10319863775;B
20240510;104517;154.3;100;10319864002;B
20240510;104517;154.3;30;10319864003;B
20240510;104517;154.3;200;10319864004;B
20240510;104517;154.3;5560;10319864005;B
20240510;104517;154.3;50;10319864006;B
20240510;104517;154.3;370;10319864007;B
20240510;104517;154.32;50;10319864008;B
20240510;104517;154.32;30;10319864009;B
20240510;104517;154.34;20;10319864010;B
20240510;104525;154.34;30;10319864445;B
20240510;104526;154.36;10;10319864502;B
20240510;104528;154.34;1970;10319864625;S
20240510;104528;154.34;370;10319864626;S
20240510;104533;154.32;200;10319864938;S
20240510;104533;154.34;320;10319864966;B
20240510;104537;154.28;50;10319865164;S
20240510;104539;154.26;170;10319865257;S
20240510;104539;154.24;50;10319865258;S
20240510;104539;154.24;80;10319865259;S
20240510;104539;154.24;10;10319865330;S
20240510;104542;154.32;10;10319865632;B
20240510;104547;154.24;10;10319866183;S
20240510;104548;154.32;40;10319866239;B
20240510;104548;154.32;160;10319866240;B
20240510;104548;154.34;120;10319866241;B
20240510;104552;154.32;50;10319866476;B
20240510;104609;154.3;40;10319867517;B
20240510;104615;154.3;10;10319867866;B
20240510;104615;154.32;10;10319867867;B
20240510;104615;154.32;50;10319867868;B
20240510;104615;154.32;50;10319867869;B
20240510;104615;154.32;80;10319867870;B
20240510;104618;154.26;50;10319868010;S
20240510;104620;154.26;30;10319868140;B
20240510;104630;154.24;10;10319868647;S
20240510;104631;154.26;10;10319868765;B
20240510;104639;154.24;10;10319869261;S
20240510;104642;154.24;10;10319869422;S
20240510;104648;154.26;10;10319869833;B
20240510;104656;154.26;100;10319870531;B
20240510;104656;154.26;50;10319870532;B
20240510;104656;154.26;50;10319870533;B
20240510;104701;154.26;80;10319870896;B
20240510;104701;154.26;70;10319870897;B
20240510;104717;154.24;100;10319871893;S
20240510;104721;154.26;20;10319872157;B
20240510;104721;154.26;160;10319872165;B
20240510;104736;154.3;10;10319873291;B
20240510;104739;154.28;100;10319873431;B
20240510;104740;154.26;110;10319873476;S
20240510;104741;154.28;10;10319873502;B
20240510;104742;154.28;30;10319873609;B
20240510;104747;154.26;10;10319873911;S
20240510;104752;154.28;350;10319874427;B
20240510;104816;154.26;50;10319875920;S
20240510;104816;154.26;10;10319875921;S
20240510;104816;154.26;10;10319875922;S
20240510;104816;154.24;30;10319875923;S
20240510;104816;154.24;380;10319875924;S
20240510;104839;154.26;40;10319877645;B
20240510;104850;154.26;10;10319878314;B
20240510;104850;154.26;190;10319878315;B
20240510;104908;154.26;10;10319879462;B
20240510;104910;154.26;20;10319879572;B
20240510;104927;154.24;10;10319880546;S
20240510;104929;154.26;10;10319880730;B
20240510;104930;154.26;40;10319880817;B
20240510;104930;154.26;100;10319880818;B
20240510;104934;154.26;100;10319881020;B
20240510;104934;154.26;10;10319881021;B
20240510;104934;154.28;90;10319881022;B
20240510;104945;154.3;10;10319881674;B
20240510;104945;154.3;20;10319881675;B
20240510;105015;154.26;10;10319884327;S
20240510;105015;154.26;50;10319884355;S
20240510;105015;154.26;50;10319884356;S
20240510;105024;154.28;10;10319884937;B
20240510;105029;154.28;10;10319885347;B
20240510;105037;154.28;10;10319886119;B
20240510;105048;154.28;50;10319887145;B
20240510;105048;154.28;30;10319887155;B
20240510;105101;154.28;20;10319888608;B
20240510;105109;154.26;100;10319889189;S
20240510;105113;154.28;50;10319889624;B
20240510;105136;154.28;50;10319891193;B
20240510;105143;154.26;60;10319891605;S
20240510;105158;154.28;10;10319892470;B
20240510;105211;154.28;10;10319893287;B
20240510;105225;154.28;10;10319895284;B
20240510;105226;154.28;40;10319895431;B
20240510;105242;154.28;50;10319896713;B
20240510;105249;154.26;20;10319897241;S
20240510;105249;154.26;10;10319897242;S
20240510;105252;154.24;40;10319897371;S
20240510;105252;154.24;10;10319897372;S
20240510;105252;154.24;50;10319897373;S
20240510;105301;154.22;10;10319897915;S
20240510;105302;154.26;140;10319897951;B
20240510;105309;154.22;420;10319898319;S
20240510;105309;154.22;380;10319898320;S
20240510;105309;154.2;2000;10319898321;S
20240510;105309;154.2;10;10319898322;S
20240510;105309;154.2;210;10319898323;S
20240510;105309;154.2;10;10319898324;S
20240510;105309;154.18;160;10319898325;S
20240510;105309;154.16;30;10319898326;S
20240510;105309;154.16;20;10319898327;S
20240510;105309;154.16;30;10319898328;S
20240510;105309;154.16;3820;10319898329;S
20240510;105309;154.14;50;10319898330;S
20240510;105309;154.14;4500;10319898331;S
20240510;105309;154.14;3920;10319898332;S
20240510;105309;154.12;1000;10319898333;S
20240510;105309;154.12;50;10319898334;S
20240510;105309;154.12;1000;10319898335;S
20240510;105309;154.12;10000;10319898336;S
20240510;105309;154.1;30;10319898337;S
20240510;105309;154.1;50;10319898338;S
20240510;105309;154.1;30;10319898339;S
20240510;105309;154.1;50;10319898340;S
20240510;105309;154.1;10000;10319898341;S
20240510;105309;154.1;1000;10319898342;S
20240510;105309;154.1;20000;10319898343;S
20240510;105309;154.1;10000;10319898344;S
20240510;105309;154.1;10000;10319898345;S
20240510;105309;154.08;1230;10319898346;S
20240510;105309;154.08;500;10319898357;S
20240510;105309;154.08;100;10319898358;S
20240510;105309;154.08;30;10319898359;S
20240510;105309;154.08;10;10319898360;S
20240510;105309;154.04;10;10319898376;S
20240510;105309;154.04;30;10319898378;S
20240510;105310;154.08;20;10319898389;B
20240510;105317;154.08;20;10319898884;B
20240510;105317;154.04;140;10319898928;S
20240510;105319;154.08;10;10319899032;B
20240510;105319;154.08;20;10319899033;B
20240510;105322;154.06;50;10319899222;B
20240510;105322;154.08;40;10319899223;B
20240510;105323;154.04;100;10319899290;S
20240510;105333;154.06;10;10319900002;B
20240510;105336;154.04;4720;10319900110;S
20240510;105336;154.04;30;10319900111;S
20240510;105336;154.04;80;10319900112;S
20240510;105336;154.02;170;10319900113;S
20240510;105336;154.04;20;10319900138;B
20240510;105337;154.02;20;10319900197;S
20240510;105340;154.04;500;10319900331;B
20240510;105345;154.02;20;10319900668;S
20240510;105346;154.04;30;10319900724;B
20240510;105352;154.02;100;10319901148;S
20240510;105352;154.04;10;10319901175;B
20240510;105354;154.04;30;10319901269;B
20240510;105406;154.04;10;10319902272;B
20240510;105408;154.02;10;10319902406;S
20240510;105408;154.02;50;10319902455;S
20240510;105410;154.04;50;10319902584;B
20240510;105410;154.04;1000;10319902585;B
20240510;105410;154.04;380;10319902586;B
20240510;105412;154.06;50;10319902766;B
20240510;105418;154.06;160;10319903054;B
20240510;105418;154.06;740;10319903055;B
20240510;105429;154.06;20;10319903770;B
20240510;105429;154.04;100;10319903799;S
20240510;105431;154.06;10;10319903911;B
20240510;105438;154.04;230;10319904193;S
20240510;105440;154.06;150;10319904382;B
20240510;105443;154.06;920;10319904743;B
20240510;105443;154.06;80;10319904744;B
20240510;105447;154.08;20;10319905087;B
20240510;105455;154.08;10;10319905859;B
20240510;105500;154.06;10;10319906291;S
20240510;105500;154.08;50;10319906307;B
20240510;105503;154.08;10;10319906572;B
20240510;105510;154.08;10;10319907067;B
20240510;105512;154.06;120;10319907247;S
20240510;105512;154.06;60;10319907248;S
20240510;105512;154.06;380;10319907249;S
20240510;105512;154.04;8200;10319907250;S
20240510;105512;154.04;2000;10319907251;S
20240510;105512;154.04;50;10319907252;S
20240510;105512;154.02;630;10319907253;S
20240510;105512;154.02;10;10319907254;S
20240510;105512;154.02;50;10319907255;S
20240510;105512;154.02;210;10319907256;S
20240510;105512;154.02;10;10319907257;S
20240510;105512;154;20;10319907258;S
20240510;105512;154;130;10319907259;S
20240510;105512;154;30;10319907260;S
20240510;105512;154;10;10319907261;S
20240510;105512;154;10;10319907262;S
20240510;105512;154;10;10319907263;S
20240510;105512;154;10;10319907264;S
20240510;105512;154;10;10319907265;S
20240510;105512;154;10;10319907266;S
20240510;105512;154;10;10319907267;S
20240510;105512;154;10000;10319907268;S
20240510;105512;154;20;10319907269;S
20240510;105512;154;20;10319907270;S
20240510;105512;154;1000;10319907271;S
20240510;105512;154;100;10319907272;S
20240510;105512;154;100;10319907273;S
20240510;105512;154;10;10319907274;S
20240510;105512;154;10;10319907275;S
20240510;105512;154;10;10319907276;S
20240510;105512;154;10;10319907277;S
20240510;105512;154;10;10319907278;S
20240510;105512;154;500;10319907279;S
20240510;105512;154;10;10319907280;S
20240510;105512;154;210;10319907281;S
20240510;105512;154;50;10319907282;S
20240510;105512;154;50;10319907283;S
20240510;105512;154;10;10319907284;S
20240510;105512;154;10;10319907285;S
20240510;105512;154;50;10319907286;S
20240510;105512;153.98;30;10319907287;S
20240510;105512;153.98;60;10319907288;S
20240510;105512;153.98;30;10319907289;S
20240510;105512;153.98;30;10319907290;S
20240510;105512;153.98;50;10319907291;S
20240510;105512;153.98;50;10319907292;S
20240510;105512;153.96;30;10319907293;S
20240510;105512;153.96;40;10319907294;S
20240510;105512;153.96;20;10319907295;S
20240510;105512;153.96;50;10319907296;S
20240510;105512;153.94;500;10319907297;S
20240510;105512;153.94;10;10319907298;S
20240510;105512;153.94;10;10319907299;S
20240510;105512;153.94;50;10319907300;S
20240510;105512;153.92;10;10319907301;S
20240510;105512;153.92;100;10319907302;S
20240510;105512;153.92;50;10319907303;S
20240510;105512;153.92;500;10319907304;S
20240510;105512;153.92;10000;10319907305;S
20240510;105512;153.92;10000;10319907306;S
20240510;105512;153.92;1310;10319907307;S
20240510;105512;153.9;100;10319907308;S
20240510;105512;153.9;2000;10319907309;S
20240510;105512;153.9;30;10319907310;S
20240510;105512;153.9;40;10319907311;S
20240510;105512;153.9;50;10319907312;S
20240510;105512;153.88;50;10319907313;S
20240510;105512;153.88;50;10319907314;S
20240510;105512;153.88;1630;10319907315;S
20240510;105512;153.86;2000;10319907316;S
20240510;105512;153.86;50;10319907317;S
20240510;105512;153.86;10000;10319907318;S
20240510;105512;153.82;10;10319907319;S
20240510;105512;153.82;100;10319907320;S
20240510;105512;153.82;10;10319907321;S
20240510;105512;153.82;10;10319907322;S
20240510;105512;153.82;8900;10319907323;S
20240510;105512;153.82;1000;10319907324;S
20240510;105512;153.82;10000;10319907325;S
20240510;105512;153.8;110;10319907326;S
20240510;105512;153.8;30;10319907327;S
20240510;105512;153.8;20;10319907328;S
20240510;105512;153.8;30;10319907329;S
20240510;105512;153.8;10;10319907330;S
20240510;105512;153.8;20;10319907331;S
20240510;105512;153.8;40;10319907332;S
20240510;105512;153.8;10;10319907333;S
20240510;105512;153.8;10;10319907334;S
20240510;105512;153.8;10;10319907335;S
20240510;105512;153.8;200;10319907336;S
20240510;105512;153.8;10;10319907337;S
20240510;105512;153.8;500;10319907338;S
20240510;105512;153.8;50;10319907339;S
20240510;105512;153.8;600;10319907340;S
20240510;105512;153.8;10;10319907341;S
20240510;105512;153.8;100;10319907342;S
20240510;105512;153.8;100;10319907343;S
20240510;105512;153.8;20;10319907344;S
20240510;105512;153.8;170;10319907345;S
20240510;105512;153.8;10;10319907346;S
20240510;105512;153.8;10;10319907347;S
20240510;105512;153.8;80;10319907348;S
20240510;105512;153.8;50;10319907349;S
20240510;105512;153.8;20;10319907350;S
20240510;105512;153.8;30;10319907351;S
20240510;105512;153.8;990;10319907352;S
20240510;105512;153.8;220;10319907353;S
20240510;105512;153.76;130;10319907354;S
20240510;105512;153.76;10;10319907355;S
20240510;105512;153.76;50;10319907356;S
20240510;105512;153.76;20;10319907357;S
20240510;105512;153.76;20;10319907358;S
20240510;105512;153.76;60;10319907359;S
20240510;105512;153.74;10;10319907360;S
20240510;105512;153.74;10;10319907361;S
20240510;105512;153.74;50;10319907362;S
20240510;105512;153.72;10;10319907363;S
20240510;105512;153.72;10;10319907364;S
20240510;105512;153.72;200;10319907365;S
20240510;105512;153.72;20;10319907366;S
20240510;105512;153.72;1780;10319907367;S
20240510;105512;153.72;10;10319907368;S
20240510;105512;153.7;10;10319907369;S
20240510;105512;153.7;10;10319907370;S
20240510;105512;153.7;10;10319907371;S
20240510;105512;153.7;10;10319907372;S
20240510;105512;153.7;10;10319907373;S
20240510;105512;153.7;10;10319907374;S
20240510;105512;153.7;310;10319907375;S
20240510;105512;153.7;490;10319907376;S
20240510;105512;153.7;30180;10319907377;S
20240510;105512;153.74;120;10319907379;S
20240510;105512;153.78;1220;10319907380;S
20240510;105512;153.76;1630;10319907381;S
20240510;105512;153.74;390;10319907382;S
20240510;105512;153.72;10;10319907383;S
20240510;105512;153.72;1310;10319907388;S
20240510;105512;153.7;8690;10319907389;S
20240510;105512;153.7;1000;10319907390;S
20240510;105513;153.72;100;10319907420;S
20240510;105513;153.72;900;10319907423;S
20240510;105513;153.76;170;10319907428;B
20240510;105513;153.76;20;10319907430;B
20240510;105513;153.72;10;10319907453;S
20240510;105513;153.76;20;10319907460;B
20240510;105513;153.76;80;10319907461;B
20240510;105513;153.72;20;10319907463;S
20240510;105514;153.76;10;10319907465;B
20240510;105514;153.76;10;10319907518;B
20240510;105516;153.76;30;10319907729;B
20240510;105518;153.76;50;10319907854;B
20240510;105518;153.76;150;10319907855;B
20240510;105522;153.76;90;10319908280;B
20240510;105527;153.78;10;10319908647;B
20240510;105528;153.78;1000;10319908738;B
20240510;105529;153.78;50;10319908805;B
20240510;105532;153.78;970;10319909053;B
20240510;105532;153.78;1000;10319909054;B
20240510;105536;153.78;1030;10319909276;S
20240510;105536;153.74;390;10319909277;S
20240510;105536;153.74;50;10319909278;S
20240510;105536;153.74;530;10319909279;S
20240510;105536;153.78;10;10319909319;B
20240510;105537;153.78;90;10319909342;B
20240510;105540;153.8;500;10319909531;B
20240510;105541;153.84;10;10319909599;B
20240510;105541;153.84;10;10319909600;B
20240510;105541;153.84;30;10319909601;B
20240510;105549;153.84;500;10319910260;B
20240510;105554;153.86;10;10319910546;B
20240510;105554;153.88;20;10319910567;B
20240510;105557;153.88;40;10319910826;B
20240510;105601;153.88;500;10319911143;B
20240510;105601;153.88;10;10319911145;B
20240510;105602;153.88;60;10319911290;B
20240510;105611;153.86;100;10319911977;S
20240510;105615;153.88;10;10319912386;B
20240510;105617;153.88;1000;10319912592;B
20240510;105620;153.88;400;10319912835;B
20240510;105627;153.9;10;10319913404;B
20240510;105632;153.9;20;10319913766;B
20240510;105633;153.9;10;10319913787;B
20240510;105637;153.9;660;10319914123;B
20240510;105637;153.9;30;10319914124;B
20240510;105640;153.9;1160;10319914369;S
20240510;105653;153.92;1680;10319915429;B
20240510;105654;153.96;60;10319915488;B
20240510;105657;153.92;50;10319915731;S
20240510;105657;153.92;10;10319915732;S
20240510;105657;153.9;150;10319915733;S
20240510;105657;153.9;50;10319915734;S
20240510;105657;153.9;520;10319915735;S
20240510;105659;153.94;5000;10319915890;B
20240510;105700;153.94;240;10319915950;B
20240510;105701;153.94;10;10319916035;B
20240510;105704;153.94;10;10319916256;B
20240510;105704;153.94;20;10319916259;B
20240510;105707;153.94;400;10319916409;B
20240510;105712;153.94;20;10319916777;B
20240510;105718;153.94;490;10319917173;B
20240510;105725;153.96;10;10319917587;B
20240510;105729;153.96;530;10319917898;B
20240510;105729;153.96;30;10319917899;B
20240510;105729;153.96;30;10319917900;B
20240510;105729;153.96;9410;10319917901;B
20240510;105738;153.98;250;10319918383;B
20240510;105751;153.98;10;10319919204;B
20240510;105755;153.98;40;10319919456;B
20240510;105759;154;10;10319919746;B
20240510;105759;154.02;20;10319919747;B
20240510;105808;154.02;160;10319920120;S
20240510;105808;154;430;10319920121;S
20240510;105808;154;110;10319920122;S
20240510;105809;154;830;10319920181;S
20240510;105809;154.04;10;10319920227;B
20240510;105828;154;300;10319921421;S
20240510;105829;154;100;10319921457;S
20240510;105832;154;10;10319921614;S
20240510;105833;154.04;10;10319921658;B
20240510;105838;154.04;110;10319921941;B
20240510;105839;154.04;40;10319921981;B
20240510;105839;154.04;430;10319921982;B
20240510;105839;154.06;24660;10319921983;B
20240510;105839;154.06;50;10319921984;B
20240510;105839;154.06;24820;10319921985;B
20240510;105839;154.06;120;10319921988;B
20240510;105841;154.1;1000;10319922126;B
20240510;105841;154.1;440;10319922127;B
20240510;105841;154.12;30;10319922128;B
20240510;105841;154.12;3630;10319922129;B
20240510;105847;154.14;30;10319922464;B
20240510;105847;154.14;10;10319922569;B
20240510;105858;154.12;10;10319923515;S
20240510;105858;154.1;30;10319923516;S
20240510;105859;154.14;50;10319923616;B
20240510;105859;154.16;440;10319923617;B
20240510;105859;154.16;2510;10319923618;B
20240510;105910;154.14;10;10319924401;B
20240510;105920;154.14;130;10319925169;B
20240510;105927;154.08;10;10319925664;S
20240510;105928;154.14;100;10319925690;B
20240510;105930;154.14;50;10319925814;B
20240510;105935;154.14;100;10319926118;B
20240510;105939;154.14;10;10319926337;B
20240510;105945;154.14;10;10319926812;B
20240510;105957;154.14;30;10319927411;B
20240510;105957;154.14;10;10319927412;B
20240510;105957;154.14;10;10319927413;B
20240510;110032;154.04;40;10319932908;S
20240510;110033;154.04;10;10319933152;S
20240510;110033;154.04;130;10319933153;S
20240510;110033;154.04;210;10319933154;S
20240510;110033;154.02;40;10319933201;S
20240510;110048;154.04;100;10319935998;B
20240510;110101;154.02;10;10319938423;S
20240510;110101;154.02;50;10319938558;S
20240510;110102;154;100;10319938683;S
20240510;110102;154.02;10;10319938701;B
20240510;110103;154;40;10319938793;S
20240510;110106;154;60;10319939560;S
20240510;110110;154;10;10319940325;S
20240510;110111;154.02;200;10319940506;B
20240510;110116;154;10;10319941314;S
20240510;110118;154.02;490;10319941809;B
20240510;110118;154.04;160;10319941810;B
20240510;110118;154.04;420;10319941811;B
20240510;110118;154.06;220;10319941812;B
20240510;110145;154.04;30;10319946914;B
20240510;110148;154.04;20;10319947437;B
20240510;110148;154.08;400;10319947595;B
20240510;110150;154.1;10;10319947863;B
20240510;110150;154.12;10;10319947864;B
20240510;110151;154.14;50;10319948006;B
20240510;110234;154.1;30;10319956195;B
20240510;110239;154.1;10;10319957071;B
20240510;110241;154.08;160;10319957602;S
20240510;110241;154.08;50;10319957603;S
20240510;110241;154.08;1440;10319957604;S
20240510;110241;154.08;20;10319957605;S
20240510;110241;154.06;50;10319957606;S
20240510;110241;154.06;2180;10319957607;S
20240510;110241;154.04;50;10319957608;S
20240510;110241;154.04;1630;10319957609;S
20240510;110241;154.04;400;10319957610;S
20240510;110241;154.04;1310;10319957611;S
20240510;110241;154.02;50;10319957612;S
20240510;110241;154.02;5730;10319957613;S
20240510;110241;154.02;1000;10319957614;S
20240510;110241;154;1280;10319957615;S
20240510;110241;154;50;10319957616;S
20240510;110241;154;100;10319957617;S
20240510;110241;154;50;10319957618;S
20240510;110241;154;10000;10319957619;S
20240510;110241;154;30;10319957620;S
20240510;110241;154;10;10319957621;S
20240510;110241;153.98;430;10319957622;S
20240510;110241;153.98;2000;10319957623;S
20240510;110241;153.98;50;10319957624;S
20240510;110241;153.96;50;10319957625;S
20240510;110241;153.96;1000;10319957626;S
20240510;110241;153.96;20000;10319957627;S
20240510;110241;153.96;1500;10319957628;S
20240510;110241;153.94;1510;10319957629;S
20240510;110241;153.94;50;10319957630;S
20240510;110241;153.94;10000;10319957631;S
20240510;110241;153.94;10000;10319957632;S
20240510;110241;153.92;30;10319957633;S
20240510;110241;153.92;30;10319957634;S
20240510;110241;153.92;5000;10319957635;S
20240510;110241;153.92;10;10319957636;S
20240510;110241;153.92;50;10319957637;S
20240510;110241;153.92;10000;10319957638;S
20240510;110241;153.9;1500;10319957639;S
20240510;110241;153.9;10;10319957640;S
20240510;110241;153.9;1000;10319957641;S
20240510;110241;153.9;1000;10319957642;S
20240510;110241;153.9;50;10319957643;S
20240510;110241;153.88;3600;10319957644;S
20240510;110241;153.88;2000;10319957645;S
20240510;110241;153.88;20;10319957646;S
20240510;110241;153.88;10;10319957647;S
20240510;110241;153.88;3510;10319957648;S
20240510;110242;153.92;90;10319957751;B
20240510;110253;153.92;70;10319959948;B
20240510;110253;153.92;130;10319959949;B
20240510;110259;153.9;300;10319961216;S
20240510;110312;153.92;30;10319968675;B
20240510;110313;153.92;10;10319969238;B
20240510;110326;153.92;990;10319980058;B
20240510;110326;153.92;190;10319980059;B
20240510;110328;153.92;10;10319982144;B
20240510;110329;153.92;80;10319982764;B
20240510;110335;153.92;50;10319987173;B
20240510;110341;153.92;30;10319992275;B
20240510;110342;153.92;10;10319992783;B
20240510;110347;153.92;30;10319996935;B
20240510;110349;153.9;10;10319998215;S
20240510;110353;153.9;60;10320001288;S
20240510;110357;153.9;940;10320004353;S
20240510;110357;153.9;500;10320004354;S
20240510;110357;153.9;20;10320004355;S
20240510;110357;153.88;540;10320004356;S
20240510;110401;153.9;40;10320007510;B
20240510;110405;153.88;30;10320010827;S
20240510;110410;153.9;20;10320014173;B
20240510;110415;153.9;10;10320018195;B
20240510;110416;153.9;910;10320019286;B
20240510;110416;153.9;420;10320019287;B
20240510;110427;153.92;220;10320028792;S
20240510;110429;153.92;380;10320030389;S
20240510;110432;153.94;20;10320033796;B
20240510;110437;153.96;10;10320038422;B
20240510;110458;153.96;20;10320058915;B
20240510;110512;153.92;710;10320070989;S
20240510;110512;153.92;1630;10320070990;S
20240510;110512;153.92;160;10320070991;S
20240510;110512;153.9;2670;10320070994;S
20240510;110512;153.9;1000;10320070995;S
20240510;110513;153.88;920;10320071941;S
20240510;110513;153.88;160;10320071942;S
20240510;110522;153.88;10;10320081203;B
20240510;110525;153.86;20;10320083928;S
20240510;110529;153.86;50;10320087533;S
20240510;110530;153.88;10;10320088172;B
20240510;110536;153.84;10;10320094963;S
20240510;110536;153.84;590;10320094964;S
20240510;110551;153.84;4410;10320109331;S
20240510;110551;153.84;10;10320109332;S
20240510;110551;153.84;10;10320109333;S
20240510;110551;153.82;270;10320109334;S
20240510;110551;153.82;1000;10320109335;S
20240510;110551;153.82;200;10320109336;S
20240510;110551;153.82;10;10320109337;S
20240510;110551;153.8;30;10320109338;S
20240510;110551;153.8;10;10320109339;S
20240510;110551;153.8;10;10320109340;S
20240510;110551;153.8;100;10320109341;S
20240510;110551;153.8;60;10320109342;S
20240510;110551;153.8;420;10320109343;S
20240510;110551;153.8;1310;10320109344;S
20240510;110551;153.78;410;10320109345;S
20240510;110551;153.78;10;10320109346;S
20240510;110551;153.78;30;10320109347;S
20240510;110551;153.78;10;10320109348;S
20240510;110551;153.78;160;10320109349;S
20240510;110551;153.78;1460;10320109350;S
20240510;110551;153.76;1000;10320109351;S
20240510;110551;153.76;1630;10320109352;S
20240510;110551;153.76;950;10320109353;S
20240510;110551;153.74;470;10320109354;S
20240510;110551;153.74;10000;10320109355;S
20240510;110551;153.74;3000;10320109356;S
20240510;110551;153.74;10;10320109357;S
20240510;110551;153.74;10;10320109358;S
20240510;110551;153.72;30;10320109359;S
20240510;110551;153.72;1000;10320109360;S
20240510;110551;153.7;50;10320109361;S
20240510;110551;153.7;1000;10320109362;S
20240510;110551;153.7;10;10320109363;S
20240510;110551;153.7;10;10320109364;S
20240510;110551;153.7;30;10320109365;S
20240510;110551;153.7;2000;10320109366;S
20240510;110551;153.7;10;10320109367;S
20240510;110551;153.7;1000;10320109368;S
20240510;110551;153.7;10000;10320109369;S
20240510;110551;153.7;10000;10320109370;S
20240510;110551;153.7;10000;10320109371;S
20240510;110551;153.68;100;10320109372;S
20240510;110551;153.68;2500;10320109373;S
20240510;110551;153.66;500;10320109374;S
20240510;110551;153.66;10;10320109375;S
20240510;110551;153.66;30;10320109376;S
20240510;110551;153.66;10000;10320109377;S
20240510;110551;153.64;100;10320109378;S
20240510;110551;153.64;70;10320109379;S
20240510;110551;153.64;1000;10320109380;S
20240510;110551;153.64;4000;10320109381;S
20240510;110551;153.64;10;10320109382;S
20240510;110551;153.62;300;10320109383;S
20240510;110551;153.62;20;10320109384;S
20240510;110551;153.62;13500;10320109385;S
20240510;110551;153.62;40;10320109386;S
20240510;110551;153.62;10;10320109387;S
20240510;110551;153.62;500;10320109388;S
20240510;110551;153.62;5170;10320109389;S
20240510;110551;153.64;1310;10320109391;S
20240510;110551;153.62;9330;10320109392;S
20240510;110551;153.62;200;10320109393;S
20240510;110551;153.6;1000;10320109394;S
20240510;110552;153.66;50;10320110366;B
20240510;110552;153.66;40;10320110367;B
20240510;110552;153.62;300;10320110431;S
20240510;110552;153.62;40;10320110832;S
20240510;110553;153.62;40;10320111084;S
20240510;110554;153.64;20;10320112307;S
20240510;110558;153.66;10;10320116363;B
20240510;110602;153.66;20;10320119916;B
20240510;110605;153.64;30;10320122821;B
20240510;110610;153.64;100;10320127867;B
20240510;110613;153.64;10;10320130397;B
20240510;110617;153.66;1000;10320134402;B
20240510;110619;153.66;100;10320136968;B
20240510;110620;153.66;100;10320137357;B
20240510;110620;153.66;100;10320137809;B
20240510;110620;153.66;10;10320137929;B
20240510;110621;153.66;100;10320138341;B
20240510;110621;153.66;100;10320138709;B
20240510;110622;153.66;20;10320139157;B
20240510;110622;153.66;80;10320139158;B
20240510;110624;153.68;50;10320141197;B
20240510;110624;153.68;50;10320141753;B
20240510;110625;153.68;50;10320142161;B
20240510;110625;153.66;10;10320142519;S
20240510;110626;153.66;90;10320143044;S
20240510;110626;153.66;10;10320143045;S
20240510;110627;153.68;50;10320143814;B
20240510;110627;153.68;10;10320144241;B
20240510;110627;153.68;40;10320144242;B
20240510;110628;153.7;50;10320144449;B
20240510;110629;153.66;50;10320145238;S
20240510;110630;153.7;10;10320146661;B
20240510;110630;153.66;100;10320146794;S
20240510;110633;153.7;10;10320149020;B
20240510;110643;153.7;10;10320157046;B
20240510;110643;153.66;20;10320157476;S
20240510;110647;153.68;50;10320160164;B
20240510;110647;153.7;50;10320160757;B
20240510;110648;153.7;50;10320161231;B
20240510;110648;153.7;30;10320161732;B
20240510;110648;153.7;20;10320161733;B
20240510;110649;153.7;30;10320162269;B
20240510;110649;153.7;20;10320162270;B
20240510;110649;153.66;60;10320162424;S
20240510;110650;153.7;40;10320162637;B
20240510;110650;153.7;10;10320162638;B
20240510;110650;153.74;50;10320163105;B
20240510;110652;153.74;30;10320164677;B
20240510;110653;153.7;400;10320165634;S
20240510;110654;153.74;40;10320166489;B
20240510;110658;153.7;910;10320169288;S
20240510;110658;153.7;1630;10320169289;S
20240510;110658;153.7;500;10320169290;S
20240510;110658;153.68;1000;10320169291;S
20240510;110658;153.68;1380;10320169292;S
20240510;110658;153.68;400;10320169293;S
20240510;110658;153.68;50;10320169294;S
20240510;110658;153.66;10;10320169295;S
20240510;110658;153.66;10;10320169296;S
20240510;110658;153.66;10;10320169297;S
20240510;110658;153.66;500;10320169298;S
20240510;110658;153.66;50;10320169299;S
20240510;110658;153.66;2000;10320169300;S
20240510;110658;153.64;800;10320169301;S
20240510;110658;153.64;2000;10320169302;S
20240510;110658;153.64;50;10320169303;S
20240510;110658;153.64;100;10320169304;S
20240510;110658;153.64;210;10320169305;S
20240510;110658;153.64;50;10320169306;S
20240510;110658;153.64;1290;10320169307;S
20240510;110658;153.62;10;10320169308;S
20240510;110658;153.62;5000;10320169309;S
20240510;110658;153.62;50;10320169310;S
20240510;110658;153.6;20;10320169311;S
20240510;110658;153.6;10;10320169312;S
20240510;110658;153.6;10;10320169313;S
20240510;110658;153.6;10;10320169314;S
20240510;110658;153.6;890;10320169315;S
20240510;110658;153.6;10;10320169316;S
20240510;110658;153.6;10;10320169317;S
20240510;110658;153.6;300;10320169318;S
20240510;110658;153.6;1000;10320169319;S
20240510;110658;153.6;100;10320169320;S
20240510;110658;153.6;20;10320169321;S
20240510;110658;153.6;10;10320169322;S
20240510;110658;153.6;10000;10320169323;S
20240510;110658;153.6;200;10320169324;S
20240510;110658;153.6;10;10320169325;S
20240510;110658;153.6;50;10320169326;S
20240510;110658;153.58;200;10320169327;S
20240510;110658;153.58;3000;10320169328;S
20240510;110658;153.58;10;10320169329;S
20240510;110658;153.58;1000;10320169330;S
20240510;110658;153.58;10;10320169331;S
20240510;110658;153.58;140;10320169332;S
20240510;110658;153.58;3000;10320169333;S
20240510;110658;153.58;10000;10320169334;S
20240510;110658;153.58;50;10320169335;S
20240510;110658;153.58;10000;10320169336;S
20240510;110658;153.58;10000;10320169337;S
20240510;110658;153.56;10;10320169338;S
20240510;110658;153.56;2000;10320169339;S
20240510;110658;153.56;10;10320169340;S
20240510;110658;153.56;660;10320169341;S
20240510;110658;153.56;50;10320169342;S
20240510;110658;153.56;10000;10320169343;S
20240510;110658;153.56;50;10320169344;S
20240510;110658;153.54;90;10320169345;S
20240510;110658;153.54;2000;10320169346;S
20240510;110658;153.54;50;10320169347;S
20240510;110658;153.54;100;10320169348;S
20240510;110658;153.54;70;10320169349;S
20240510;110658;153.54;10;10320169350;S
20240510;110658;153.54;50;10320169351;S
20240510;110658;153.54;10;10320169352;S
20240510;110658;153.54;10000;10320169353;S
20240510;110658;153.54;50;10320169354;S
20240510;110658;153.54;10000;10320169355;S
20240510;110658;153.54;100;10320169356;S
20240510;110658;153.52;10;10320169357;S
20240510;110658;153.52;10;10320169358;S
20240510;110658;153.52;5000;10320169359;S
20240510;110658;153.52;10;10320169360;S
20240510;110658;153.52;300;10320169361;S
20240510;110658;153.52;400;10320169362;S
20240510;110658;153.52;10;10320169363;S
20240510;110658;153.52;10;10320169364;S
20240510;110658;153.52;2000;10320169365;S
20240510;110658;153.52;1000;10320169366;S
20240510;110658;153.52;500;10320169367;S
20240510;110658;153.52;30;10320169368;S
20240510;110658;153.52;500;10320169369;S
20240510;110658;153.52;200;10320169370;S
20240510;110658;153.52;100;10320169371;S
20240510;110658;153.52;50;10320169372;S
20240510;110658;153.52;1000;10320169373;S
20240510;110658;153.5;10;10320169374;S
20240510;110658;153.5;10;10320169375;S
20240510;110658;153.5;10;10320169376;S
20240510;110658;153.5;10;10320169377;S
20240510;110658;153.5;20;10320169378;S
20240510;110658;153.5;10;10320169379;S
20240510;110658;153.5;10;10320169380;S
20240510;110658;153.5;10;10320169381;S
20240510;110658;153.5;10;10320169382;S
20240510;110658;153.5;20;10320169383;S
20240510;110658;153.5;10;10320169384;S
20240510;110658;153.5;40;10320169385;S
20240510;110658;153.5;10;10320169386;S
20240510;110658;153.5;5310;10320169387;S
20240510;110658;153.54;10;10320169496;B
20240510;110658;153.52;1310;10320169523;S
20240510;110658;153.52;1630;10320169524;S
20240510;110658;153.5;3390;10320169525;S
20240510;110658;153.5;10;10320169526;S
20240510;110658;153.5;10;10320169527;S
20240510;110658;153.5;10000;10320169528;S
20240510;110658;153.5;20;10320169529;S
20240510;110658;153.5;10;10320169530;S
20240510;110658;153.5;10;10320169531;S
20240510;110658;153.5;20;10320169532;S
20240510;110658;153.5;10;10320169533;S
20240510;110658;153.5;20;10320169534;S
20240510;110658;153.52;200;10320169557;S
20240510;110658;153.52;90;10320169698;S
20240510;110658;153.54;40;10320169703;B
20240510;110658;153.52;20;10320169714;S
20240510;110658;153.52;1500;10320169792;S
20240510;110658;153.5;30;10320169822;S
20240510;110658;153.5;50;10320169823;S
20240510;110658;153.5;20;10320169824;S
20240510;110658;153.5;110;10320169825;S
20240510;110658;153.5;4380;10320169826;S
20240510;110659;153.5;40;10320170020;S
20240510;110659;153.52;50;10320170191;B
20240510;110659;153.54;410;10320170192;B
20240510;110659;153.54;50;10320170193;B
20240510;110659;153.54;490;10320170194;S
20240510;110659;153.56;10;10320170304;B
20240510;110700;153.56;40;10320170966;B
20240510;110700;153.56;60;10320170967;B
20240510;110702;153.52;10;10320172439;S
20240510;110703;153.54;10;10320173240;B
20240510;110703;153.54;40;10320173302;B
20240510;110703;153.54;160;10320173303;B
20240510;110704;153.54;250;10320173556;B
20240510;110708;153.56;150;10320177184;B
20240510;110708;153.56;50;10320177185;B
20240510;110711;153.56;50;10320179351;B
20240510;110711;153.56;790;10320179352;B
20240510;110711;153.56;340;10320179353;B
20240510;110713;153.56;10;10320181191;B
20240510;110717;153.56;10;10320183993;B
20240510;110718;153.56;30;10320184864;B
20240510;110718;153.56;410;10320184865;B
20240510;110719;153.6;500;10320185849;S
20240510;110720;153.58;1630;10320186709;S
20240510;110720;153.56;160;10320186713;S
20240510;110720;153.56;1130;10320186714;S
20240510;110720;153.58;70;10320186715;S
20240510;110721;153.58;10;10320187354;S
20240510;110721;153.58;40;10320187355;S
20240510;110721;153.58;20;10320187368;S
20240510;110722;153.58;60;10320187874;S
20240510;110722;153.58;200;10320188532;S
20240510;110722;153.58;10;10320188554;S
20240510;110723;153.58;170;10320188891;S
20240510;110724;153.6;50;10320189554;B
20240510;110724;153.6;50;10320189555;S
20240510;110725;153.58;90;10320190434;S
20240510;110725;153.58;10;10320191088;S
20240510;110727;153.58;140;10320192521;S
20240510;110727;153.58;10;10320192665;S
20240510;110728;153.58;230;10320193429;S
20240510;110729;153.58;50;10320194793;S
20240510;110729;153.6;50;10320194812;B
20240510;110729;153.6;20;10320194813;B
20240510;110729;153.62;50;10320194814;B
20240510;110729;153.62;80;10320194815;B
20240510;110731;153.62;70;10320196967;B
20240510;110731;153.64;50;10320196968;B
20240510;110731;153.64;380;10320196969;B
20240510;110731;153.64;10;10320197072;B
20240510;110733;153.6;10;10320198343;S
20240510;110733;153.6;50;10320198947;B
20240510;110733;153.62;200;10320198948;B
20240510;110733;153.62;50;10320198949;B
20240510;110733;153.62;270;10320198950;B
20240510;110733;153.62;5930;10320198951;S
20240510;110733;153.58;70;10320198959;S
20240510;110733;153.58;1270;10320198960;S
20240510;110733;153.58;210;10320198961;S
20240510;110733;153.58;10;10320198962;S
20240510;110733;153.58;1130;10320198963;S
20240510;110739;153.6;20;10320204320;B
20240510;110743;153.6;10;10320208662;B
20240510;110744;153.6;180;10320209133;B
20240510;110744;153.6;500;10320209134;B
20240510;110744;153.6;260;10320209135;B
20240510;110747;153.6;10;10320212297;B
20240510;110748;153.6;90;10320213046;B
20240510;110748;153.6;110;10320213047;B
20240510;110749;153.6;30;10320214269;B
20240510;110749;153.62;50;10320214270;B
20240510;110749;153.62;420;10320214271;B
20240510;110749;153.62;190;10320214272;S
20240510;110749;153.62;600;10320214273;S
20240510;110750;153.64;70;10320214920;S
20240510;110750;153.66;50;10320215594;B
20240510;110751;153.66;50;10320216326;B
20240510;110752;153.66;50;10320216812;B
20240510;110753;153.68;50;10320218292;B
20240510;110754;153.68;50;10320218658;B
20240510;110754;153.66;50;10320218983;B
20240510;110755;153.68;50;10320219502;B
20240510;110757;153.66;10;10320221539;B
20240510;110759;153.66;130;10320223074;S
20240510;110800;153.68;100;10320224321;B
20240510;110803;153.68;10;10320226763;B
20240510;110803;153.68;10;10320227310;B
20240510;110804;153.68;10;10320227418;B
20240510;110804;153.68;200;10320227536;B
20240510;110809;153.68;50;10320232060;B
20240510;110810;153.68;610;10320233849;B
20240510;110810;153.68;430;10320233850;B
20240510;110810;153.7;1670;10320233851;B
20240510;110811;153.7;600;10320234845;B
20240510;110813;153.68;200;10320236081;B
20240510;110813;153.7;980;10320236082;B
20240510;110814;153.66;10;10320237822;S
20240510;110827;153.66;20;10320249984;S
20240510;110828;153.7;440;10320250748;B
20240510;110833;153.7;60;10320256034;S
20240510;110837;153.72;500;10320259128;B
20240510;110837;153.7;10;10320259140;S
20240510;110837;153.7;350;10320259146;S
20240510;110837;153.7;10;10320259682;S
20240510;110839;153.72;10;10320261113;B
20240510;110839;153.7;10;10320261910;S
20240510;110839;153.7;30;10320261911;S
20240510;110842;153.72;30;10320264338;B
20240510;110851;153.7;530;10320273950;S
20240510;110852;153.7;10;10320274860;S
20240510;110859;153.72;480;10320280945;B
20240510;110859;153.72;20;10320280946;B
20240510;110900;153.72;10;10320282771;B
20240510;110901;153.72;80;10320283114;B
20240510;110901;153.7;500;10320283130;S
20240510;110912;153.7;10;10320294282;S
20240510;110917;153.72;10;10320298373;B
20240510;110917;153.7;230;10320298374;S
20240510;110917;153.7;2870;10320298375;S
20240510;110917;153.7;210;10320298376;S
20240510;110917;153.7;10;10320298377;S
20240510;110917;153.7;10;10320298378;S
20240510;110917;153.68;10;10320298382;S
20240510;110918;153.7;50;10320299928;B
20240510;110918;153.7;450;10320299929;B
20240510;110923;153.66;1800;10320304898;S
20240510;110923;153.66;500;10320304899;S
20240510;110927;153.64;50;10320308374;B
20240510;110927;153.64;50;10320308610;B
20240510;110927;153.64;50;10320309075;B
20240510;110928;153.64;50;10320309431;B
20240510;110929;153.64;50;10320310690;B
20240510;110930;153.64;50;10320311211;B
20240510;110937;153.64;750;10320317141;B
20240510;110937;153.64;50;10320317142;B
20240510;110937;153.64;1200;10320317143;B
20240510;110941;153.64;10;10320320231;B
20240510;110941;153.64;10;10320320493;B
20240510;110942;153.64;10;10320320765;B
20240510;110943;153.62;10;10320322047;S
20240510;110943;153.64;10;10320322359;B
20240510;110944;153.64;10;10320322435;B
20240510;110946;153.62;40;10320324212;S
20240510;110946;153.62;860;10320324213;S
20240510;110958;153.64;10;10320334167;B
20240510;110959;153.64;100;10320334464;B
20240510;111002;153.64;40;10320336955;B
20240510;111002;153.64;300;10320336956;B
20240510;111004;153.64;10;10320338370;B
20240510;111008;153.62;10;10320341500;S
20240510;111037;153.62;100;10320366577;S
20240510;111037;153.62;10;10320366718;S
20240510;111039;153.64;1000;10320368023;B
20240510;111044;153.64;140;10320373485;B
20240510;111044;153.64;860;10320373486;B
20240510;111045;153.64;140;10320373644;B
20240510;111045;153.64;260;10320373645;B
20240510;111046;153.64;500;10320374895;B
20240510;111046;153.64;500;10320374896;B
20240510;111049;153.64;20;10320377825;B
20240510;111049;153.64;20;10320377870;B
20240510;111052;153.64;130;10320380724;B
20240510;111052;153.64;510;10320380725;B
20240510;111053;153.66;160;10320381694;B
