<DATE>;<TIME>;<LAST>;<VOL>;<ID>;<OPER>
20240422;095932;158.4;90;10177760276;B
20240422;095932;158.4;1450;10177760277;B
20240422;095932;158.4;10;10177760278;B
20240422;095932;158.4;1520;10177760279;S
20240422;095932;158.4;60;10177760280;S
20240422;095932;158.4;60;10177760281;B
20240422;095932;158.4;250;10177760282;B
20240422;095932;158.4;10;10177760283;B
20240422;095932;158.4;50;10177760284;B
20240422;095932;158.4;20;10177760285;B
20240422;095932;158.4;10;10177760286;B
20240422;095932;158.4;10;10177760287;B
20240422;095932;158.4;50;10177760288;B
20240422;095932;158.4;20;10177760289;B
20240422;095932;158.4;10;10177760290;B
20240422;095932;158.4;100;10177760291;B
20240422;095932;158.4;200;10177760292;B
20240422;095932;158.4;20;10177760293;B
20240422;095932;158.4;1000;10177760294;B
20240422;095932;158.4;100;10177760295;B
20240422;095932;158.4;10;10177760296;B
20240422;095932;158.4;70;10177760297;B
20240422;095932;158.4;30;10177760298;B
20240422;095932;158.4;10;10177760299;B
20240422;095932;158.4;500;10177760300;B
20240422;095932;158.4;10;10177760301;S
20240422;095932;158.4;40;10177760302;B
20240422;095932;158.4;140;10177760303;B
20240422;095932;158.4;10;10177760304;B
20240422;095932;158.4;10;10177760305;S
20240422;095932;158.4;100;10177760306;S
20240422;095932;158.4;250;10177760307;B
20240422;095932;158.4;100;10177760308;S
20240422;095932;158.4;10;10177760309;B
20240422;095932;158.4;10;10177760310;B
20240422;095932;158.4;50;10177760311;S
20240422;095932;158.4;10;10177760312;S
20240422;095932;158.4;40;10177760313;S
20240422;095932;158.4;10;10177760314;S
20240422;095932;158.4;500;10177760315;S
20240422;095932;158.4;10;10177760316;S
20240422;095932;158.4;10;10177760317;S
20240422;095932;158.4;100;10177760318;S
20240422;095932;158.4;10;10177760319;S
20240422;095932;158.4;30;10177760320;S
20240422;095932;158.4;30;10177760321;S
20240422;095932;158.4;10;10177760322;S
20240422;095932;158.4;20;10177760323;S
20240422;095932;158.4;10;10177760324;S
20240422;095932;158.4;10;10177760325;S
20240422;095932;158.4;10;10177760326;S
20240422;095932;158.4;20;10177760327;S
20240422;095932;158.4;50;10177760328;S
20240422;095932;158.4;10;10177760329;S
20240422;095932;158.4;10;10177760330;S
20240422;095932;158.4;10;10177760331;S
20240422;095932;158.4;10;10177760332;S
20240422;095932;158.4;160;10177760333;S
20240422;095932;158.4;20;10177760334;S
20240422;095932;158.4;60;10177760335;S
20240422;095932;158.4;50;10177760336;S
20240422;095932;158.4;100;10177760337;S
20240422;095932;158.4;420;10177760338;S
20240422;095932;158.4;20;10177760339;S
20240422;095932;158.4;10;10177760340;S
20240422;095932;158.4;30;10177760341;S
20240422;095932;158.4;10;10177760342;S
20240422;095932;158.4;10;10177760343;B
20240422;095932;158.4;20;10177760344;B
20240422;095932;158.4;20;10177760345;B
20240422;095932;158.4;10;10177760346;B
20240422;095932;158.4;10;10177760347;B
20240422;095932;158.4;30;10177760348;B
20240422;095932;158.4;20;10177760349;B
20240422;095932;158.4;20;10177760350;B
20240422;095932;158.4;10;10177760351;B
20240422;095932;158.4;90;10177760352;S
20240422;095932;158.4;100;10177760353;S
20240422;095932;158.4;20;10177760354;S
20240422;095932;158.4;10;10177760355;S
20240422;095932;158.4;10;10177760356;S
20240422;095932;158.4;90;10177760357;S
20240422;095932;158.4;10;10177760358;S
20240422;095932;158.4;10;10177760359;S
20240422;095932;158.4;20;10177760360;S
20240422;095932;158.4;50;10177760361;S
20240422;095932;158.4;20;10177760362;S
20240422;095932;158.4;30;10177760363;S
20240422;095932;158.4;100;10177760364;S
20240422;095932;158.4;60;10177760365;S
20240422;095932;158.4;40;10177760366;S
20240422;095932;158.4;10;10177760367;S
20240422;095932;158.4;120;10177760368;S
20240422;095932;158.4;30;10177760369;S
20240422;095932;158.4;40;10177760370;S
20240422;095932;158.4;160;10177760371;S
20240422;095932;158.4;10;10177760372;S
20240422;095932;158.4;150;10177760373;B
20240422;095932;158.4;10;10177760374;S
20240422;095932;158.4;310;10177760375;S
20240422;095932;158.4;1690;10177760376;B
20240422;095932;158.4;10;10177760377;S
20240422;095932;158.4;900;10177760378;S
20240422;095932;158.4;30;10177760379;S
20240422;095932;158.4;10;10177760380;S
20240422;095932;158.4;30;10177760381;B
20240422;095932;158.4;200;10177760382;B
20240422;095932;158.4;10;10177760383;B
20240422;095932;158.4;20;10177760384;B
20240422;095932;158.4;10;10177760385;B
20240422;095932;158.4;10;10177760386;B
20240422;095932;158.4;20;10177760387;B
20240422;095932;158.4;10;10177760388;B
20240422;095932;158.4;20;10177760389;B
20240422;095932;158.4;30;10177760390;B
20240422;095932;158.4;50;10177760391;B
20240422;095932;158.4;20;10177760392;B
20240422;095932;158.4;10;10177760393;B
20240422;095932;158.4;30;10177760394;B
20240422;095932;158.4;10;10177760395;B
20240422;095932;158.4;10;10177760396;S
20240422;095932;158.4;10;10177760397;S
20240422;095932;158.4;50;10177760398;B
20240422;095932;158.4;50;10177760399;B
20240422;095932;158.4;630;10177760400;B
20240422;095932;158.4;20;10177760401;B
20240422;095932;158.4;10;10177760402;S
20240422;095932;158.4;20;10177760403;B
20240422;095932;158.4;6080;10177760404;B
20240422;095932;158.4;100;10177760405;B
20240422;095932;158.4;120;10177760406;B
20240422;095932;158.4;430;10177760407;B
20240422;095932;158.4;450;10177760408;B
20240422;095932;158.4;150;10177760409;B
20240422;095932;158.4;100;10177760410;B
20240422;095932;158.4;20;10177760411;S
20240422;095932;158.4;20;10177760412;B
20240422;095932;158.4;190;10177760413;S
20240422;095932;158.4;10;10177760414;S
20240422;095932;158.4;770;10177760415;B
20240422;095932;158.4;500;10177760416;B
20240422;095932;158.4;10;10177760417;B
20240422;095932;158.4;2780;10177760418;B
20240422;095932;158.4;100;10177760419;S
20240422;095932;158.4;10;10177760420;S
20240422;095932;158.4;10;10177760421;S
20240422;095932;158.4;20;10177760422;S
20240422;095932;158.4;60;10177760423;S
20240422;095932;158.4;2020;10177760424;S
20240422;095932;158.4;300;10177760425;S
20240422;095932;158.4;20;10177760426;S
20240422;095932;158.4;200;10177760427;S
20240422;095932;158.4;280;10177760428;S
20240422;100000;158.48;100;10177770348;B
20240422;100000;158.48;50;10177770350;B
20240422;100000;158.48;50;10177770403;B
20240422;100000;158.48;50;10177770448;B
20240422;100000;158.48;50;10177770469;B
20240422;100000;158.5;20;10177770503;B
20240422;100000;158.52;30;10177770504;B
20240422;100000;158.54;50;10177770518;B
20240422;100000;158.54;100;10177770529;B
20240422;100000;158.54;50;10177770530;B
20240422;100000;158.56;20;10177770531;B
20240422;100000;158.6;1000;10177770532;B
20240422;100000;158.6;4000;10177770533;B
20240422;100000;158.6;280;10177770534;B
20240422;100000;158.62;50;10177770535;B
20240422;100000;158.62;500;10177770536;B
20240422;100000;158.62;500;10177770537;B
20240422;100000;158.62;4010;10177770538;B
20240422;100000;158.62;50;10177770552;B
20240422;100000;158.62;100;10177770565;B
20240422;100000;158.62;50;10177770572;B
20240422;100000;158.62;50;10177770573;B
20240422;100000;158.62;100;10177770574;B
20240422;100000;158.62;50;10177770575;B
20240422;100000;158.62;100;10177770578;B
20240422;100000;158.62;50;10177770579;B
20240422;100000;158.62;100;10177770584;B
20240422;100000;158.62;50;10177770585;B
20240422;100000;158.62;50;10177770586;B
20240422;100000;158.62;50;10177770590;B
20240422;100000;158.62;50;10177770601;B
20240422;100000;158.62;100;10177770602;B
20240422;100000;158.62;40;10177770608;B
20240422;100000;158.62;10;10177770609;B
20240422;100000;158.62;40;10177770610;B
20240422;100000;158.62;50;10177770614;B
20240422;100000;158.64;60;10177770615;B
20240422;100000;158.62;50;10177770617;B
20240422;100000;158.64;100;10177770619;B
20240422;100000;158.62;50;10177770620;B
20240422;100000;158.62;50;10177770622;B
20240422;100000;158.64;100;10177770624;B
20240422;100000;158.62;50;10177770627;B
20240422;100000;158.62;50;10177770631;B
20240422;100000;158.64;50;10177770632;B
20240422;100000;158.64;50;10177770637;B
20240422;100000;158.62;50;10177770648;B
20240422;100000;158.64;50;10177770651;B
20240422;100000;158.64;50;10177770655;B
20240422;100000;158.64;50;10177770679;B
20240422;100000;158.64;50;10177770690;B
20240422;100000;158.64;20;10177770698;B
20240422;100000;158.64;30;10177770699;B
20240422;100000;158.64;50;10177770712;B
20240422;100000;158.64;50;10177770718;B
20240422;100000;158.64;50;10177770719;B
20240422;100000;158.64;50;10177770722;B
20240422;100000;158.64;50;10177770730;B
20240422;100000;158.64;50;10177770738;B
20240422;100000;158.64;50;10177770744;B
20240422;100000;158.64;50;10177770757;B
20240422;100000;158.52;40;10177770805;S
20240422;100000;158.52;300;10177770818;S
20240422;100000;158.52;180;10177770819;S
20240422;100000;158.5;50;10177770820;S
20240422;100000;158.48;50;10177770821;S
20240422;100000;158.46;10;10177770833;S
20240422;100001;158.46;40;10177771044;S
20240422;100001;158.46;50;10177771045;S
20240422;100001;158.44;50;10177771046;S
20240422;100001;158.44;10;10177771047;S
20240422;100001;158.48;30;10177771237;B
20240422;100001;158.54;50;10177771238;B
20240422;100001;158.56;50;10177771239;B
20240422;100001;158.58;50;10177771240;B
20240422;100001;158.6;50;10177771241;B
20240422;100001;158.6;10;10177771242;B
20240422;100001;158.62;260;10177771243;B
20240422;100001;158.64;50;10177771250;B
20240422;100001;158.64;50;10177771252;B
20240422;100001;158.64;50;10177771254;B
20240422;100002;158.52;50;10177771871;S
20240422;100002;158.5;50;10177771872;S
20240422;100002;158.5;150;10177771873;S
20240422;100002;158.48;50;10177771874;S
20240422;100002;158.48;700;10177771875;S
20240422;100002;158.62;50;10177771905;B
20240422;100002;158.52;50;10177772262;S
20240422;100002;158.5;50;10177772263;S
20240422;100002;158.5;150;10177772264;S
20240422;100002;158.48;540;10177772265;S
20240422;100002;158.6;50;10177772472;B
20240422;100002;158.62;50;10177772475;B
20240422;100002;158.62;50;10177772476;B
20240422;100002;158.62;50;10177772477;B
20240422;100002;158.6;50;10177772486;B
20240422;100002;158.6;50;10177772493;B
20240422;100002;158.6;50;10177772496;B
20240422;100002;158.6;50;10177772498;B
20240422;100002;158.64;50;10177772499;B
20240422;100002;158.64;50;10177772500;B
20240422;100002;158.64;50;10177772503;B
20240422;100002;158.64;50;10177772506;B
20240422;100002;158.64;50;10177772509;B
20240422;100002;158.64;50;10177772510;B
20240422;100002;158.64;50;10177772511;B
20240422;100002;158.64;50;10177772512;B
20240422;100002;158.64;50;10177772517;B
20240422;100002;158.64;50;10177772519;B
20240422;100002;158.64;50;10177772524;B
20240422;100002;158.64;50;10177772528;B
20240422;100002;158.64;50;10177772532;B
20240422;100002;158.64;50;10177772535;B
20240422;100002;158.64;50;10177772539;B
20240422;100002;158.64;50;10177772542;B
20240422;100002;158.64;50;10177772547;B
20240422;100002;158.64;50;10177772551;B
20240422;100002;158.64;50;10177772553;B
20240422;100002;158.64;50;10177772565;B
20240422;100003;158.64;2400;10177772878;B
20240422;100003;158.64;100;10177773087;B
20240422;100003;158.64;100;10177773094;B
20240422;100003;158.64;100;10177773096;B
20240422;100003;158.64;100;10177773098;B
20240422;100003;158.64;100;10177773101;B
20240422;100003;158.64;100;10177773103;B
20240422;100003;158.64;100;10177773112;B
20240422;100003;158.64;100;10177773114;B
20240422;100003;158.64;100;10177773117;B
20240422;100003;158.64;100;10177773121;B
20240422;100003;158.64;100;10177773140;B
20240422;100003;158.64;100;10177773144;B
20240422;100003;158.64;100;10177773149;B
20240422;100003;158.64;50;10177773153;B
20240422;100003;158.64;50;10177773154;B
20240422;100003;158.62;50;10177773261;S
20240422;100003;158.6;50;10177773262;S
20240422;100003;158.58;50;10177773263;S
20240422;100003;158.58;30;10177773264;S
20240422;100003;158.58;50;10177773680;S
20240422;100003;158.56;150;10177773681;S
20240422;100003;158.54;50;10177773682;S
20240422;100003;158.54;450;10177773683;S
20240422;100003;158.58;50;10177773794;B
20240422;100003;158.6;150;10177773795;B
20240422;100003;158.6;50;10177773796;B
20240422;100003;158.6;170;10177773797;B
20240422;100003;158.62;50;10177773798;B
20240422;100003;158.64;30;10177773799;B
20240422;100004;158.64;20;10177773828;B
20240422;100004;158.64;230;10177773829;B
20240422;100004;158.56;50;10177773960;S
20240422;100004;158.54;140;10177773961;S
20240422;100004;158.62;100;10177773970;B
20240422;100004;158.62;40;10177773978;B
20240422;100004;158.64;100;10177773980;B
20240422;100004;158.64;60;10177773982;B
20240422;100004;158.64;100;10177773987;B
20240422;100004;158.64;100;10177773991;B
20240422;100004;158.64;80;10177774352;B
20240422;100005;158.64;10;10177774815;B
20240422;100005;158.64;10;10177774816;B
20240422;100005;158.64;50;10177774831;B
20240422;100005;158.64;10;10177774835;B
20240422;100005;158.64;10;10177774840;B
20240422;100005;158.64;50;10177774841;B
20240422;100005;158.64;50;10177774847;B
20240422;100005;158.6;50;10177774848;S
20240422;100005;158.58;100;10177774849;S
20240422;100005;158.54;10;10177774850;S
20240422;100005;158.52;840;10177774851;S
20240422;100005;158.64;10;10177774855;B
20240422;100005;158.62;10;10177774859;B
20240422;100005;158.64;40;10177774860;B
20240422;100005;158.64;10;10177774866;B
20240422;100005;158.64;50;10177774876;B
20240422;100005;158.64;50;10177774883;B
20240422;100005;158.64;50;10177774891;B
20240422;100005;158.64;50;10177774899;B
20240422;100005;158.64;50;10177774904;B
20240422;100005;158.64;50;10177774909;B
20240422;100005;158.64;50;10177774914;B
20240422;100005;158.64;50;10177774923;B
20240422;100005;158.64;50;10177774930;B
20240422;100005;158.64;50;10177774945;B
20240422;100005;158.64;50;10177774950;B
20240422;100005;158.64;50;10177774956;B
20240422;100005;158.64;50;10177774985;B
20240422;100005;158.64;50;10177774991;B
20240422;100005;158.64;50;10177774996;B
20240422;100005;158.64;50;10177775000;B
20240422;100005;158.64;50;10177775007;B
20240422;100005;158.64;50;10177775011;B
20240422;100005;158.64;50;10177775018;B
20240422;100005;158.64;50;10177775032;B
20240422;100005;158.64;50;10177775039;B
20240422;100005;158.64;10;10177775072;B
20240422;100005;158.64;10;10177775987;B
20240422;100005;158.64;10;10177775988;B
20240422;100005;158.64;10;10177775989;B
20240422;100005;158.64;10;10177775993;B
20240422;100005;158.64;10;10177775995;B
20240422;100005;158.64;10;10177776087;B
20240422;100005;158.64;10;10177776089;B
20240422;100005;158.64;70;10177776094;B
20240422;100005;158.64;10;10177776098;B
20240422;100005;158.64;10;10177776102;B
20240422;100005;158.62;20;10177776740;S
20240422;100005;158.64;10;10177777131;B
20240422;100006;158.64;10;10177777292;B
20240422;100006;158.64;100;10177777309;B
20240422;100006;158.64;10;10177777311;B
20240422;100006;158.64;10;10177777587;B
20240422;100006;158.64;10;10177777589;B
20240422;100006;158.62;10;10177777592;S
20240422;100006;158.64;100;10177777596;B
20240422;100006;158.64;10;10177778705;B
20240422;100006;158.64;10;10177778708;B
20240422;100006;158.62;10;10177778932;S
20240422;100006;158.64;10;10177778937;B
20240422;100006;158.62;20;10177779265;S
20240422;100006;158.64;10;10177779268;B
20240422;100006;158.64;10;10177779270;B
20240422;100007;158.64;310;10177779644;B
20240422;100007;158.64;10;10177780372;B
20240422;100007;158.64;10;10177780375;B
20240422;100007;158.64;10;10177780381;B
20240422;100007;158.64;50;10177780384;B
20240422;100007;158.62;10;10177780385;S
20240422;100007;158.64;50;10177780401;B
20240422;100007;158.64;50;10177780413;B
20240422;100007;158.64;50;10177780422;B
20240422;100007;158.64;50;10177780435;B
20240422;100007;158.64;50;10177780444;B
20240422;100007;158.64;50;10177780456;B
20240422;100007;158.64;50;10177780486;B
20240422;100007;158.64;50;10177780518;B
20240422;100007;158.64;50;10177780525;B
20240422;100007;158.64;50;10177780545;B
20240422;100007;158.62;50;10177780565;S
20240422;100007;158.6;100;10177780566;S
20240422;100007;158.58;50;10177780567;S
20240422;100007;158.64;10;10177780569;B
20240422;100007;158.58;100;10177780572;S
20240422;100007;158.56;100;10177780573;S
20240422;100007;158.62;50;10177780578;B
20240422;100007;158.64;10;10177780584;B
20240422;100007;158.6;50;10177780586;S
20240422;100007;158.56;50;10177780587;S
20240422;100007;158.54;50;10177780588;S
20240422;100007;158.54;500;10177780589;S
20240422;100007;158.52;50;10177780590;S
20240422;100007;158.52;1100;10177780591;S
20240422;100007;158.52;100;10177780594;S
20240422;100007;158.52;70;10177780595;S
20240422;100007;158.52;350;10177780596;S
20240422;100007;158.5;50;10177780597;S
20240422;100007;158.5;1000;10177780598;S
20240422;100007;158.48;50;10177780599;S
20240422;100007;158.48;500;10177780600;S
20240422;100007;158.46;50;10177780601;S
20240422;100007;158.46;10;10177780602;S
20240422;100007;158.46;120;10177780603;S
20240422;100007;158.64;50;10177780606;B
20240422;100007;158.56;150;10177780607;S
20240422;100007;158.56;160;10177780608;S
20240422;100007;158.54;50;10177780609;S
20240422;100007;158.46;150;10177780610;S
20240422;100007;158.62;50;10177780628;B
20240422;100007;158.58;50;10177780644;B
20240422;100007;158.58;50;10177780662;B
20240422;100007;158.58;50;10177780678;B
20240422;100007;158.58;50;10177780690;B
20240422;100007;158.58;50;10177780699;B
20240422;100007;158.6;50;10177780733;B
20240422;100007;158.6;50;10177780749;B
20240422;100007;158.6;50;10177780758;B
20240422;100007;158.62;50;10177780766;B
20240422;100007;158.62;50;10177780784;B
20240422;100007;158.64;50;10177780793;B
20240422;100007;158.64;50;10177780804;B
20240422;100007;158.64;50;10177780820;B
20240422;100007;158.64;50;10177780835;B
20240422;100007;158.64;50;10177780849;B
20240422;100007;158.64;50;10177780862;B
20240422;100007;158.64;50;10177780879;B
20240422;100007;158.64;50;10177780900;B
20240422;100007;158.64;50;10177780924;B
20240422;100007;158.64;50;10177780939;B
20240422;100007;158.64;50;10177780945;B
20240422;100007;158.64;20;10177781761;B
20240422;100007;158.64;10;10177781787;B
20240422;100008;158.64;10;10177782341;B
20240422;100008;158.64;10;10177782344;B
20240422;100008;158.56;10;10177783318;S
20240422;100008;158.64;20;10177783320;B
20240422;100008;158.64;40;10177783321;B
20240422;100008;158.64;10;10177783322;B
20240422;100008;158.64;20;10177783323;B
20240422;100008;158.56;50;10177783380;S
20240422;100008;158.54;100;10177783381;S
20240422;100008;158.52;50;10177783382;S
20240422;100008;158.52;100;10177783389;B
20240422;100008;158.52;10;10177783801;B
20240422;100008;158.52;10;10177783804;B
20240422;100008;158.52;10;10177783806;B
20240422;100008;158.52;40;10177784207;B
20240422;100008;158.5;50;10177784209;S
20240422;100008;158.48;150;10177784210;S
20240422;100008;158.52;10;10177784212;B
20240422;100009;158.5;40;10177784531;B
20240422;100009;158.52;10;10177784532;B
20240422;100009;158.5;50;10177784534;S
20240422;100009;158.48;30;10177784535;S
20240422;100009;158.46;110;10177784536;S
20240422;100009;158.48;30;10177784982;S
20240422;100009;158.52;10;10177785652;B
20240422;100009;158.52;30;10177785656;B
20240422;100009;158.52;10;10177785681;B
20240422;100009;158.52;10;10177785682;B
20240422;100009;158.52;20;10177785686;B
20240422;100009;158.52;30;10177785689;B
20240422;100009;158.52;10;10177786032;B
20240422;100009;158.52;20;10177786042;B
20240422;100009;158.48;50;10177786049;S
20240422;100009;158.52;20;10177786068;B
20240422;100010;158.52;10;10177786788;B
20240422;100010;158.52;10;10177786795;B
20240422;100010;158.52;10;10177786825;B
20240422;100010;158.52;30;10177786836;B
20240422;100010;158.52;20;10177786843;B
20240422;100010;158.52;660;10177786905;B
20240422;100010;158.52;50;10177786924;B
20240422;100010;158.52;50;10177786937;B
20240422;100010;158.52;50;10177786961;B
20240422;100010;158.5;50;10177787018;S
20240422;100010;158.5;50;10177787019;S
20240422;100010;158.52;10;10177787366;B
20240422;100010;158.52;100;10177787368;B
20240422;100010;158.52;10;10177787370;B
20240422;100010;158.5;10;10177787372;S
20240422;100010;158.52;10;10177787374;B
20240422;100011;158.52;10;10177788750;B
20240422;100011;158.52;10;10177788752;B
20240422;100011;158.52;10;10177788753;B
20240422;100011;158.52;10;10177788754;B
20240422;100011;158.52;10;10177788757;B
20240422;100012;158.52;10;10177789484;B
20240422;100013;158.52;50;10177789593;B
20240422;100015;158.52;400;10177790111;B
20240422;100015;158.52;160;10177790115;B
20240422;100015;158.52;10;10177790204;B
20240422;100015;158.5;50;10177790276;S
20240422;100017;158.52;150;10177790708;B
20240422;100018;158.52;100;10177790932;B
20240422;100020;158.52;50;10177791624;S
20240422;100021;158.5;40;10177792147;S
20240422;100021;158.48;50;10177792148;S
20240422;100021;158.46;450;10177792149;S
20240422;100021;158.44;150;10177792150;S
20240422;100021;158.44;1580;10177792151;S
20240422;100021;158.44;710;10177792152;S
20240422;100022;158.48;50;10177792510;S
20240422;100022;158.44;50;10177792554;S
20240422;100023;158.44;10;10177792940;B
20240422;100024;158.42;400;10177793109;S
20240422;100025;158.44;4380;10177793265;B
20240422;100025;158.42;870;10177793286;S
20240422;100025;158.42;50;10177793287;S
20240422;100025;158.42;50;10177793288;S
20240422;100025;158.42;50;10177793289;S
20240422;100025;158.42;50;10177793297;B
20240422;100025;158.42;50;10177793306;B
20240422;100025;158.42;3270;10177793307;B
20240422;100025;158.42;50;10177793323;S
20240422;100025;158.46;150;10177793340;B
20240422;100025;158.48;60;10177793351;B
20240422;100025;158.48;100;10177793352;B
20240422;100025;158.48;50;10177793353;B
20240422;100025;158.5;150;10177793388;B
20240422;100025;158.54;100;10177793406;B
20240422;100025;158.6;1900;10177793422;B
20240422;100025;158.62;100;10177793429;B
20240422;100025;158.62;5000;10177793430;B
20240422;100025;158.64;9940;10177793445;B
20240422;100025;158.64;60;10177793446;B
20240422;100025;158.64;10000;10177793455;B
20240422;100025;158.64;4940;10177793461;B
20240422;100025;158.64;5060;10177793462;B
20240422;100025;158.64;4940;10177793470;B
20240422;100025;158.66;100;10177793471;B
20240422;100025;158.66;10;10177793472;B
20240422;100025;158.66;200;10177793473;B
20240422;100025;158.66;10;10177793474;B
20240422;100025;158.66;200;10177793475;B
20240422;100025;158.66;10;10177793476;B
20240422;100025;158.66;100;10177793477;B
20240422;100025;158.66;100;10177793478;B
20240422;100025;158.66;4330;10177793479;B
20240422;100025;158.66;2220;10177793482;B
20240422;100025;158.66;220;10177793483;B
20240422;100025;158.66;10;10177793484;B
20240422;100025;158.66;30;10177793485;B
20240422;100025;158.66;30;10177793486;B
20240422;100025;158.66;20;10177793487;B
20240422;100025;158.66;10;10177793488;B
20240422;100025;158.66;20;10177793489;B
20240422;100025;158.66;10000;10177793542;S
20240422;100025;158.68;30;10177793587;B
20240422;100025;158.7;380;10177793588;B
20240422;100026;158.68;1270;10177794050;S
20240422;100026;158.66;2000;10177794051;S
20240422;100026;158.64;150;10177794052;S
20240422;100027;158.64;9000;10177794375;B
20240422;100028;158.64;100;10177794733;B
20240422;100028;158.58;50;10177794762;S
20240422;100028;158.56;60;10177794763;S
20240422;100029;158.64;200;10177794919;B
20240422;100030;158.64;2280;10177795269;B
20240422;100030;158.64;150;10177795270;B
20240422;100030;158.68;60;10177795297;B
20240422;100030;158.7;3550;10177795298;B
20240422;100030;158.8;30;10177795321;B
20240422;100030;158.84;10;10177795322;B
20240422;100030;158.84;200;10177795323;B
20240422;100030;158.84;30;10177795324;B
20240422;100030;158.84;30;10177795325;B
20240422;100030;158.94;300;10177795326;B
20240422;100030;158.94;30;10177795327;B
20240422;100030;158.98;2000;10177795340;B
20240422;100030;159;40;10177795341;B
20240422;100030;159;10;10177795342;B
20240422;100030;159;10;10177795343;B
20240422;100030;159;10;10177795344;B
20240422;100030;159;200;10177795345;B
20240422;100030;159.02;50;10177795346;S
20240422;100030;159.04;500;10177795347;B
20240422;100030;159.06;1270;10177795348;B
20240422;100030;159.04;150;10177795349;B
20240422;100030;158.98;500;10177795355;B
20240422;100030;158.96;150;10177795356;S
20240422;100030;158.98;500;10177795377;B
20240422;100030;159.04;150;10177795380;B
20240422;100030;159.04;500;10177795381;B
20240422;100030;159.08;1270;10177795382;B
20240422;100030;159.1;8230;10177795383;B
20240422;100030;159.1;1770;10177795387;B
20240422;100030;159.1;1400;10177795388;B
20240422;100030;159.1;6830;10177795390;S
20240422;100030;159.04;30;10177795393;B
20240422;100030;159.04;470;10177795406;B
20240422;100030;159.12;70;10177795436;B
20240422;100030;159.14;10;10177795437;B
20240422;100030;159.18;240;10177795438;B
20240422;100030;159.16;10000;10177795439;S
20240422;100030;158.98;40;10177795563;S
20240422;100030;158.94;10;10177795586;S
20240422;100031;159.04;50;10177795622;B
20240422;100031;159.06;150;10177795623;B
20240422;100031;159.06;50;10177795624;B
20240422;100031;159.08;50;10177795625;B
20240422;100031;159.1;50;10177795626;B
20240422;100031;159.1;650;10177795627;B
20240422;100031;159.14;10;10177795634;B
20240422;100031;159.02;30;10177795669;B
20240422;100031;159.02;10;10177795670;B
20240422;100031;159.02;30;10177795671;B
20240422;100031;159.12;250;10177795672;B
20240422;100031;159.12;250;10177795682;B
20240422;100032;158.92;100;10177795969;B
20240422;100032;158.88;200;10177795981;B
20240422;100032;158.84;2000;10177796069;B
20240422;100033;158.82;10;10177796260;B
20240422;100033;158.7;50;10177796261;S
20240422;100033;158.68;40;10177796262;S
20240422;100033;158.7;50;10177796293;S
20240422;100033;158.68;30;10177796294;S
20240422;100035;158.7;50;10177796828;S
20240422;100035;158.68;280;10177796829;S
20240422;100044;158.82;20;10177799337;B
20240422;100045;158.82;200;10177799441;B
20240422;100045;158.8;20;10177799443;S
20240422;100050;158.82;400;10177800994;B
20240422;100051;158.8;80;10177801214;S
20240422;100051;158.8;50;10177801215;S
20240422;100051;158.78;50;10177801216;S
20240422;100051;158.76;50;10177801217;S
20240422;100051;158.74;50;10177801218;S
20240422;100051;158.72;30;10177801219;S
20240422;100051;158.72;50;10177801220;S
20240422;100051;158.7;50;10177801221;S
20240422;100051;158.7;90;10177801222;S
20240422;100053;158.72;50;10177801835;S
20240422;100053;158.7;60;10177801836;S
20240422;100053;158.7;50;10177801837;S
20240422;100053;158.68;50;10177801838;S
20240422;100053;158.68;440;10177801839;S
20240422;100055;158.68;50;10177802535;S
20240422;100055;158.68;150;10177802536;S
20240422;100055;158.7;50;10177802555;S
20240422;100055;158.68;250;10177802556;S
20240422;100055;158.68;50;10177802557;S
20240422;100055;158.66;50;10177802558;S
20240422;100055;158.66;10;10177802559;S
20240422;100055;158.66;150;10177802560;S
20240422;100055;158.66;3360;10177802561;S
20240422;100055;158.64;50;10177802562;S
20240422;100055;158.64;5000;10177802563;S
20240422;100055;158.64;5000;10177802564;S
20240422;100055;158.64;10000;10177802565;S
20240422;100055;158.64;1000;10177802614;B
20240422;100055;158.64;2000;10177802641;B
20240422;100055;158.64;500;10177802642;B
20240422;100056;158.64;20;10177802973;B
20240422;100057;158.62;10;10177803144;S
20240422;100058;158.64;10;10177803386;B
20240422;100058;158.62;100;10177803403;S
20240422;100058;158.62;1270;10177803404;S
20240422;100058;158.62;50;10177803405;S
20240422;100058;158.62;80;10177803406;S
20240422;100059;158.62;1000;10177803675;S
20240422;100101;158.62;1270;10177804399;S
20240422;100101;158.62;730;10177804400;S
20240422;100102;158.64;60;10177804519;B
20240422;100104;158.64;5000;10177805102;B
20240422;100104;158.64;350;10177805294;B
20240422;100104;158.64;50;10177805312;B
20240422;100106;158.62;120;10177805675;S
20240422;100107;158.64;20;10177806182;B
20240422;100108;158.62;100;10177806489;S
20240422;100108;158.62;1000;10177806526;S
20240422;100109;158.64;20;10177806663;B
20240422;100109;158.64;2800;10177806684;B
20240422;100109;158.64;500;10177806690;B
20240422;100109;158.64;1000;10177806866;B
20240422;100110;158.62;1270;10177806944;S
20240422;100110;158.62;540;10177806945;S
20240422;100110;158.62;1580;10177806946;S
20240422;100110;158.62;50;10177806947;S
20240422;100110;158.6;10000;10177806948;S
20240422;100110;158.6;50;10177806949;S
20240422;100110;158.58;50;10177806950;S
20240422;100110;158.56;50;10177806951;S
20240422;100110;158.56;1410;10177806952;S
20240422;100110;158.56;30;10177806957;S
20240422;100110;158.6;60;10177806960;B
20240422;100110;158.6;90;10177806978;B
20240422;100111;158.62;50;10177807227;B
20240422;100111;158.62;1830;10177807228;B
20240422;100111;158.62;550;10177807229;B
20240422;100111;158.64;1570;10177807230;B
20240422;100112;158.62;50;10177807430;S
20240422;100113;158.62;10;10177807545;B
20240422;100113;158.6;10;10177807623;S
20240422;100114;158.62;30;10177807836;B
20240422;100114;158.6;50;10177807855;S
20240422;100114;158.6;50;10177807856;S
20240422;100117;158.62;10;10177808794;B
20240422;100120;158.62;10;10177809330;B
20240422;100120;158.6;10;10177809383;S
20240422;100122;158.62;10;10177809621;B
20240422;100122;158.58;60;10177809713;S
20240422;100123;158.6;100;10177810099;B
20240422;100124;158.6;50;10177810300;B
20240422;100124;158.6;300;10177810317;S
20240422;100125;158.6;40;10177810521;S
20240422;100126;158.6;100;10177810623;S
20240422;100128;158.62;10;10177811220;B
20240422;100130;158.6;80;10177811957;S
20240422;100131;158.62;110;10177811969;B
20240422;100135;158.62;500;10177812964;B
20240422;100135;158.62;110;10177812965;B
20240422;100136;158.62;10;10177813181;B
20240422;100136;158.62;40;10177813222;B
20240422;100136;158.6;70;10177813225;S
20240422;100137;158.62;20;10177813241;B
20240422;100137;158.6;360;10177813380;S
20240422;100137;158.6;560;10177813381;S
20240422;100137;158.6;500;10177813382;S
20240422;100137;158.6;580;10177813383;S
20240422;100137;158.62;80;10177813467;B
20240422;100137;158.62;100;10177813468;B
20240422;100137;158.62;250;10177813469;B
20240422;100137;158.64;2470;10177813470;B
20240422;100138;158.6;420;10177813640;S
20240422;100138;158.6;50;10177813641;S
20240422;100138;158.6;500;10177813642;S
20240422;100138;158.58;30;10177813643;S
20240422;100140;158.6;100;10177814367;S
20240422;100143;158.6;200;10177815078;S
20240422;100143;158.58;70;10177815079;S
20240422;100143;158.58;10;10177815080;S
20240422;100143;158.58;150;10177815081;S
20240422;100143;158.58;270;10177815082;S
20240422;100145;158.58;10;10177815584;S
20240422;100145;158.56;10;10177815585;S
20240422;100145;158.56;500;10177815586;S
20240422;100145;158.56;150;10177815587;S
20240422;100145;158.54;1430;10177815588;S
20240422;100148;158.62;150;10177816300;B
20240422;100148;158.64;730;10177816301;B
20240422;100148;158.64;10000;10177816314;B
20240422;100148;158.64;4000;10177816500;B
20240422;100148;158.64;1770;10177816507;B
20240422;100148;158.64;4000;10177816528;B
20240422;100148;158.64;270;10177816560;B
20240422;100148;158.64;850;10177816627;B
20240422;100148;158.64;10;10177816669;B
20240422;100148;158.64;40;10177816766;B
20240422;100148;158.64;370;10177816801;B
20240422;100149;158.64;150;10177817113;B
20240422;100149;158.64;70;10177817188;B
20240422;100149;158.64;70;10177817341;B
20240422;100150;158.64;100;10177817525;B
20240422;100152;158.64;70;10177817794;B
20240422;100153;158.64;700;10177818090;B
20240422;100158;158.62;70;10177819231;S
20240422;100159;158.62;200;10177819378;S
20240422;100159;158.62;30;10177819402;S
20240422;100159;158.62;10;10177819459;S
20240422;100202;158.64;20;10177820189;B
20240422;100203;158.64;140;10177820289;B
20240422;100203;158.64;140;10177820301;B
20240422;100203;158.62;10;10177820542;S
20240422;100204;158.62;630;10177820638;S
20240422;100204;158.62;160;10177820639;S
20240422;100204;158.6;200;10177820640;S
20240422;100204;158.6;10;10177820641;S
20240422;100204;158.64;20;10177820963;B
20240422;100208;158.64;50;10177821760;B
20240422;100208;158.62;290;10177821846;S
20240422;100213;158.64;300;10177823065;B
20240422;100213;158.62;630;10177823187;S
20240422;100214;158.64;5000;10177823295;B
20240422;100214;158.62;800;10177823410;S
20240422;100214;158.62;1270;10177823594;S
20240422;100214;158.62;1400;10177823595;S
20240422;100214;158.62;100;10177823596;S
20240422;100214;158.62;30;10177823597;S
20240422;100216;158.62;20;10177824322;S
20240422;100219;158.62;20;10177824788;S
20240422;100220;158.64;10;10177825083;B
20240422;100220;158.62;200;10177825094;S
20240422;100220;158.64;740;10177825257;B
20240422;100220;158.64;1620;10177825318;B
20240422;100220;158.64;880;10177825319;B
20240422;100220;158.64;10;10177825321;B
20240422;100220;158.64;10;10177825378;B
20240422;100221;158.64;10;10177825468;B
20240422;100221;158.64;140;10177825469;B
20240422;100221;158.64;440;10177825535;B
20240422;100221;158.64;40;10177825725;B
20240422;100221;158.62;10;10177825757;S
20240422;100221;158.64;20;10177825781;B
20240422;100224;158.62;10;10177826340;S
20240422;100224;158.64;80;10177826472;B
20240422;100224;158.64;660;10177826509;B
20240422;100225;158.64;660;10177826911;B
20240422;100225;158.64;660;10177826968;B
20240422;100226;158.64;1250;10177827197;B
20240422;100227;158.64;730;10177827592;B
20240422;100228;158.64;730;10177827626;B
20240422;100230;158.62;10;10177828465;S
20240422;100230;158.64;10;10177828694;B
20240422;100231;158.62;200;10177828716;S
20240422;100232;158.64;10;10177829185;B
20240422;100232;158.64;30;10177829284;B
20240422;100232;158.64;20;10177829335;B
20240422;100234;158.62;1110;10177829897;S
20240422;100234;158.62;1270;10177829898;S
20240422;100234;158.62;660;10177829899;S
20240422;100234;158.62;100;10177829900;S
20240422;100234;158.62;10;10177829901;S
20240422;100235;158.62;10;10177830008;B
20240422;100235;158.6;400;10177830105;S
20240422;100236;158.62;110;10177830330;B
20240422;100237;158.62;740;10177830887;B
20240422;100237;158.62;740;10177830898;B
20240422;100237;158.6;300;10177830944;S
20240422;100239;158.6;300;10177831444;S
20240422;100239;158.6;200;10177831445;S
20240422;100240;158.62;10;10177831641;B
20240422;100240;158.62;40;10177831820;B
20240422;100241;158.62;10;10177831956;B
20240422;100241;158.62;100;10177832080;B
20240422;100241;158.6;500;10177832121;S
20240422;100242;158.6;50;10177832299;S
20240422;100242;158.62;250;10177832368;B
20240422;100243;158.62;10;10177832409;B
20240422;100243;158.62;200;10177832555;B
20240422;100244;158.6;110;10177832630;S
20240422;100244;158.6;130;10177832726;S
20240422;100246;158.62;250;10177833338;B
20240422;100246;158.62;1880;10177833370;B
20240422;100246;158.62;3120;10177833371;B
20240422;100246;158.6;10;10177833457;S
20240422;100246;158.6;30;10177833458;S
20240422;100247;158.62;5000;10177833536;B
20240422;100247;158.62;10;10177833540;B
20240422;100247;158.62;430;10177833563;B
20240422;100247;158.6;200;10177833576;S
20240422;100248;158.62;10;10177833780;B
20240422;100248;158.62;10;10177833839;B
20240422;100248;158.62;50;10177833916;B
20240422;100249;158.6;200;10177834055;S
20240422;100249;158.6;570;10177834082;S
20240422;100249;158.6;8400;10177834083;S
20240422;100249;158.6;1270;10177834084;S
20240422;100249;158.6;670;10177834085;S
20240422;100249;158.6;200;10177834086;S
20240422;100249;158.62;20;10177834087;B
20240422;100253;158.62;20;10177834928;B
20240422;100254;158.6;10;10177835205;S
20240422;100255;158.6;10;10177835444;S
20240422;100256;158.62;10;10177835770;B
20240422;100257;158.6;40;10177835848;S
20240422;100257;158.62;30;10177835896;B
20240422;100257;158.6;90;10177836176;S
20240422;100257;158.6;110;10177836177;S
20240422;100258;158.62;1330;10177836304;B
20240422;100258;158.62;10;10177836335;B
20240422;100305;158.62;30;10177838156;B
20240422;100305;158.62;1000;10177838274;B
20240422;100305;158.6;10;10177838277;S
20240422;100305;158.6;490;10177838278;S
20240422;100307;158.6;250;10177838732;S
20240422;100307;158.56;50;10177838733;S
20240422;100307;158.56;110;10177838734;S
20240422;100308;158.54;10;10177838975;S
20240422;100310;158.6;10;10177839571;B
20240422;100312;158.6;10;10177840042;B
20240422;100313;158.58;50;10177840243;S
20240422;100313;158.56;20;10177840244;S
20240422;100314;158.6;130;10177840587;B
20240422;100314;158.6;200;10177840588;B
20240422;100316;158.56;100;10177841088;S
20240422;100316;158.56;750;10177841089;S
20240422;100316;158.54;1260;10177841090;S
20240422;100316;158.54;2500;10177841091;S
20240422;100316;158.52;20;10177841092;S
20240422;100316;158.52;50;10177841093;S
20240422;100316;158.52;600;10177841094;S
20240422;100316;158.52;190;10177841095;S
20240422;100316;158.5;20;10177841096;S
20240422;100316;158.5;1000;10177841097;S
20240422;100316;158.5;30;10177841098;S
20240422;100316;158.5;60;10177841099;S
20240422;100316;158.5;970;10177841100;S
20240422;100316;158.5;10;10177841101;S
20240422;100316;158.5;10;10177841102;S
20240422;100316;158.48;200;10177841103;S
20240422;100316;158.48;760;10177841104;S
20240422;100316;158.48;1470;10177841105;S
20240422;100316;158.5;50;10177841116;S
20240422;100316;158.48;50;10177841117;S
20240422;100316;158.48;150;10177841118;S
20240422;100316;158.48;100;10177841119;S
20240422;100319;158.52;50;10177841741;B
20240422;100319;158.52;100;10177841742;B
20240422;100319;158.54;20;10177841743;B
20240422;100319;158.54;30;10177841744;B
20240422;100319;158.5;50;10177841754;S
20240422;100319;158.48;950;10177841755;S
20240422;100319;158.52;10;10177841837;B
20240422;100320;158.52;30;10177841938;B
20240422;100323;158.52;30;10177842714;B
20240422;100327;158.5;10;10177843776;S
20240422;100329;158.48;50;10177844299;S
20240422;100329;158.46;50;10177844300;S
20240422;100329;158.46;100;10177844301;S
20240422;100330;158.5;50;10177844625;B
20240422;100330;158.52;160;10177844626;B
20240422;100333;158.48;20;10177845192;S
20240422;100334;158.48;10;10177845369;S
20240422;100337;158.5;50;10177846314;B
20240422;100337;158.5;100;10177846315;B
20240422;100337;158.5;30;10177846349;B
20240422;100337;158.5;30;10177846632;B
20240422;100338;158.5;90;10177846953;B
20240422;100338;158.5;40;10177846954;B
20240422;100339;158.5;10;10177847188;B
20240422;100339;158.48;10;10177847373;S
20240422;100339;158.48;10;10177847374;S
20240422;100339;158.44;100;10177847375;S
20240422;100339;158.44;50;10177847376;S
20240422;100339;158.44;670;10177847377;S
20240422;100339;158.44;100;10177847378;S
20240422;100339;158.44;20;10177847379;S
20240422;100339;158.42;840;10177847380;S
20240422;100339;158.42;3500;10177847381;S
20240422;100339;158.42;8590;10177847382;S
20240422;100339;158.42;50;10177847383;S
20240422;100339;158.42;110;10177847384;B
20240422;100342;158.42;30;10177847922;B
20240422;100342;158.42;900;10177847927;B
20240422;100342;158.4;100;10177848112;S
20240422;100342;158.42;750;10177848124;B
20240422;100342;158.42;30;10177848134;B
20240422;100343;158.4;640;10177848324;S
20240422;100343;158.4;1000;10177848465;S
20240422;100343;158.42;30;10177848755;B
20240422;100343;158.4;50;10177848776;S
20240422;100344;158.4;1000;10177848997;S
20240422;100344;158.4;990;10177849131;S
20240422;100344;158.4;10;10177849132;S
20240422;100344;158.42;30;10177849607;B
20240422;100346;158.42;30;10177850255;B
20240422;100346;158.4;90;10177850267;S
20240422;100346;158.4;100;10177850268;S
20240422;100346;158.4;310;10177850269;S
20240422;100346;158.42;10;10177850475;B
20240422;100347;158.42;10;10177850740;B
20240422;100348;158.4;100;10177851184;S
20240422;100349;158.42;10;10177851303;B
20240422;100349;158.42;1000;10177851329;B
20240422;100349;158.4;2590;10177851379;S
20240422;100349;158.4;10;10177851380;S
20240422;100349;158.4;1000;10177851381;S
20240422;100349;158.4;450;10177851382;S
20240422;100349;158.4;50;10177851383;S
20240422;100350;158.4;410;10177851443;S
20240422;100350;158.4;50;10177851444;S
20240422;100350;158.4;40;10177851445;S
20240422;100351;158.42;250;10177851629;B
20240422;100351;158.42;100;10177851868;B
20240422;100354;158.4;1000;10177852550;S
20240422;100354;158.4;10;10177852551;S
20240422;100354;158.4;20;10177852552;S
20240422;100358;158.4;100;10177854025;S
20240422;100358;158.38;10;10177854026;S
20240422;100358;158.38;670;10177854027;S
20240422;100358;158.38;50;10177854028;S
20240422;100358;158.36;10;10177854029;S
20240422;100358;158.36;250;10177854030;S
20240422;100358;158.36;1250;10177854031;S
20240422;100358;158.36;500;10177854032;S
20240422;100358;158.34;500;10177854033;S
20240422;100358;158.34;60;10177854034;S
20240422;100358;158.32;40;10177854035;S
20240422;100358;158.32;10;10177854036;S
20240422;100358;158.32;20;10177854037;S
20240422;100358;158.32;40;10177854038;S
20240422;100358;158.32;10;10177854039;S
20240422;100358;158.32;10;10177854040;S
20240422;100358;158.32;150;10177854041;S
20240422;100358;158.32;320;10177854042;S
20240422;100358;158.36;50;10177854043;S
20240422;100359;158.34;50;10177854171;S
20240422;100359;158.34;50;10177854172;S
20240422;100359;158.32;50;10177854180;S
20240422;100359;158.3;20;10177854181;S
20240422;100359;158.3;10;10177854182;S
20240422;100359;158.3;10;10177854183;S
20240422;100359;158.3;10;10177854184;S
20240422;100359;158.36;10;10177854214;B
20240422;100359;158.36;10;10177854215;B
20240422;100359;158.36;10;10177854216;B
20240422;100359;158.36;20;10177854217;B
20240422;100359;158.38;150;10177854218;B
20240422;100359;158.38;50;10177854219;B
20240422;100359;158.38;80;10177854220;B
20240422;100359;158.32;40;10177854221;S
20240422;100359;158.36;30;10177854222;B
20240422;100400;158.34;30;10177854252;B
20240422;100400;158.36;10;10177854258;B
20240422;100400;158.34;170;10177854312;S
20240422;100400;158.34;60;10177854414;S
20240422;100400;158.32;20;10177854429;B
20240422;100402;158.32;110;10177854839;B
20240422;100402;158.32;50;10177854840;B
20240422;100402;158.34;50;10177854841;B
20240422;100402;158.36;90;10177854842;B
20240422;100402;158.3;300;10177854901;S
20240422;100406;158.32;30;10177855639;B
20240422;100406;158.36;50;10177855640;B
20240422;100406;158.36;50;10177855641;B
20240422;100406;158.38;50;10177855642;B
20240422;100406;158.38;120;10177855643;B
20240422;100410;158.34;40;10177856320;S
20240422;100410;158.32;10;10177856321;S
20240422;100410;158.3;260;10177856322;S
20240422;100413;158.3;320;10177857255;S
20240422;100415;158.3;110;10177857624;S
20240422;100415;158.3;50;10177857625;S
20240422;100415;158.3;40;10177857626;S
20240422;100415;158.3;60;10177857650;S
20240422;100415;158.3;10;10177857651;S
20240422;100415;158.3;1000;10177857652;S
20240422;100415;158.28;200;10177857653;S
20240422;100415;158.28;600;10177857654;S
20240422;100415;158.26;10;10177857655;S
20240422;100415;158.26;10;10177857656;S
20240422;100415;158.26;20;10177857657;S
20240422;100415;158.26;150;10177857658;S
20240422;100415;158.26;10;10177857659;S
20240422;100415;158.24;10;10177857660;S
20240422;100415;158.24;420;10177857661;S
20240422;100415;158.26;10;10177857670;S
20240422;100415;158.24;80;10177857671;S
20240422;100415;158.24;30;10177857672;S
20240422;100415;158.22;10;10177857673;S
20240422;100415;158.22;10;10177857674;S
20240422;100415;158.22;30;10177857675;S
20240422;100415;158.22;10;10177857676;S
20240422;100415;158.2;20;10177857677;S
20240422;100415;158.22;20;10177857714;S
20240422;100416;158.22;50;10177857766;S
20240422;100416;158.3;10;10177857774;B
20240422;100416;158.3;40;10177857775;B
20240422;100416;158.32;30;10177857776;B
20240422;100416;158.28;10;10177857807;S
20240422;100417;158.3;50;10177857878;B
20240422;100417;158.3;50;10177857879;B
20240422;100417;158.32;50;10177857880;B
20240422;100417;158.32;50;10177857881;B
20240422;100417;158.3;50;10177857882;B
20240422;100417;158.32;20;10177857883;B
20240422;100417;158.32;30;10177857884;B
20240422;100417;158.3;50;10177857885;B
20240422;100417;158.32;20;10177857886;B
20240422;100417;158.32;30;10177857887;B
20240422;100417;158.32;50;10177857888;B
20240422;100417;158.3;50;10177857889;B
20240422;100417;158.32;50;10177857890;B
20240422;100417;158.32;50;10177857891;B
20240422;100417;158.32;50;10177857892;B
20240422;100417;158.3;50;10177857893;B
20240422;100417;158.34;30;10177857894;B
20240422;100418;158.28;10;10177858199;S
20240422;100418;158.28;10;10177858200;S
20240422;100418;158.28;20;10177858201;S
20240422;100418;158.26;10;10177858202;S
20240422;100418;158.24;20;10177858203;S
20240422;100418;158.24;20;10177858204;S
20240422;100418;158.24;150;10177858205;S
20240422;100418;158.24;2550;10177858206;S
20240422;100419;158.24;30;10177858476;B
20240422;100420;158.24;10;10177858695;B
20240422;100421;158.24;200;10177858906;B
20240422;100421;158.2;30;10177859013;S
20240422;100421;158.2;500;10177859014;S
20240422;100421;158.2;500;10177859015;S
20240422;100421;158.2;10;10177859016;S
20240422;100421;158.2;100;10177859017;S
20240422;100421;158.2;20;10177859018;S
20240422;100421;158.2;30;10177859019;S
20240422;100421;158.2;30;10177859020;S
20240422;100421;158.2;50;10177859021;S
20240422;100421;158.2;10;10177859022;S
20240422;100421;158.2;60;10177859023;S
20240422;100421;158.2;10;10177859024;S
20240422;100421;158.2;1000;10177859025;S
20240422;100421;158.2;80;10177859026;S
20240422;100421;158.2;70;10177859027;S
20240422;100423;158.2;10;10177859377;S
20240422;100423;158.18;200;10177859378;S
20240422;100423;158.16;90;10177859379;S
20240422;100423;158.2;150;10177859381;B
20240422;100423;158.24;250;10177859441;B
20240422;100425;158.22;10;10177859988;S
20240422;100425;158.22;290;10177859989;S
20240422;100425;158.2;10;10177859998;S
20240422;100425;158.24;20;10177860064;B
20240422;100425;158.24;60;10177860203;B
20240422;100427;158.2;20;10177860475;S
20240422;100427;158.24;50;10177860563;B
20240422;100428;158.2;3200;10177860787;S
20240422;100428;158.2;1000;10177860807;S
20240422;100429;158.2;7500;10177861019;S
20240422;100429;158.2;20;10177861020;S
20240422;100429;158.2;560;10177861021;S
20240422;100429;158.2;50;10177861022;S
20240422;100429;158.16;10;10177861035;S
20240422;100429;158.18;10;10177861071;B
20240422;100430;158.18;50;10177861113;B
20240422;100430;158.18;40;10177861257;B
20240422;100430;158.18;10;10177861284;B
20240422;100431;158.18;20;10177861348;B
20240422;100431;158.16;100;10177861619;S
20240422;100432;158.16;10;10177861660;S
20240422;100433;158.18;50;10177862105;B
20240422;100433;158.18;560;10177862106;B
20240422;100433;158.2;50;10177862107;B
20240422;100433;158.2;340;10177862108;B
20240422;100434;158.16;30;10177862164;S
20240422;100434;158.24;20;10177862302;B
20240422;100435;158.24;50;10177862597;B
20240422;100436;158.24;50;10177862655;B
20240422;100437;158.24;50;10177862873;B
20240422;100438;158.2;10;10177863007;S
20240422;100438;158.2;10;10177863008;S
20240422;100438;158.16;10;10177863014;S
20240422;100438;158.16;150;10177863015;S
20240422;100438;158.16;100;10177863016;S
20240422;100438;158.14;60;10177863017;S
20240422;100439;158.18;40;10177863142;B
20240422;100439;158.2;10;10177863143;B
20240422;100439;158.18;10;10177863173;B
20240422;100439;158.18;140;10177863226;B
20240422;100439;158.2;60;10177863227;B
20240422;100439;158.2;20;10177863257;B
20240422;100440;158.14;40;10177863296;S
20240422;100440;158.14;10;10177863297;S
20240422;100440;158.14;80;10177863298;S
20240422;100440;158.14;70;10177863301;S
20240422;100440;158.2;1300;10177863563;B
20240422;100440;158.14;40;10177863589;S
20240422;100441;158.16;20;10177863695;B
20240422;100441;158.2;3150;10177863696;B
20240422;100441;158.22;50;10177863697;B
20240422;100441;158.22;1830;10177863698;B
20240422;100441;158.24;420;10177863699;B
20240422;100441;158.24;50;10177863700;B
20240422;100441;158.24;50;10177863701;B
20240422;100441;158.26;2000;10177863702;B
20240422;100441;158.26;50;10177863703;B
20240422;100441;158.28;1380;10177863704;B
20240422;100445;158.18;50;10177864473;S
20240422;100445;158.18;50;10177864474;S
20240422;100447;158.22;50;10177865018;B
20240422;100448;158.18;100;10177865325;S
20240422;100448;158.18;50;10177865326;S
20240422;100448;158.16;50;10177865327;S
20240422;100448;158.16;10;10177865328;S
20240422;100448;158.14;10;10177865329;S
20240422;100448;158.14;480;10177865330;S
20240422;100456;158.18;10;10177866973;B
20240422;100457;158.16;10;10177867409;S
20240422;100458;158.16;10;10177867499;S
20240422;100458;158.14;290;10177867500;S
20240422;100458;158.14;520;10177867501;S
20240422;100458;158.12;10;10177867502;S
20240422;100458;158.12;2000;10177867503;S
20240422;100458;158.12;1500;10177867504;S
20240422;100458;158.12;50;10177867505;S
20240422;100458;158.1;1500;10177867506;S
20240422;100458;158.1;10;10177867507;S
20240422;100458;158.1;10;10177867508;S
20240422;100458;158.1;100;10177867509;S
20240422;100458;158.1;150;10177867510;S
20240422;100458;158.1;100;10177867511;S
20240422;100458;158.1;300;10177867512;S
20240422;100458;158.1;50;10177867513;S
20240422;100458;158.1;10;10177867514;S
20240422;100458;158.1;150;10177867515;S
20240422;100458;158.1;10;10177867611;B
20240422;100458;158.1;40;10177867612;B
20240422;100458;158.1;10;10177867649;B
20240422;100458;158.1;20;10177867653;B
20240422;100459;158.1;50;10177867702;B
20240422;100459;158.1;30;10177867704;B
20240422;100459;158.1;10;10177867904;B
20240422;100500;158.1;10;10177868032;B
20240422;100500;158.1;10;10177868085;B
20240422;100500;158.08;80;10177868106;S
20240422;100501;158.08;200;10177868296;S
20240422;100501;158.08;90;10177868342;S
20240422;100502;158.08;10;10177868416;S
20240422;100502;158.08;100;10177868477;S
20240422;100503;158.1;110;10177868627;B
20240422;100503;158.1;180;10177868684;B
20240422;100503;158.1;10;10177868715;B
20240422;100503;158.08;100;10177868738;S
20240422;100503;158.1;100;10177868739;B
20240422;100504;158.1;30;10177868771;B
20240422;100504;158.08;10;10177868871;S
20240422;100505;158.1;50;10177869039;B
20240422;100506;158.1;1000;10177869356;B
20240422;100506;158.08;10;10177869360;S
20240422;100506;158.08;50;10177869361;S
20240422;100506;158.08;280;10177869362;S
20240422;100506;158.08;10;10177869363;S
20240422;100506;158.08;10;10177869379;S
20240422;100506;158.06;30;10177869380;S
20240422;100506;158.06;30;10177869381;S
20240422;100506;158.06;30;10177869382;S
20240422;100506;158.06;30;10177869383;S
20240422;100506;158.06;10;10177869384;S
20240422;100506;158.06;220;10177869385;S
20240422;100506;158.06;50;10177869386;S
20240422;100506;158.06;50;10177869387;S
20240422;100506;158.06;10;10177869388;S
20240422;100506;158.04;10;10177869389;S
20240422;100506;158.04;100;10177869390;S
20240422;100506;158.04;10;10177869391;S
20240422;100506;158.04;20;10177869392;S
20240422;100506;158.04;10;10177869393;S
20240422;100506;158.04;10;10177869394;S
20240422;100506;158.04;10;10177869395;S
20240422;100506;158.04;4840;10177869396;S
20240422;100506;158.04;50;10177869397;S
20240422;100506;158.04;10;10177869398;S
20240422;100506;158.02;100;10177869399;S
20240422;100506;158.02;10;10177869400;S
20240422;100506;158.02;10;10177869401;S
20240422;100506;158.02;200;10177869402;S
20240422;100506;158.02;100;10177869403;S
20240422;100506;158.02;500;10177869404;S
20240422;100506;158.02;10;10177869405;S
20240422;100506;158.02;10;10177869406;S
20240422;100506;158.02;3130;10177869407;S
20240422;100507;158.1;100;10177869468;B
20240422;100507;158.1;10;10177869494;B
20240422;100507;158.06;20;10177869544;S
20240422;100507;158.04;30;10177869545;S
20240422;100508;158.1;10;10177869760;B
20240422;100508;158.1;40;10177869801;B
20240422;100509;158.08;10;10177870127;B
20240422;100510;158.08;300;10177870286;B
20240422;100510;158.08;40;10177870306;B
20240422;100511;158.06;10;10177870477;S
20240422;100511;158.06;10;10177870478;S
20240422;100511;158.06;10;10177870479;S
20240422;100511;158.04;10;10177870480;S
20240422;100511;158.04;50;10177870481;S
20240422;100511;158.02;110;10177870482;S
20240422;100511;158.1;10;10177870722;B
20240422;100513;158.04;50;10177871102;S
20240422;100513;158.04;50;10177871103;S
20240422;100513;158.02;200;10177871104;S
20240422;100514;158.1;10;10177871277;B
20240422;100514;158.1;30;10177871344;B
20240422;100515;158.1;10;10177871436;B
20240422;100515;158.1;10;10177871472;B
20240422;100516;158.1;10;10177871689;B
20240422;100517;158.1;180;10177871770;B
20240422;100517;158.1;10;10177871771;B
20240422;100517;158.1;10;10177871772;B
20240422;100517;158.1;740;10177871774;B
20240422;100517;158.1;20;10177871775;B
20240422;100517;158.1;500;10177871776;B
20240422;100517;158.1;50;10177871777;B
20240422;100517;158.1;10;10177871778;B
20240422;100517;158.1;1370;10177871779;B
20240422;100517;158.1;410;10177871780;B
20240422;100518;158.08;10;10177872097;S
20240422;100518;158.08;10;10177872098;S
20240422;100520;158.04;50;10177872386;S
20240422;100520;158.04;1350;10177872387;S
20240422;100521;158.1;30;10177872633;B
20240422;100522;158.1;320;10177872726;B
20240422;100523;158.06;10;10177872988;S
20240422;100524;158.1;20;10177873156;B
20240422;100524;158.1;200;10177873182;B
20240422;100526;158.1;10;10177873560;B
20240422;100526;158.1;10;10177873676;B
20240422;100530;158.08;200;10177874218;B
20240422;100531;158.08;2000;10177874453;B
20240422;100531;158.08;100;10177874458;B
20240422;100532;158.06;50;10177874633;S
20240422;100532;158.06;100;10177874634;S
20240422;100533;158.06;40;10177874706;S
20240422;100534;158.08;660;10177875050;B
20240422;100534;158.1;70;10177875089;B
20240422;100534;158.08;100;10177875140;S
20240422;100534;158.08;250;10177875143;S
20240422;100534;158.1;200;10177875159;B
20240422;100534;158.1;90;10177875160;B
20240422;100534;158.1;150;10177875203;B
20240422;100534;158.1;10;10177875269;B
20240422;100535;158.08;20;10177875339;S
20240422;100535;158.1;50;10177875476;B
20240422;100537;158.1;100;10177875800;B
20240422;100538;158.08;360;10177876271;S
20240422;100538;158.08;50;10177876272;S
20240422;100538;158.08;520;10177876273;S
20240422;100538;158.06;10;10177876274;S
20240422;100538;158.06;60;10177876275;S
20240422;100540;158.1;10;10177876703;B
20240422;100541;158.1;1000;10177876843;B
20240422;100541;158.1;10;10177876869;B
20240422;100542;158.08;30;10177877019;S
20240422;100542;158.08;20;10177877051;S
20240422;100542;158.08;930;10177877052;S
20240422;100542;158.08;520;10177877053;S
20240422;100542;158.06;2440;10177877054;S
20240422;100542;158.06;10;10177877055;S
20240422;100542;158.06;50;10177877056;S
20240422;100542;158.06;440;10177877057;S
20240422;100542;158.04;1390;10177877058;S
20240422;100543;158.08;10;10177877206;B
20240422;100543;158.08;10;10177877235;B
20240422;100543;158.08;10;10177877236;B
20240422;100543;158.06;10;10177877273;B
20240422;100544;158.08;10;10177877373;B
20240422;100544;158.08;10;10177877384;B
20240422;100545;158.1;2500;10177877508;B
20240422;100545;158.06;50;10177877519;S
20240422;100545;158.04;2260;10177877520;S
20240422;100545;158.04;50;10177877521;S
20240422;100545;158.04;50;10177877522;S
20240422;100545;158.04;50;10177877523;S
20240422;100545;158.04;50;10177877524;S
20240422;100545;158.04;1620;10177877525;S
20240422;100545;158.04;50;10177877526;S
20240422;100545;158.04;50;10177877528;S
20240422;100545;158.04;50;10177877529;S
20240422;100545;158.04;50;10177877530;S
20240422;100545;158.04;50;10177877535;S
20240422;100546;158.04;10;10177877826;B
20240422;100547;158.04;10;10177877896;B
20240422;100547;158.04;60;10177877979;B
20240422;100548;158.04;10;10177878237;B
20240422;100548;158.02;1560;10177878242;S
20240422;100548;158.02;20;10177878243;S
20240422;100550;158.04;130;10177878496;B
20240422;100550;158.02;80;10177878557;S
20240422;100550;158.02;100;10177878558;S
20240422;100550;158.02;50;10177878559;S
20240422;100550;158.02;10;10177878560;S
20240422;100550;158.02;50;10177878561;S
20240422;100550;158.02;910;10177878562;S
20240422;100551;158.02;60;10177878672;S
20240422;100551;158.02;500;10177878673;S
20240422;100551;158.02;10;10177878674;S
20240422;100551;158.02;10;10177878675;S
20240422;100551;158.02;20;10177878676;S
20240422;100551;158.02;40;10177878677;S
20240422;100551;158.02;200;10177878678;S
20240422;100551;158.02;10;10177878679;S
20240422;100551;158.02;20;10177878680;S
20240422;100551;158.02;10;10177878681;S
20240422;100551;158.02;10;10177878682;S
20240422;100551;158.02;300;10177878683;S
20240422;100551;158.02;20;10177878684;S
20240422;100551;158.02;10;10177878685;S
20240422;100551;158;10;10177878686;S
20240422;100551;158;10;10177878687;S
20240422;100551;158;100;10177878688;S
20240422;100551;158;50;10177878689;S
20240422;100551;158;10;10177878690;S
20240422;100551;158;10;10177878691;S
20240422;100551;158;10;10177878692;S
20240422;100551;158;10;10177878693;S
20240422;100551;158;10;10177878694;S
20240422;100551;158;10;10177878695;S
20240422;100551;158;10;10177878696;S
20240422;100551;158;10;10177878697;S
20240422;100551;158;140;10177878698;S
20240422;100551;158;640;10177878699;S
20240422;100551;158;10;10177878700;S
20240422;100551;158;30;10177878701;S
20240422;100551;158;10;10177878702;S
20240422;100551;158;130;10177878703;S
20240422;100551;158;20;10177878704;S
20240422;100551;158;10;10177878705;S
20240422;100551;158;3740;10177878706;S
20240422;100551;158;90;10177878716;S
20240422;100551;158;120;10177878717;S
20240422;100551;158;300;10177878721;S
20240422;100551;158;10;10177878722;S
20240422;100551;158;300;10177878723;S
20240422;100551;158;50;10177878775;S
20240422;100551;158;1000;10177878777;S
20240422;100551;158;500;10177878778;S
20240422;100551;158.02;30;10177878820;S
20240422;100551;158.02;70;10177878821;S
20240422;100552;158.04;30;10177878837;B
20240422;100552;158.02;10;10177878926;S
20240422;100552;158;540;10177878927;S
20240422;100552;158;30;10177878928;S
20240422;100552;158;10;10177878929;S
20240422;100552;158;10;10177878930;S
20240422;100552;158;50;10177878931;S
20240422;100552;158;10;10177878932;S
20240422;100552;158;50;10177878933;S
20240422;100552;158;50;10177878934;S
20240422;100552;158;30;10177878935;S
20240422;100552;158;20;10177878936;S
20240422;100552;158;100;10177878937;S
20240422;100552;158;10;10177878938;S
20240422;100552;158;10;10177878939;S
20240422;100552;158;100;10177878940;S
20240422;100552;158;270;10177878941;S
20240422;100552;158.04;50;10177878986;B
20240422;100552;158.02;1580;10177878990;S
20240422;100552;158;40;10177878991;S
20240422;100552;158;190;10177879003;S
20240422;100552;158;100;10177879004;S
20240422;100552;158;460;10177879005;S
20240422;100553;158.02;10;10177879155;S
20240422;100553;158;40;10177879156;S
20240422;100553;158;70;10177879157;S
20240422;100553;158;20;10177879158;S
20240422;100553;158;20;10177879159;S
20240422;100553;158;30;10177879160;S
20240422;100553;158;10;10177879161;S
20240422;100553;158;300;10177879162;S
20240422;100553;158;100;10177879163;S
20240422;100553;158;10;10177879164;S
20240422;100553;158;500;10177879165;S
20240422;100553;158;100;10177879166;S
20240422;100553;158;50;10177879167;S
20240422;100553;158;600;10177879168;S
20240422;100553;158;90;10177879169;S
20240422;100553;158;10;10177879170;S
20240422;100553;158;10;10177879171;S
20240422;100553;158;100;10177879172;S
20240422;100553;158;500;10177879173;S
20240422;100553;158;10;10177879174;S
20240422;100553;158;20;10177879175;S
20240422;100553;158;100;10177879176;S
20240422;100553;158;2860;10177879177;S
20240422;100553;158;100;10177879178;S
20240422;100553;158;10;10177879179;S
20240422;100553;158;120;10177879180;S
20240422;100553;158;5510;10177879181;S
20240422;100553;158.02;50;10177879230;B
20240422;100553;158.02;250;10177879231;B
20240422;100555;158.02;600;10177879427;B
20240422;100555;158.02;30;10177879511;B
20240422;100555;158;2400;10177879537;S
20240422;100555;158;2450;10177879539;S
20240422;100555;158;19640;10177879540;S
20240422;100555;158;50;10177879541;S
20240422;100555;158;20;10177879542;S
20240422;100555;158;50;10177879543;S
20240422;100555;158;10;10177879544;S
20240422;100555;158;100;10177879545;S
20240422;100555;158;30;10177879546;S
20240422;100555;158;100;10177879547;S
20240422;100555;158;40;10177879548;S
20240422;100555;158;10;10177879549;S
20240422;100555;158;100;10177879550;S
20240422;100555;158;100;10177879551;S
20240422;100555;158;100;10177879552;S
20240422;100555;158;20;10177879553;S
20240422;100555;158;1000;10177879554;S
20240422;100555;158;10;10177879555;S
20240422;100555;158;20;10177879556;S
20240422;100555;158;100;10177879557;S
20240422;100555;158;10;10177879558;S
20240422;100555;158;100;10177879559;S
20240422;100555;158;10;10177879560;S
20240422;100555;158;50;10177879561;S
20240422;100555;158;10;10177879562;S
20240422;100555;158;10;10177879563;S
20240422;100555;158;10;10177879564;S
20240422;100555;158;60;10177879565;S
20240422;100555;158;10;10177879566;S
20240422;100555;158;10;10177879567;S
20240422;100555;158;10;10177879568;S
20240422;100555;158;50;10177879569;S
20240422;100555;158;10;10177879570;S
20240422;100555;158;10;10177879571;S
20240422;100555;158;10;10177879572;S
20240422;100555;158;300;10177879573;S
20240422;100555;158;10;10177879574;S
20240422;100555;158;10;10177879575;S
20240422;100555;157.98;300;10177879576;S
20240422;100555;157.98;10;10177879577;S
20240422;100555;157.96;10;10177879578;S
20240422;100555;157.92;10;10177879579;S
20240422;100555;157.92;10;10177879580;S
20240422;100555;157.92;500;10177879581;S
20240422;100555;157.92;10;10177879582;S
20240422;100555;157.92;10;10177879583;S
20240422;100556;157.92;10;10177879639;B
20240422;100556;157.92;10;10177879646;B
20240422;100556;157.9;10;10177879711;S
20240422;100556;157.9;10;10177879726;S
20240422;100556;157.9;10;10177879734;S
20240422;100556;157.9;30;10177879735;S
20240422;100556;157.9;270;10177879736;S
20240422;100556;157.9;200;10177879740;S
20240422;100556;157.9;30;10177879748;S
20240422;100556;157.9;10;10177879749;S
20240422;100556;157.9;30;10177879750;S
20240422;100556;157.9;20;10177879751;S
20240422;100556;157.9;10;10177879752;S
20240422;100556;157.9;10;10177879794;B
20240422;100556;157.88;10;10177879795;S
20240422;100556;157.88;40;10177879796;S
20240422;100556;157.88;30;10177879797;S
20240422;100556;157.88;10;10177879798;S
20240422;100556;157.86;160;10177879799;S
20240422;100556;157.86;100;10177879824;S
20240422;100556;157.88;50;10177879825;B
20240422;100556;157.88;20;10177879826;B
20240422;100557;157.86;140;10177879889;S
20240422;100557;157.86;100;10177879890;S
20240422;100557;157.86;10;10177879891;S
20240422;100557;157.84;40;10177879892;S
20240422;100557;157.84;10;10177879893;S
20240422;100557;157.82;10;10177879894;S
20240422;100557;157.82;20;10177879895;S
20240422;100557;157.82;10;10177879896;S
20240422;100557;157.82;120;10177879897;S
20240422;100557;157.82;150;10177879898;S
20240422;100557;157.8;100;10177879899;S
20240422;100557;157.8;10;10177879900;S
20240422;100557;157.8;10;10177879901;S
20240422;100557;157.8;700;10177879902;S
20240422;100557;157.8;10;10177879903;S
20240422;100557;157.8;40;10177879904;S
20240422;100557;157.8;100;10177879905;S
20240422;100557;157.8;20;10177879906;S
20240422;100557;157.8;10;10177879907;S
20240422;100557;157.8;20;10177879908;S
20240422;100557;157.8;30;10177879909;S
20240422;100557;157.8;10;10177879910;S
20240422;100557;157.8;100;10177879911;S
20240422;100557;157.8;50;10177879912;S
20240422;100557;157.8;3180;10177879913;S
20240422;100557;157.84;50;10177879917;B
20240422;100557;157.86;70;10177879918;B
20240422;100557;157.86;10;10177879931;B
20240422;100557;157.86;20;10177879936;B
20240422;100557;157.86;50;10177879979;B
20240422;100557;157.86;20;10177879980;B
20240422;100557;157.84;10;10177880139;S
20240422;100557;157.82;10;10177880140;S
20240422;100557;157.8;280;10177880141;S
20240422;100557;157.86;10;10177880142;B
20240422;100558;157.88;10;10177880183;B
20240422;100558;157.88;40;10177880236;B
20240422;100558;157.88;260;10177880237;B
20240422;100558;157.88;10;10177880320;B
20240422;100559;157.88;50;10177880500;B
20240422;100559;157.82;50;10177880542;S
20240422;100559;157.8;1250;10177880543;S
20240422;100600;157.8;50;10177880758;S
20240422;100601;157.8;10000;10177880765;S
20240422;100601;157.8;5240;10177880767;S
20240422;100601;157.8;30;10177880768;S
20240422;100601;157.8;10;10177880769;S
20240422;100601;157.8;150;10177880770;S
20240422;100601;157.8;100;10177880771;S
20240422;100601;157.76;300;10177880775;S
20240422;100601;157.76;2000;10177880776;S
20240422;100601;157.74;200;10177880777;S
20240422;100601;157.74;10;10177880778;S
20240422;100601;157.72;10;10177880824;S
20240422;100601;157.74;10;10177880826;B
20240422;100601;157.74;20;10177880838;B
20240422;100601;157.76;10;10177880840;B
20240422;100601;157.76;10;10177880842;B
20240422;100601;157.76;60;10177880916;B
20240422;100603;157.74;10;10177881421;S
20240422;100603;157.74;500;10177881422;S
20240422;100603;157.72;10;10177881423;S
20240422;100603;157.72;10;10177881424;S
20240422;100603;157.72;140;10177881425;S
20240422;100603;157.72;20;10177881426;S
20240422;100603;157.72;110;10177881427;S
20240422;100605;157.8;10;10177881698;B
20240422;100607;157.8;140;10177882070;B
20240422;100607;157.82;1150;10177882071;B
20240422;100607;157.86;10;10177882144;B
20240422;100608;157.76;50;10177882269;S
20240422;100608;157.76;50;10177882270;S
20240422;100609;157.82;30;10177882466;B
20240422;100610;157.82;20;10177882596;B
20240422;100610;157.82;150;10177882597;B
20240422;100610;157.84;50;10177882598;B
20240422;100610;157.84;680;10177882599;B
20240422;100610;157.84;10;10177882689;B
20240422;100611;157.84;10;10177882849;B
20240422;100611;157.74;50;10177882869;S
20240422;100614;157.82;10;10177883333;S
20240422;100614;157.8;500;10177883334;S
20240422;100614;157.74;10;10177883335;S
20240422;100614;157.74;560;10177883336;S
20240422;100614;157.72;890;10177883337;S
20240422;100614;157.72;10;10177883338;S
20240422;100614;157.72;10;10177883339;S
20240422;100614;157.72;100;10177883340;S
20240422;100614;157.72;500;10177883341;S
20240422;100614;157.72;1230;10177883342;S
20240422;100614;157.7;500;10177883343;S
20240422;100614;157.7;10;10177883344;S
20240422;100614;157.7;20;10177883345;S
20240422;100614;157.7;60;10177883346;S
20240422;100614;157.7;10;10177883347;S
20240422;100614;157.7;1000;10177883348;S
20240422;100614;157.7;10;10177883349;S
20240422;100614;157.7;500;10177883350;S
20240422;100614;157.7;50;10177883351;S
20240422;100614;157.7;10;10177883352;S
20240422;100614;157.7;10;10177883353;S
20240422;100614;157.7;50;10177883354;S
20240422;100614;157.7;150;10177883355;S
20240422;100614;157.7;10;10177883356;S
20240422;100614;157.7;10;10177883357;S
20240422;100614;157.7;2780;10177883358;S
20240422;100614;157.76;50;10177883439;B
20240422;100614;157.78;40;10177883440;B
20240422;100614;157.78;50;10177883441;B
20240422;100614;157.8;50;10177883442;B
20240422;100614;157.8;1890;10177883443;B
20240422;100614;157.82;10;10177883450;B
20240422;100614;157.82;10;10177883451;B
20240422;100614;157.84;10;10177883482;B
20240422;100615;157.8;300;10177883510;S
20240422;100616;157.84;10;10177883761;B
20240422;100617;157.84;130;10177883968;B
20240422;100618;157.84;10;10177884065;B
20240422;100618;157.82;10;10177884115;S
20240422;100618;157.8;590;10177884116;S
20240422;100619;157.8;30;10177884181;S
20240422;100619;157.76;50;10177884182;S
20240422;100619;157.74;50;10177884183;S
20240422;100619;157.72;150;10177884184;S
20240422;100619;157.72;50;10177884185;S
20240422;100619;157.72;500;10177884186;S
20240422;100619;157.72;610;10177884187;S
20240422;100619;157.7;5060;10177884188;S
20240422;100619;157.78;30;10177884203;B
20240422;100619;157.78;20;10177884210;B
20240422;100619;157.78;130;10177884211;B
20240422;100619;157.78;30;10177884369;B
20240422;100619;157.78;50;10177884370;B
20240422;100619;157.8;50;10177884371;B
20240422;100619;157.8;70;10177884372;B
20240422;100620;157.74;50;10177884482;S
20240422;100620;157.72;100;10177884483;S
20240422;100620;157.84;10;10177884552;B
20240422;100620;157.84;40;10177884560;B
20240422;100620;157.84;10;10177884561;B
20240422;100622;157.82;20;10177884926;B
20240422;100622;157.82;30;10177885048;B
20240422;100622;157.84;90;10177885049;B
20240422;100622;157.84;50;10177885050;B
20240422;100622;157.86;30;10177885051;B
20240422;100623;157.86;10;10177885236;B
20240422;100623;157.86;90;10177885237;B
20240422;100624;157.86;100;10177885282;B
20240422;100624;157.82;300;10177885408;S
20240422;100624;157.8;500;10177885409;S
20240422;100624;157.8;500;10177885410;S
20240422;100624;157.8;330;10177885411;S
20240422;100624;157.8;50;10177885412;S
20240422;100624;157.78;50;10177885413;S
20240422;100624;157.76;100;10177885414;S
20240422;100624;157.76;50;10177885415;S
20240422;100624;157.76;150;10177885416;S
20240422;100624;157.74;250;10177885417;S
20240422;100624;157.74;50;10177885418;S
20240422;100624;157.74;3000;10177885419;S
20240422;100624;157.72;60;10177885420;S
20240422;100624;157.72;50;10177885421;S
20240422;100624;157.7;2160;10177885422;S
20240422;100624;157.7;200;10177885423;S
20240422;100624;157.7;10;10177885424;S
20240422;100624;157.7;10;10177885425;S
20240422;100624;157.7;10;10177885426;S
20240422;100624;157.7;10;10177885427;S
20240422;100624;157.7;10;10177885428;S
20240422;100624;157.7;100;10177885429;S
20240422;100624;157.7;50;10177885430;S
20240422;100625;157.68;20;10177885503;S
20240422;100627;157.7;140;10177885926;B
20240422;100627;157.74;50;10177885927;B
20240422;100627;157.74;520;10177885928;B
20240422;100627;157.76;50;10177885929;B
20240422;100627;157.76;60;10177885930;B
20240422;100627;157.76;330;10177885931;B
20240422;100628;157.78;50;10177886163;B
20240422;100628;157.8;50;10177886164;B
20240422;100628;157.8;700;10177886165;B
20240422;100628;157.8;50;10177886194;B
20240422;100629;157.82;40;10177886250;B
20240422;100630;157.8;30;10177886440;S
20240422;100630;157.72;50;10177886533;B
20240422;100631;157.68;180;10177886597;S
20240422;100631;157.68;10;10177886598;S
20240422;100631;157.68;10;10177886599;S
20240422;100631;157.66;10;10177886600;S
20240422;100631;157.66;100;10177886601;S
20240422;100631;157.66;510;10177886602;S
20240422;100631;157.66;50;10177886603;S
20240422;100631;157.64;20;10177886604;S
20240422;100631;157.64;110;10177886605;S
20240422;100631;157.64;50;10177886623;S
20240422;100631;157.72;10;10177886625;B
20240422;100631;157.64;80;10177886630;S
20240422;100632;157.68;10;10177886827;B
20240422;100632;157.7;10;10177886828;B
20240422;100632;157.7;510;10177886829;B
20240422;100632;157.72;40;10177886974;B
20240422;100632;157.72;590;10177886975;B
20240422;100632;157.74;100;10177887002;B
20240422;100633;157.7;20;10177887094;S
20240422;100634;157.74;100;10177887241;B
20240422;100634;157.74;250;10177887313;B
20240422;100635;157.74;50;10177887406;B
20240422;100635;157.74;200;10177887447;B
20240422;100635;157.72;590;10177887474;B
20240422;100635;157.72;590;10177887490;B
20240422;100636;157.74;60;10177887624;B
20240422;100636;157.7;10;10177887625;S
20240422;100636;157.72;150;10177887775;B
20240422;100637;157.72;500;10177887872;B
20240422;100637;157.72;300;10177888049;B
20240422;100637;157.7;10;10177888052;S
20240422;100638;157.72;10;10177888097;B
20240422;100638;157.72;70;10177888156;B
20240422;100638;157.74;130;10177888157;B
20240422;100639;157.7;320;10177888475;S
20240422;100639;157.7;290;10177888476;S
20240422;100641;157.74;10;10177888676;B
20240422;100641;157.74;20;10177888712;B
20240422;100643;157.74;730;10177889063;B
20240422;100643;157.74;730;10177889088;B
20240422;100643;157.7;10;10177889157;S
20240422;100643;157.7;5000;10177889158;S
20240422;100643;157.7;150;10177889159;S
20240422;100643;157.7;150;10177889160;S
20240422;100643;157.7;10;10177889161;S
20240422;100643;157.7;520;10177889162;S
20240422;100643;157.7;10;10177889163;S
20240422;100643;157.7;100;10177889164;S
20240422;100643;157.68;50;10177889165;S
20240422;100643;157.68;50;10177889166;S
20240422;100643;157.66;1450;10177889167;S
20240422;100643;157.7;70;10177889181;B
20240422;100643;157.7;150;10177889223;B
20240422;100643;157.7;70;10177889261;B
20240422;100643;157.7;10;10177889301;B
20240422;100645;157.72;20;10177889708;B
20240422;100645;157.68;10;10177889753;S
20240422;100645;157.68;50;10177889754;S
20240422;100645;157.68;140;10177889755;S
20240422;100646;157.68;60;10177889834;B
20240422;100646;157.72;130;10177889838;B
20240422;100646;157.72;1790;10177889839;B
20240422;100646;157.7;130;10177889922;B
20240422;100646;157.74;10;10177889923;B
20240422;100646;157.74;310;10177889931;B
20240422;100646;157.74;100;10177889978;B
20240422;100649;157.74;10;10177890414;B
20240422;100650;157.74;250;10177890683;B
20240422;100652;157.74;110;10177890865;B
20240422;100653;157.72;20;10177891072;S
20240422;100653;157.7;100;10177891073;S
20240422;100653;157.7;10;10177891074;S
20240422;100653;157.7;30;10177891075;S
20240422;100653;157.7;190;10177891076;S
20240422;100653;157.7;1770;10177891077;S
20240422;100653;157.7;100;10177891078;S
20240422;100653;157.7;150;10177891079;S
20240422;100653;157.7;50;10177891080;S
20240422;100655;157.68;10;10177891633;S
20240422;100655;157.66;60;10177891634;S
20240422;100655;157.66;100;10177891716;S
20240422;100656;157.7;3000;10177891827;B
20240422;100656;157.7;1000;10177891841;B
20240422;100656;157.7;50;10177891870;B
20240422;100656;157.7;450;10177891872;B
20240422;100658;157.7;10;10177892063;B
20240422;100658;157.66;10;10177892184;S
20240422;100659;157.7;10;10177892304;B
20240422;100659;157.7;300;10177892311;B
20240422;100659;157.7;30;10177892326;B
20240422;100701;157.68;230;10177892625;B
20240422;100702;157.68;10;10177892853;B
20240422;100703;157.68;100;10177893151;B
20240422;100704;157.68;50;10177893245;B
20240422;100704;157.68;100;10177893254;B
20240422;100704;157.68;350;10177893346;B
20240422;100705;157.68;30;10177893560;B
20240422;100706;157.68;1130;10177893602;B
20240422;100706;157.7;2730;10177893603;B
20240422;100706;157.7;1140;10177893604;B
20240422;100706;157.7;150;10177893654;B
20240422;100706;157.7;970;10177893655;B
20240422;100706;157.7;1790;10177893663;B
20240422;100706;157.7;300;10177893789;B
20240422;100707;157.7;250;10177893839;B
20240422;100707;157.7;490;10177893851;B
20240422;100707;157.7;10;10177893925;B
20240422;100707;157.7;10;10177893978;B
20240422;100707;157.68;50;10177893987;S
20240422;100707;157.68;550;10177893988;S
20240422;100708;157.7;10;10177894088;B
20240422;100709;157.68;2500;10177894239;S
20240422;100710;157.7;300;10177894538;B
20240422;100710;157.7;20;10177894539;B
20240422;100710;157.68;600;10177894554;S
20240422;100711;157.68;100;10177894792;S
20240422;100711;157.68;40;10177894840;S
20240422;100711;157.68;50;10177894841;S
20240422;100711;157.68;10;10177894842;S
20240422;100712;157.68;10;10177894930;S
20240422;100712;157.7;20;10177895051;B
20240422;100714;157.68;20;10177895349;S
20240422;100714;157.68;10;10177895350;S
20240422;100714;157.68;10;10177895351;S
20240422;100714;157.68;10;10177895352;S
20240422;100714;157.68;10;10177895353;S
20240422;100714;157.68;20;10177895354;S
20240422;100715;157.7;10;10177895728;B
20240422;100715;157.7;1000;10177895821;B
20240422;100715;157.7;10;10177895890;B
20240422;100715;157.7;10;10177895893;B
20240422;100716;157.7;10;10177895992;B
20240422;100716;157.68;10;10177896147;S
20240422;100716;157.68;10;10177896148;S
20240422;100716;157.68;50;10177896149;S
20240422;100717;157.7;60;10177896163;B
20240422;100720;157.7;10;10177896946;B
20240422;100720;157.7;10;10177896948;B
20240422;100720;157.68;1970;10177896971;S
20240422;100721;157.7;200;10177897080;B
20240422;100721;157.7;220;10177897215;B
20240422;100721;157.7;220;10177897231;B
20240422;100722;157.7;10;10177897321;B
20240422;100723;157.68;60;10177897917;S
20240422;100723;157.7;140;10177897981;B
20240422;100723;157.7;50;10177897982;B
20240422;100723;157.7;120;10177897983;B
20240422;100724;157.7;10;10177898172;B
20240422;100725;157.7;10;10177898501;B
20240422;100726;157.68;10;10177898647;S
20240422;100726;157.7;10;10177898677;B
20240422;100726;157.7;20;10177898741;B
20240422;100727;157.7;10;10177898860;B
20240422;100727;157.7;10;10177898871;B
20240422;100728;157.68;500;10177898927;S
20240422;100728;157.7;10;10177898928;B
20240422;100729;157.7;10;10177899019;B
20240422;100729;157.68;10;10177899039;S
20240422;100731;157.68;430;10177899274;S
20240422;100731;157.68;50;10177899275;S
20240422;100731;157.68;10;10177899276;S
20240422;100731;157.68;10;10177899277;S
20240422;100731;157.68;570;10177899278;S
20240422;100731;157.68;3930;10177899279;S
20240422;100731;157.68;70;10177899297;S
20240422;100731;157.68;10;10177899298;S
20240422;100731;157.68;10;10177899299;S
20240422;100731;157.68;60;10177899300;S
20240422;100731;157.7;10;10177899329;B
20240422;100732;157.68;20;10177899545;S
20240422;100733;157.7;10;10177899657;B
20240422;100733;157.7;30;10177899739;B
20240422;100734;157.7;50;10177899885;B
20240422;100734;157.7;10;10177900045;B
20240422;100734;157.68;20;10177900095;S
20240422;100734;157.68;20;10177900096;S
20240422;100734;157.68;10;10177900097;S
20240422;100734;157.68;150;10177900098;S
20240422;100735;157.68;50;10177900190;B
20240422;100735;157.7;680;10177900191;B
20240422;100735;157.7;2170;10177900192;B
20240422;100735;157.7;50;10177900193;B
20240422;100735;157.7;10000;10177900194;B
20240422;100735;157.7;110;10177900195;B
20240422;100735;157.7;10;10177900196;B
20240422;100735;157.7;580;10177900197;B
20240422;100735;157.72;1930;10177900198;B
20240422;100735;157.72;12310;10177900199;B
20240422;100735;157.72;50;10177900200;B
20240422;100735;157.74;11800;10177900201;B
20240422;100735;157.74;2000;10177900202;B
20240422;100735;157.74;80;10177900203;B
20240422;100735;157.74;60;10177900204;B
20240422;100735;157.74;50;10177900205;B
20240422;100735;157.76;5000;10177900206;B
20240422;100735;157.76;50;10177900207;B
20240422;100735;157.76;220;10177900208;B
20240422;100735;157.78;2000;10177900209;B
20240422;100735;157.78;50;10177900210;B
20240422;100735;157.78;1000;10177900211;B
20240422;100735;157.8;50;10177900212;B
20240422;100735;157.8;10000;10177900213;B
20240422;100735;157.82;10;10177900214;B
20240422;100735;157.82;10;10177900215;B
20240422;100735;157.84;50;10177900216;B
20240422;100735;157.86;50;10177900217;B
20240422;100735;157.86;300;10177900218;B
20240422;100735;157.9;250;10177900219;B
20240422;100735;157.9;3590;10177900220;B
20240422;100735;157.86;50;10177900222;S
20240422;100736;157.9;250;10177900353;B
20240422;100736;157.9;100;10177900354;B
20240422;100736;157.92;100;10177900366;B
20240422;100736;157.92;1150;10177900382;B
20240422;100736;157.92;50;10177900401;S
20240422;100736;157.92;950;10177900402;S
20240422;100736;157.94;790;10177900429;B
20240422;100736;157.96;80;10177900449;S
20240422;100736;157.98;80;10177900485;B
20240422;100736;157.98;50;10177900488;B
20240422;100737;158;200;10177900562;B
20240422;100737;158;11840;10177900563;B
20240422;100737;157.96;100;10177900586;S
20240422;100738;158;640;10177900756;B
20240422;100738;158;20;10177900840;B
20240422;100738;157.96;10;10177900867;S
20240422;100738;157.96;20;10177900868;S
20240422;100739;158;30;10177900908;B
20240422;100739;158;10;10177900991;B
20240422;100740;158;740;10177901172;B
20240422;100741;158;840;10177901371;B
20240422;100742;158;30;10177901678;B
20240422;100743;157.98;50;10177901773;S
20240422;100743;157.98;50;10177901774;S
20240422;100743;157.98;50;10177901775;S
20240422;100743;157.98;50;10177901776;S
20240422;100743;157.98;50;10177901777;S
20240422;100743;157.98;250;10177901778;S
20240422;100743;157.98;10;10177901978;S
20240422;100744;158;20;10177902022;B
20240422;100744;158;500;10177902104;B
20240422;100745;158;20;10177902219;B
20240422;100745;157.98;30;10177902229;S
20240422;100746;158;50;10177902384;B
20240422;100746;158;890;10177902416;B
20240422;100746;158;20;10177902454;B
20240422;100748;157.98;60;10177902704;S
20240422;100748;158;10;10177902705;B
20240422;100748;158;500;10177902709;B
20240422;100748;157.98;2070;10177902720;S
20240422;100748;157.98;740;10177902721;S
20240422;100748;157.98;400;10177902722;S
20240422;100748;157.98;50;10177902723;S
20240422;100748;157.98;50;10177902724;S
20240422;100748;157.98;50;10177902725;S
20240422;100748;157.98;10;10177902726;S
20240422;100748;157.98;10;10177902727;S
20240422;100748;157.96;590;10177902728;S
20240422;100748;157.96;50;10177902729;S
20240422;100748;157.96;10000;10177902730;S
20240422;100748;157.96;1000;10177902731;S
20240422;100748;157.96;3840;10177902732;S
20240422;100748;157.94;50;10177902733;S
20240422;100748;157.94;200;10177902734;S
20240422;100748;157.94;5380;10177902735;S
20240422;100748;157.92;50;10177902736;S
20240422;100748;157.92;6910;10177902737;S
20240422;100748;157.9;50;10177902738;S
20240422;100748;157.9;1160;10177902739;S
20240422;100748;157.9;30;10177902740;S
20240422;100748;157.88;50;10177902741;S
20240422;100748;157.86;50;10177902742;S
20240422;100748;157.86;200;10177902743;S
20240422;100748;157.84;50;10177902744;S
20240422;100748;157.84;2000;10177902745;S
20240422;100748;157.84;3590;10177902746;S
20240422;100748;157.82;50;10177902747;S
20240422;100748;157.82;10000;10177902748;S
20240422;100748;157.82;1320;10177902749;S
20240422;100748;157.9;50;10177902772;B
20240422;100749;157.88;10;10177902822;B
20240422;100749;157.76;100;10177902869;S
20240422;100749;157.74;20;10177902870;S
20240422;100749;157.74;50;10177902871;S
20240422;100749;157.72;30;10177902872;S
20240422;100749;157.82;50;10177902922;B
20240422;100749;157.82;210;10177902923;B
20240422;100749;157.84;40;10177902924;B
20240422;100752;157.72;20;10177903250;S
20240422;100752;157.72;210;10177903251;S
20240422;100752;157.72;1210;10177903252;S
20240422;100752;157.72;1050;10177903253;S
20240422;100752;157.82;20;10177903434;B
20240422;100754;157.74;50;10177903884;S
20240422;100754;157.74;450;10177903885;S
20240422;100755;157.74;230;10177903989;S
20240422;100756;157.76;50;10177904195;S
20240422;100756;157.74;70;10177904196;S
20240422;100756;157.74;50;10177904197;S
20240422;100756;157.74;460;10177904198;S
20240422;100757;157.74;50;10177904324;S
20240422;100757;157.76;100;10177904390;B
20240422;100758;157.76;110;10177904417;B
20240422;100758;157.76;60;10177904532;B
20240422;100759;157.74;30;10177904543;S
20240422;100759;157.74;1000;10177904583;S
20240422;100759;157.76;10;10177904595;B
20240422;100759;157.76;10;10177904614;B
20240422;100800;157.76;20;10177904784;B
20240422;100800;157.76;100;10177904951;B
20240422;100801;157.76;10;10177904986;B
20240422;100801;157.76;20;10177905004;B
20240422;100802;157.76;2840;10177905138;B
20240422;100802;157.76;30;10177905139;B
20240422;100802;157.78;10;10177905241;B
20240422;100803;157.78;50;10177905396;B
20240422;100803;157.76;1580;10177905414;S
20240422;100805;157.74;380;10177905607;S
20240422;100805;157.74;570;10177905608;S
20240422;100805;157.74;50;10177905609;S
20240422;100805;157.74;10;10177905610;S
20240422;100805;157.72;1060;10177905611;S
20240422;100805;157.72;210;10177905612;S
20240422;100805;157.72;50;10177905613;S
20240422;100805;157.72;100;10177905614;S
20240422;100805;157.72;1100;10177905615;S
20240422;100805;157.72;10;10177905616;S
20240422;100805;157.72;50;10177905617;S
20240422;100805;157.72;10;10177905618;S
20240422;100805;157.72;610;10177905619;S
20240422;100805;157.7;20;10177905620;S
20240422;100805;157.7;100;10177905621;S
20240422;100805;157.7;1030;10177905622;S
20240422;100806;157.78;40;10177905708;B
20240422;100806;157.78;60;10177905709;B
20240422;100806;157.78;10;10177905776;B
20240422;100808;157.78;140;10177906045;B
20240422;100808;157.8;3500;10177906046;B
20240422;100808;157.8;50;10177906047;B
20240422;100808;157.8;560;10177906048;B
20240422;100808;157.8;1890;10177906049;B
20240422;100808;157.82;50;10177906050;B
20240422;100808;157.82;50;10177906051;B
20240422;100808;157.84;160;10177906052;B
20240422;100808;157.84;50;10177906053;B
20240422;100808;157.86;50;10177906054;B
20240422;100808;157.86;1000;10177906055;B
20240422;100808;157.86;3500;10177906056;B
20240422;100809;157.88;10;10177906327;B
20240422;100810;157.9;100;10177906486;B
20240422;100811;157.86;50;10177906704;S
20240422;100811;157.86;550;10177906705;S
20240422;100811;157.84;10;10177906706;S
20240422;100811;157.84;970;10177906707;S
20240422;100816;157.9;100;10177907426;B
20240422;100816;157.9;10;10177907527;B
20240422;100816;157.9;20;10177907528;B
20240422;100817;157.88;80;10177907544;S
20240422;100817;157.9;20;10177907678;B
20240422;100817;157.9;10;10177907679;B
20240422;100818;157.9;10;10177907862;B
20240422;100819;157.9;240;10177907925;B
20240422;100819;157.92;550;10177907926;B
20240422;100819;157.92;80;10177907927;B
20240422;100819;157.92;130;10177907928;B
20240422;100819;157.96;10;10177907962;B
20240422;100823;157.96;50;10177909027;B
20240422;100823;157.96;10;10177909048;B
20240422;100825;157.92;10;10177909262;S
20240422;100827;157.94;70;10177909607;B
20240422;100828;157.92;540;10177909766;S
20240422;100828;157.92;1110;10177909767;S
20240422;100828;157.94;120;10177909771;B
20240422;100828;157.96;540;10177909772;B
20240422;100828;157.96;50;10177909773;B
20240422;100828;157.96;1820;10177909774;B
20240422;100828;157.96;50;10177909775;B
20240422;100828;157.98;60;10177909837;B
20240422;100830;157.98;170;10177910201;B
20240422;100831;157.98;250;10177910304;B
20240422;100831;157.96;30;10177910392;S
20240422;100831;157.96;10;10177910413;S
20240422;100831;157.96;10;10177910461;S
20240422;100832;157.98;7390;10177910606;B
20240422;100833;157.98;170;10177910657;B
20240422;100833;157.98;10;10177910676;B
20240422;100833;157.98;20;10177910718;B
20240422;100833;157.98;10;10177910759;B
20240422;100836;157.98;600;10177911255;B
20240422;100837;157.96;200;10177911465;S
20240422;100838;157.98;10;10177911589;B
20240422;100838;157.98;10;10177911746;B
20240422;100839;157.98;10;10177911927;B
20240422;100841;157.98;10;10177912276;B
20240422;100841;157.98;490;10177912277;B
20240422;100842;157.98;10;10177912726;B
20240422;100843;157.98;10;10177912946;B
20240422;100843;157.98;20;10177912994;B
20240422;100843;157.98;460;10177913043;B
20240422;100843;157.98;740;10177913044;B
20240422;100843;157.98;10;10177913136;B
20240422;100844;157.98;50;10177913221;B
20240422;100846;157.96;10;10177913841;S
20240422;100847;157.98;20;10177914076;B
20240422;100847;158;2340;10177914077;B
20240422;100847;158;100;10177914078;B
20240422;100847;158;10;10177914079;B
20240422;100847;158;10;10177914080;B
20240422;100847;158;10;10177914081;B
20240422;100847;158;10;10177914082;B
20240422;100847;158;3090;10177914083;B
20240422;100847;158;1800;10177914084;B
20240422;100847;158;400;10177914146;B
20240422;100847;157.98;10;10177914206;S
20240422;100848;158;100;10177914248;B
20240422;100848;158;50;10177914350;B
20240422;100850;157.98;50;10177914628;S
20240422;100852;158;380;10177914843;B
20240422;100853;158;300;10177915306;B
20240422;100853;158;10;10177915339;B
20240422;100854;158;10;10177915701;B
20240422;100855;158;290;10177916150;B
20240422;100856;158;1500;10177916425;B
20240422;100856;158;500;10177916446;B
20240422;100856;157.98;10;10177916520;S
20240422;100857;158;20;10177916681;B
20240422;100858;158;70;10177916761;B
20240422;100859;158;70;10177917078;B
20240422;100900;158;70;10177917268;B
20240422;100900;157.98;200;10177917327;S
20240422;100900;158;10;10177917525;B
20240422;100901;158;660;10177917717;B
20240422;100901;158;740;10177917757;B
20240422;100901;158;1030;10177917814;B
20240422;100901;157.98;30;10177917868;S
20240422;100901;157.98;50;10177917869;S
20240422;100901;157.98;50;10177917870;S
20240422;100901;157.98;50;10177917871;S
20240422;100901;157.98;50;10177917872;S
20240422;100901;157.98;50;10177917873;S
20240422;100901;157.98;20;10177917874;S
20240422;100902;158;70;10177918033;B
20240422;100904;158;4330;10177918324;B
20240422;100904;158;1500;10177918325;B
20240422;100904;158;30;10177918326;B
20240422;100904;158;100;10177918327;B
20240422;100904;158;510;10177918328;B
20240422;100904;158;80;10177918329;B
20240422;100904;158;1000;10177918330;B
20240422;100904;158;400;10177918331;B
20240422;100904;158;100;10177918332;B
20240422;100904;158;100;10177918333;B
20240422;100904;158.02;590;10177918334;B
20240422;100904;158.02;550;10177918335;B
20240422;100904;158.02;50;10177918336;B
20240422;100904;158.04;50;10177918337;B
20240422;100904;158.04;1860;10177918338;B
20240422;100904;158.04;10000;10177918339;B
20240422;100904;158.06;50;10177918340;B
20240422;100904;158.08;50;10177918341;B
20240422;100904;158.08;1000;10177918342;B
20240422;100904;158.08;10000;10177918343;B
20240422;100904;158.1;50;10177918344;B
20240422;100904;158.12;20;10177918345;B
20240422;100904;158.12;50;10177918346;B
20240422;100904;158.12;10000;10177918347;B
20240422;100904;158.14;50;10177918348;B
20240422;100904;158.16;50;10177918349;B
20240422;100904;158.18;50;10177918350;B
20240422;100904;158.18;1820;10177918351;B
20240422;100904;158.18;10;10177918408;B
20240422;100904;158.2;50;10177918409;B
20240422;100905;158.2;10;10177918575;B
20240422;100905;158.2;40;10177918688;B
20240422;100905;158.2;60;10177918689;B
20240422;100905;158.2;10;10177918738;B
20240422;100906;158.18;10;10177918893;B
20240422;100906;158.18;10;10177918894;B
20240422;100906;158.18;200;10177918895;B
20240422;100906;158.2;2940;10177918896;B
20240422;100907;158.2;1990;10177918898;B
20240422;100907;158.24;200;10177918930;B
20240422;100907;158.3;10;10177918936;B
20240422;100907;158.3;10;10177918937;B
20240422;100907;158.3;600;10177918938;B
20240422;100907;158.36;500;10177918996;B
20240422;100907;158.36;550;10177918997;B
20240422;100907;158.36;50;10177919014;S
20240422;100907;158.36;150;10177919015;S
20240422;100907;158.38;70;10177919089;B
20240422;100908;158.38;50;10177919104;S
20240422;100908;158.38;10;10177919105;S
20240422;100908;158.38;50;10177919125;S
20240422;100908;158.36;50;10177919126;S
20240422;100908;158.36;210;10177919127;S
20240422;100908;158.36;190;10177919128;S
20240422;100908;158.38;50;10177919160;B
20240422;100908;158.38;50;10177919165;B
20240422;100908;158.38;50;10177919166;B
20240422;100908;158.38;50;10177919169;B
20240422;100908;158.4;50;10177919214;B
20240422;100908;158.4;20;10177919215;B
20240422;100908;158.4;200;10177919216;B
20240422;100908;158.42;70;10177919218;B
20240422;100908;158.42;10;10177919219;B
20240422;100908;158.42;40;10177919220;B
20240422;100908;158.42;560;10177919221;B
20240422;100909;158.4;50;10177919317;S
20240422;100909;158.38;10;10177919318;S
20240422;100909;158.38;50;10177919319;S
20240422;100909;158.38;1890;10177919320;S
20240422;100909;158.38;10;10177919328;B
20240422;100909;158.34;10;10177919338;B
20240422;100909;158.28;50;10177919352;S
20240422;100909;158.28;630;10177919353;S
20240422;100909;158.3;10;10177919360;B
20240422;100910;158.26;50;10177919521;S
20240422;100910;158.24;1950;10177919522;S
20240422;100911;158.24;10;10177919724;B
20240422;100911;158.22;10;10177919751;S
20240422;100911;158.22;50;10177919754;S
20240422;100911;158.22;250;10177919755;S
20240422;100911;158.24;90;10177919767;B
20240422;100911;158.36;200;10177919778;B
20240422;100912;158.44;20;10177919820;B
20240422;100912;158.44;100;10177919821;B
20240422;100912;158.44;1270;10177919822;B
20240422;100912;158.44;450;10177919823;B
20240422;100912;158.46;10;10177919863;B
20240422;100912;158.46;10;10177919864;B
20240422;100912;158.46;10;10177919865;B
20240422;100913;158.46;1240;10177920045;B
20240422;100913;158.48;630;10177920046;B
20240422;100913;158.48;50;10177920047;B
20240422;100913;158.48;500;10177920048;B
20240422;100913;158.5;10;10177920049;B
20240422;100913;158.5;200;10177920050;B
20240422;100913;158.5;30;10177920051;B
20240422;100913;158.5;50;10177920052;B
20240422;100913;158.5;1670;10177920053;B
20240422;100913;158.52;50;10177920054;B
20240422;100913;158.52;1500;10177920055;B
20240422;100913;158.52;180;10177920056;B
20240422;100913;158.54;50;10177920057;B
20240422;100913;158.54;3840;10177920058;B
20240422;100914;158.56;10;10177920206;B
20240422;100914;158.54;50;10177920255;S
20240422;100914;158.52;50;10177920256;S
20240422;100914;158.52;50;10177920257;S
20240422;100914;158.5;50;10177920273;S
20240422;100914;158.48;50;10177920274;S
20240422;100914;158.48;50;10177920275;S
20240422;100914;158.48;1160;10177920276;S
20240422;100914;158.52;50;10177920281;B
20240422;100914;158.6;110;10177920282;B
20240422;100914;158.6;20;10177920283;B
20240422;100914;158.6;110;10177920284;B
20240422;100914;158.6;100;10177920285;B
20240422;100914;158.62;50;10177920286;B
20240422;100914;158.62;1270;10177920287;B
20240422;100914;158.62;1490;10177920288;B
20240422;100914;158.6;390;10177920324;B
20240422;100914;158.62;810;10177920325;B
20240422;100915;158.64;10;10177920399;B
20240422;100915;158.64;20;10177920400;B
20240422;100915;158.62;10;10177920480;S
20240422;100915;158.64;100;10177920499;B
20240422;100915;158.62;40;10177920531;S
20240422;100915;158.62;50;10177920532;S
20240422;100915;158.6;20;10177920533;S
20240422;100915;158.58;40;10177920534;S
20240422;100915;158.64;10;10177920596;B
20240422;100917;158.64;100;10177920787;B
20240422;100918;158.62;50;10177920881;S
20240422;100918;158.62;100;10177920882;S
20240422;100918;158.62;50;10177920883;S
20240422;100918;158.62;10;10177920884;S
20240422;100918;158.62;100;10177920885;S
20240422;100918;158.6;50;10177920886;S
20240422;100918;158.6;10;10177920963;B
20240422;100920;158.6;10;10177921177;B
20240422;100920;158.58;10;10177921238;S
20240422;100921;158.56;50;10177921450;S
20240422;100921;158.56;100;10177921451;S
20240422;100921;158.52;40;10177921452;S
20240422;100921;158.52;210;10177921453;S
20240422;100921;158.52;50;10177921454;S
20240422;100921;158.52;470;10177921455;S
20240422;100921;158.52;50;10177921456;S
20240422;100921;158.5;50;10177921457;S
20240422;100921;158.5;50;10177921458;S
20240422;100921;158.5;3350;10177921459;S
20240422;100922;158.5;230;10177921533;S
20240422;100922;158.5;10;10177921626;B
20240422;100922;158.5;10;10177921650;B
20240422;100924;158.5;50;10177922004;B
20240422;100924;158.5;10;10177922005;B
20240422;100924;158.52;10;10177922006;B
20240422;100924;158.54;30;10177922007;B
20240422;100924;158.48;50;10177922011;S
20240422;100926;158.54;10;10177922420;B
20240422;100928;158.52;50;10177922641;S
20240422;100928;158.5;10;10177922642;S
20240422;100928;158.5;40;10177922643;S
20240422;100928;158.52;10;10177922664;B
20240422;100929;158.5;150;10177922853;S
20240422;100929;158.5;10;10177922884;S
20240422;100930;158.5;2000;10177922956;S
20240422;100930;158.5;100;10177923052;S
20240422;100931;158.5;20;10177923184;S
20240422;100933;158.5;20;10177923368;S
20240422;100933;158.52;10;10177923376;B
20240422;100933;158.5;20;10177923438;S
20240422;100933;158.52;10;10177923484;B
20240422;100935;158.52;10;10177923739;B
20240422;100935;158.5;800;10177923762;S
20240422;100935;158.52;10;10177923828;B
20240422;100935;158.52;20;10177923842;B
20240422;100936;158.5;40;10177923862;S
20240422;100936;158.5;890;10177923863;S
20240422;100936;158.5;10;10177923864;S
20240422;100936;158.48;90;10177923865;S
20240422;100936;158.48;170;10177923866;S
20240422;100936;158.5;50;10177923920;B
20240422;100936;158.48;10;10177923933;S
20240422;100938;158.5;200;10177924202;B
20240422;100940;158.48;760;10177924426;S
20240422;100940;158.46;1390;10177924427;S
20240422;100940;158.44;210;10177924428;S
20240422;100940;158.44;50;10177924429;S
20240422;100940;158.44;1950;10177924430;S
20240422;100940;158.44;420;10177924431;S
20240422;100940;158.42;50;10177924432;S
20240422;100940;158.42;10;10177924433;S
20240422;100940;158.42;1490;10177924434;S
20240422;100940;158.46;10;10177924446;B
20240422;100941;158.44;330;10177924570;B
20240422;100941;158.42;500;10177924724;S
20240422;100943;158.44;10;10177925006;B
20240422;100944;158.42;10;10177925055;S
20240422;100946;158.42;30;10177925329;S
20240422;100947;158.42;30;10177925884;S
20240422;100948;158.44;20;10177926232;B
20240422;100948;158.42;220;10177926233;S
20240422;100949;158.42;50;10177926356;B
20240422;100949;158.42;60;10177926357;B
20240422;100950;158.42;670;10177926542;B
20240422;100951;158.42;50;10177927310;B
20240422;100951;158.42;450;10177927311;B
20240422;100951;158.4;50;10177927326;B
20240422;100951;158.4;160;10177927327;B
20240422;100952;158.42;500;10177927618;B
20240422;100952;158.42;10;10177927688;B
20240422;100953;158.42;10;10177927705;B
20240422;100953;158.42;50;10177927830;B
20240422;100953;158.4;480;10177927861;S
20240422;100955;158.4;20;10177928175;B
20240422;100955;158.38;200;10177928222;S
20240422;100957;158.38;10;10177928738;S
20240422;100957;158.38;200;10177928963;S
20240422;100958;158.4;50;10177929181;B
20240422;100958;158.4;50;10177929182;B
20240422;100958;158.38;40;10177929226;S
20240422;101000;158.4;10;10177929499;B
20240422;101000;158.38;10;10177929680;S
20240422;101002;158.4;10;10177930025;B
20240422;101006;158.38;390;10177930819;S
20240422;101006;158.38;10;10177930820;S
20240422;101006;158.38;10;10177930821;S
20240422;101006;158.38;500;10177930822;S
20240422;101006;158.38;10;10177930823;S
20240422;101006;158.36;50;10177930825;B
20240422;101006;158.36;910;10177930826;B
20240422;101007;158.36;10;10177931070;B
20240422;101010;158.36;10;10177931608;B
20240422;101010;158.36;10;10177931627;B
20240422;101011;158.34;10;10177931709;S
20240422;101011;158.34;400;10177931710;B
20240422;101011;158.34;50;10177931711;B
20240422;101012;158.36;20;10177931917;B
20240422;101013;158.36;300;10177931994;B
20240422;101016;158.34;50;10177932531;S
20240422;101017;158.36;20;10177932748;B
20240422;101018;158.34;60;10177932970;S
20240422;101019;158.34;80;10177933309;B
20240422;101021;158.34;10;10177933634;B
20240422;101023;158.34;10;10177933968;B
20240422;101023;158.34;60;10177933976;B
20240422;101025;158.34;20;10177934190;B
20240422;101026;158.34;30;10177934338;B
20240422;101026;158.34;10;10177934393;B
20240422;101026;158.34;10;10177934472;B
20240422;101026;158.34;10;10177934479;B
20240422;101028;158.34;10;10177934640;B
20240422;101030;158.34;10;10177935041;B
20240422;101030;158.34;800;10177935231;B
20240422;101030;158.32;10;10177935232;S
20240422;101030;158.32;30;10177935233;S
20240422;101030;158.32;550;10177935234;S
20240422;101030;158.32;50;10177935235;S
20240422;101030;158.3;10;10177935239;S
20240422;101030;158.3;920;10177935240;S
20240422;101030;158.3;70;10177935241;S
20240422;101031;158.3;20;10177935290;S
20240422;101031;158.3;400;10177935327;B
20240422;101031;158.3;180;10177935328;B
20240422;101031;158.28;20;10177935421;S
20240422;101031;158.28;130;10177935422;S
20240422;101032;158.28;100;10177935534;S
20240422;101032;158.28;30;10177935720;S
20240422;101035;158.3;100;10177936302;B
20240422;101036;158.28;710;10177936399;S
20240422;101036;158.26;420;10177936400;S
20240422;101036;158.26;1360;10177936401;S
20240422;101036;158.24;5000;10177936402;S
20240422;101036;158.24;400;10177936403;S
20240422;101036;158.24;1210;10177936404;S
20240422;101036;158.24;530;10177936408;S
20240422;101036;158.22;2130;10177936412;S
20240422;101036;158.2;10;10177936413;S
20240422;101036;158.2;10;10177936414;S
20240422;101036;158.22;390;10177936429;B
