<DATE>;<TIME>;<LAST>;<VOL>;<ID>;<OPER>
20240516;095947;152.74;300;10379472528;S
20240516;095947;152.74;10;10379472529;S
20240516;095947;152.74;200;10379472530;S
20240516;095947;152.74;460;10379472531;S
20240516;095947;152.74;320;10379472532;S
20240516;095947;152.74;2500;10379472533;S
20240516;095947;152.74;50;10379472534;S
20240516;095947;152.74;70;10379472535;S
20240516;095947;152.74;20;10379472536;S
20240516;095947;152.74;50;10379472537;S
20240516;095947;152.74;30;10379472538;S
20240516;095947;152.74;100;10379472539;S
20240516;095947;152.74;10;10379472540;S
20240516;095947;152.74;100;10379472541;S
20240516;095947;152.74;50;10379472542;B
20240516;095947;152.74;150;10379472543;S
20240516;095947;152.74;20;10379472544;S
20240516;095947;152.74;10;10379472545;S
20240516;095947;152.74;10;10379472546;S
20240516;095947;152.74;50;10379472547;S
20240516;095947;152.74;10;10379472548;S
20240516;095947;152.74;20;10379472549;S
20240516;095947;152.74;10;10379472550;S
20240516;095947;152.74;10;10379472551;S
20240516;095947;152.74;490;10379472552;S
20240516;095947;152.74;10;10379472553;B
20240516;095947;152.74;10;10379472554;B
20240516;095947;152.74;90;10379472555;B
20240516;095947;152.74;10;10379472556;B
20240516;095947;152.74;1000;10379472557;S
20240516;095947;152.74;100;10379472558;B
20240516;095947;152.74;150;10379472559;B
20240516;095947;152.74;1000;10379472560;B
20240516;095947;152.74;80;10379472561;B
20240516;095947;152.74;210;10379472562;B
20240516;095947;152.74;10;10379472563;S
20240516;095947;152.74;1000;10379472564;B
20240516;100000;152.78;20;10379477087;S
20240516;100001;152.78;50;10379477741;B
20240516;100001;152.8;10;10379478031;B
20240516;100001;152.8;650;10379478639;B
20240516;100002;152.8;200;10379478886;B
20240516;100003;152.78;20;10379480174;B
20240516;100003;152.78;30;10379480316;B
20240516;100004;152.8;20;10379482270;B
20240516;100005;152.8;10;10379482824;B
20240516;100005;152.8;10;10379483155;B
20240516;100005;152.8;10;10379483156;B
20240516;100005;152.8;130;10379483412;B
20240516;100005;152.8;10;10379483413;B
20240516;100005;152.8;10;10379483801;B
20240516;100005;152.8;20;10379483903;B
20240516;100006;152.78;10;10379484740;S
20240516;100006;152.8;10;10379484928;B
20240516;100006;152.8;10;10379484935;B
20240516;100006;152.8;10;10379484939;B
20240516;100006;152.8;10;10379484942;B
20240516;100006;152.8;10;10379485267;B
20240516;100006;152.78;10;10379485271;S
20240516;100006;152.8;980;10379485943;B
20240516;100006;152.8;10;10379485946;B
20240516;100006;152.8;100;10379485949;B
20240516;100006;152.8;10;10379485950;B
20240516;100007;152.8;10;10379486268;B
20240516;100007;152.8;20;10379486272;B
20240516;100007;152.78;300;10379486954;S
20240516;100007;152.8;10;10379486960;B
20240516;100007;152.8;70;10379486961;B
20240516;100007;152.8;300;10379487857;B
20240516;100008;152.8;160;10379488085;B
20240516;100010;152.8;70;10379488992;B
20240516;100010;152.8;110;10379488993;B
20240516;100010;152.8;50;10379488994;B
20240516;100010;152.8;330;10379488998;B
20240516;100010;152.8;70;10379489068;B
20240516;100010;152.8;80;10379489072;B
20240516;100010;152.8;40;10379489074;B
20240516;100010;152.8;80;10379489077;B
20240516;100010;152.8;10;10379489094;B
20240516;100010;152.8;50;10379489095;B
20240516;100010;152.8;190;10379489101;B
20240516;100010;152.8;70;10379489126;B
20240516;100010;152.78;10;10379489198;S
20240516;100010;152.8;90;10379489202;B
20240516;100010;152.8;40;10379489209;B
20240516;100010;152.8;130;10379489212;B
20240516;100010;152.8;460;10379489227;B
20240516;100010;152.8;10;10379489628;B
20240516;100015;152.8;10;10379491175;B
20240516;100015;152.8;170;10379491177;B
20240516;100015;152.8;280;10379491179;B
20240516;100015;152.8;550;10379491180;B
20240516;100015;152.8;80;10379491183;B
20240516;100015;152.8;200;10379491184;B
20240516;100015;152.8;70;10379491185;B
20240516;100015;152.8;70;10379491186;B
20240516;100015;152.8;120;10379491192;B
20240516;100015;152.8;110;10379491193;B
20240516;100015;152.8;90;10379491194;B
20240516;100015;152.8;60;10379491195;B
20240516;100015;152.8;170;10379491222;B
20240516;100018;152.8;250;10379492525;B
20240516;100018;152.8;10;10379492585;B
20240516;100018;152.8;200;10379492695;B
20240516;100018;152.8;110;10379492696;B
20240516;100018;152.8;60;10379492698;B
20240516;100018;152.8;10;10379492699;B
20240516;100018;152.8;120;10379492700;B
20240516;100018;152.8;230;10379492701;B
20240516;100018;152.8;80;10379492702;B
20240516;100018;152.8;190;10379492703;B
20240516;100018;152.8;50;10379492704;B
20240516;100018;152.8;170;10379492705;B
20240516;100018;152.8;70;10379492706;B
20240516;100018;152.8;30;10379492707;B
20240516;100018;152.8;110;10379492709;B
20240516;100018;152.8;50;10379492710;B
20240516;100018;152.8;120;10379492711;B
20240516;100018;152.8;20;10379492712;B
20240516;100020;152.8;40;10379493247;B
20240516;100020;152.8;50;10379493476;B
20240516;100020;152.8;30;10379493478;B
20240516;100020;152.8;90;10379493479;B
20240516;100020;152.8;30;10379493480;B
20240516;100020;152.8;100;10379493481;B
20240516;100020;152.8;390;10379493482;B
20240516;100020;152.8;40;10379493483;B
20240516;100020;152.8;90;10379493484;B
20240516;100020;152.8;70;10379493485;B
20240516;100020;152.8;100;10379493486;B
20240516;100020;152.8;70;10379493487;B
20240516;100023;152.8;200;10379494277;B
20240516;100025;152.8;10000;10379494527;B
20240516;100025;152.8;2000;10379494782;B
20240516;100026;152.8;290;10379495196;B
20240516;100026;152.8;120;10379495197;B
20240516;100027;152.8;30;10379495363;B
20240516;100027;152.8;200;10379495478;B
20240516;100028;152.8;2230;10379495531;B
20240516;100029;152.8;10;10379495691;B
20240516;100029;152.78;10;10379495791;S
20240516;100031;152.78;2910;10379496185;S
20240516;100031;152.78;410;10379496186;S
20240516;100031;152.78;10;10379496320;B
20240516;100032;152.76;30;10379496373;S
20240516;100032;152.78;500;10379496485;B
20240516;100033;152.76;30;10379496544;S
20240516;100033;152.76;30;10379496574;S
20240516;100034;152.76;30;10379496701;S
20240516;100035;152.76;30;10379498941;S
20240516;100035;152.76;30;10379499054;S
20240516;100035;152.76;30;10379499119;S
20240516;100038;152.78;50;10379499612;B
20240516;100039;152.8;90;10379499870;B
20240516;100039;152.8;170;10379499873;B
20240516;100040;152.8;20;10379499946;B
20240516;100041;152.8;10;10379500355;B
20240516;100044;152.8;2000;10379500917;B
20240516;100046;152.8;100;10379501777;B
20240516;100048;152.8;150;10379502444;B
20240516;100049;152.8;10;10379502963;B
20240516;100057;152.8;1000;10379504910;B
20240516;100100;152.8;10;10379505626;B
20240516;100103;152.8;970;10379506612;B
20240516;100105;152.8;10;10379507000;B
20240516;100108;152.8;80;10379507616;B
20240516;100112;152.8;50;10379508304;B
20240516;100117;152.8;20;10379509851;B
20240516;100119;152.8;10;10379510352;B
20240516;100120;152.78;100;10379510531;S
20240516;100124;152.8;40;10379511480;B
20240516;100125;152.78;110;10379511801;S
20240516;100125;152.78;210;10379511802;S
20240516;100126;152.8;10;10379512105;B
20240516;100129;152.8;560;10379512695;B
20240516;100133;152.8;10;10379513583;B
20240516;100133;152.8;50;10379513612;B
20240516;100135;152.8;200;10379513902;B
20240516;100135;152.8;640;10379513937;B
20240516;100137;152.8;100;10379514252;B
20240516;100150;152.8;20;10379516641;B
20240516;100151;152.8;60;10379516789;B
20240516;100151;152.8;40;10379516817;B
20240516;100152;152.8;200;10379516860;B
20240516;100152;152.8;10;10379516882;B
20240516;100152;152.78;70;10379516965;S
20240516;100156;152.8;1500;10379517620;B
20240516;100156;152.8;7150;10379517780;B
20240516;100156;152.8;500;10379517781;B
20240516;100156;152.8;30;10379517782;B
20240516;100156;152.8;10;10379517783;B
20240516;100156;152.8;1400;10379517784;B
20240516;100158;152.82;200;10379518026;B
20240516;100158;152.82;80;10379518027;B
20240516;100158;152.82;370;10379518028;B
20240516;100158;152.82;10;10379518084;B
20240516;100159;152.82;1620;10379518115;B
20240516;100159;152.82;500;10379518116;B
20240516;100159;152.82;160;10379518117;B
20240516;100205;152.84;1000;10379519538;B
20240516;100205;152.84;810;10379519539;B
20240516;100205;152.84;1190;10379519614;B
20240516;100205;152.84;4000;10379519615;B
20240516;100205;152.84;1350;10379519616;B
20240516;100208;152.84;10;10379520278;B
20240516;100209;152.82;40;10379520404;S
20240516;100209;152.82;50;10379520405;S
20240516;100209;152.82;310;10379520406;S
20240516;100211;152.84;10;10379520943;B
20240516;100216;152.84;10;10379521781;B
20240516;100217;152.84;250;10379521960;B
20240516;100219;152.84;100;10379522294;B
20240516;100219;152.84;10;10379522325;B
20240516;100224;152.84;10;10379523263;B
20240516;100226;152.84;10;10379523454;B
20240516;100227;152.82;50;10379523601;S
20240516;100229;152.82;410;10379524883;S
20240516;100231;152.84;240;10379525542;B
20240516;100231;152.84;50;10379525543;B
20240516;100231;152.84;500;10379525544;B
20240516;100231;152.84;100;10379525545;B
20240516;100231;152.84;110;10379525546;B
20240516;100234;152.84;500;10379526023;S
20240516;100234;152.84;10;10379526057;S
20240516;100237;152.86;10;10379526489;B
20240516;100239;152.86;190;10379526943;B
20240516;100239;152.86;180;10379526944;B
20240516;100240;152.86;1820;10379526981;B
20240516;100240;152.86;280;10379526982;B
20240516;100240;152.86;1000;10379527085;B
20240516;100240;152.86;200;10379527101;B
20240516;100241;152.86;200;10379527217;B
20240516;100242;152.86;10;10379527374;B
20240516;100242;152.86;40;10379527617;B
20240516;100245;152.86;20;10379528153;B
20240516;100248;152.86;1250;10379528692;B
20240516;100248;152.86;10;10379528693;B
20240516;100248;152.86;120;10379528694;B
20240516;100248;152.86;20;10379528695;B
20240516;100248;152.86;500;10379528696;B
20240516;100248;152.86;70;10379528697;B
20240516;100248;152.88;200;10379528757;B
20240516;100249;152.88;630;10379528880;B
20240516;100252;152.88;20;10379529279;B
20240516;100256;152.88;1000;10379529873;B
20240516;100256;152.88;100;10379529938;B
20240516;100257;152.86;70;10379529977;S
20240516;100259;152.88;50;10379530312;B
20240516;100259;152.88;20;10379530313;B
20240516;100259;152.88;10;10379530314;B
20240516;100259;152.88;1000;10379530315;B
20240516;100259;152.88;1000;10379530316;B
20240516;100259;152.88;500;10379530317;B
20240516;100259;152.9;50;10379530318;B
20240516;100259;152.9;2370;10379530319;B
20240516;100259;152.88;100;10379530327;S
20240516;100259;152.88;800;10379530329;S
20240516;100259;152.9;200;10379530335;B
20240516;100259;152.9;650;10379530397;B
20240516;100259;152.88;50;10379530401;S
20240516;100259;152.9;1780;10379530409;B
20240516;100259;152.9;1000;10379530410;B
20240516;100259;152.9;10;10379530411;B
20240516;100259;152.9;10;10379530412;B
20240516;100259;152.9;10;10379530413;B
20240516;100259;152.9;4000;10379530414;B
20240516;100259;152.9;10;10379530415;B
20240516;100259;152.9;10;10379530416;B
20240516;100259;152.9;410;10379530417;B
20240516;100259;152.9;50;10379530418;B
20240516;100259;152.9;50;10379530419;B
20240516;100259;152.9;390;10379530420;B
20240516;100259;152.92;2000;10379530421;B
20240516;100259;152.92;270;10379530422;B
20240516;100259;152.92;230;10379530433;B
20240516;100259;152.94;560;10379530434;B
20240516;100259;152.9;50;10379530443;S
20240516;100300;152.94;90;10379530503;B
20240516;100300;152.94;90;10379530607;B
20240516;100300;152.94;1000;10379530616;B
20240516;100300;152.94;260;10379530659;B
20240516;100300;152.94;660;10379530660;B
20240516;100300;152.94;410;10379530661;B
20240516;100301;152.96;20;10379530673;B
20240516;100301;152.94;10;10379530676;S
20240516;100301;152.96;980;10379530928;B
20240516;100301;152.96;100;10379530929;B
20240516;100301;152.96;2000;10379530930;B
20240516;100301;152.96;110;10379530931;B
20240516;100301;152.96;50;10379530932;B
20240516;100301;152.96;200;10379530933;B
20240516;100301;152.96;530;10379530934;B
20240516;100301;152.96;410;10379530935;B
20240516;100301;152.96;50;10379530936;B
20240516;100301;152.98;10;10379530937;B
20240516;100301;152.98;200;10379530938;B
20240516;100301;152.98;360;10379530939;B
20240516;100301;152.98;640;10379530953;B
20240516;100301;152.98;10;10379530954;B
20240516;100301;152.98;1870;10379530955;B
20240516;100301;152.98;2000;10379530956;B
20240516;100301;152.98;630;10379530957;B
20240516;100302;152.98;100;10379530991;B
20240516;100302;152.98;90;10379531009;B
20240516;100302;152.98;50;10379531011;B
20240516;100302;152.96;70;10379531015;S
20240516;100302;152.98;250;10379531023;B
20240516;100302;152.98;20;10379531038;B
20240516;100302;152.98;110;10379531154;B
20240516;100302;152.98;750;10379531176;B
20240516;100302;152.98;10;10379531177;B
20240516;100302;152.98;10;10379531178;B
20240516;100302;152.98;110;10379531179;B
20240516;100302;152.98;20;10379531180;B
20240516;100302;152.98;1280;10379531181;B
20240516;100302;152.98;170;10379531182;B
20240516;100302;152.98;5000;10379531206;B
20240516;100302;152.98;4830;10379531240;B
20240516;100302;152.98;10;10379531241;B
20240516;100302;152.98;100;10379531242;B
20240516;100302;152.98;50;10379531243;B
20240516;100302;152.98;10;10379531244;B
20240516;100302;152.98;250;10379531247;B
20240516;100302;152.98;2000;10379531259;B
20240516;100302;152.98;390;10379531297;B
20240516;100302;152.98;100;10379531298;B
20240516;100302;152.98;510;10379531299;B
20240516;100303;152.98;490;10379531376;B
20240516;100303;152.98;530;10379531377;B
20240516;100303;152.98;130;10379531397;B
20240516;100303;152.98;80;10379531398;B
20240516;100303;153;500;10379531399;B
20240516;100303;153;180;10379531400;B
20240516;100303;153;100;10379531401;B
20240516;100303;153;10;10379531402;B
20240516;100303;153;10;10379531403;B
20240516;100303;153;100;10379531404;B
20240516;100303;153;10;10379531405;B
20240516;100303;153;10;10379531406;B
20240516;100303;153;10;10379531407;B
20240516;100303;153;10;10379531408;B
20240516;100303;153;10;10379531409;B
20240516;100303;153;10;10379531410;B
20240516;100303;153;10;10379531411;B
20240516;100303;153;1320;10379531412;B
20240516;100303;153;200;10379531432;B
20240516;100303;152.98;50;10379531441;S
20240516;100303;152.98;10;10379531442;S
20240516;100303;153;3500;10379531443;B
20240516;100303;153;160;10379531465;B
20240516;100303;153;10;10379531490;B
20240516;100303;153;30;10379531491;B
20240516;100303;153;10;10379531514;B
20240516;100303;153;300;10379531519;B
20240516;100303;153;2070;10379531570;B
20240516;100303;153;40;10379531571;B
20240516;100303;153;10;10379531572;B
20240516;100303;153;200;10379531573;B
20240516;100303;153;180;10379531574;B
20240516;100303;153;20;10379531575;B
20240516;100303;153;10;10379531576;B
20240516;100303;153;50;10379531577;B
20240516;100303;153;10;10379531578;B
20240516;100303;153;10;10379531579;B
20240516;100303;153;10;10379531580;B
20240516;100303;153;1500;10379531581;B
20240516;100303;153;10;10379531582;B
20240516;100303;153;10;10379531583;B
20240516;100303;153;10;10379531584;B
20240516;100303;153;20;10379531585;B
20240516;100303;153;20;10379531586;B
20240516;100303;153;30;10379531587;B
20240516;100303;153;100;10379531588;B
20240516;100303;153.02;60;10379531589;B
20240516;100303;153.04;1000;10379531590;B
20240516;100303;153.04;430;10379531591;B
20240516;100303;153.06;100;10379531592;B
20240516;100303;153.06;50;10379531593;B
20240516;100303;153.06;1050;10379531594;B
20240516;100303;153.08;10;10379531596;B
20240516;100303;153.08;500;10379531614;B
20240516;100303;153.08;80;10379531616;B
20240516;100303;153.08;160;10379531617;B
20240516;100303;153.08;1250;10379531618;B
20240516;100303;153.08;10;10379531619;B
20240516;100303;153.08;20;10379531620;B
20240516;100303;153.08;50;10379531621;B
20240516;100303;153.08;800;10379531622;B
20240516;100303;153.1;870;10379531623;B
20240516;100303;153.02;20;10379531628;S
20240516;100304;153.08;50;10379531646;B
20240516;100304;153.1;1150;10379531647;B
20240516;100304;153.02;10;10379531648;S
20240516;100304;153.08;10;10379531658;B
20240516;100304;153.02;10;10379531660;S
20240516;100304;153.08;40;10379531666;B
20240516;100304;153.1;2980;10379531667;B
20240516;100304;153.1;10;10379531668;B
20240516;100304;153.1;1100;10379531669;B
20240516;100304;153.1;10;10379531670;B
20240516;100304;153.1;10;10379531671;B
20240516;100304;153.1;10;10379531672;B
20240516;100304;153.1;650;10379531673;B
20240516;100304;153.1;50;10379531674;B
20240516;100304;153.12;50;10379531675;B
20240516;100304;153.12;140;10379531676;B
20240516;100304;153.14;10;10379531677;B
20240516;100304;153.14;50;10379531678;B
20240516;100304;153.14;410;10379531679;B
20240516;100304;153.14;130;10379531680;B
20240516;100304;153.16;10;10379531700;B
20240516;100304;153.1;10;10379531702;S
20240516;100304;153.16;120;10379531703;B
20240516;100304;153.18;520;10379531704;B
20240516;100304;153.14;30;10379531708;B
20240516;100304;153.14;210;10379531709;B
20240516;100304;153.18;90;10379531710;B
20240516;100304;153.18;10;10379531717;B
20240516;100304;153.1;20;10379531725;S
20240516;100304;153.16;410;10379531757;B
20240516;100304;153.18;1150;10379531758;B
20240516;100304;153.18;10;10379531766;B
20240516;100304;153.18;220;10379531769;B
20240516;100304;153.18;40;10379531770;B
20240516;100304;153.18;650;10379531792;B
20240516;100304;153.18;10;10379531804;B
20240516;100304;153.18;250;10379531810;B
20240516;100304;153.18;20;10379531812;B
20240516;100304;153.18;30;10379531840;B
20240516;100304;153.18;500;10379531841;B
20240516;100304;153.18;20;10379531842;B
20240516;100304;153.18;20;10379531843;B
20240516;100304;153.18;100;10379531844;B
20240516;100304;153.18;10;10379531845;B
20240516;100304;153.2;10;10379531846;B
20240516;100304;153.2;10;10379531847;B
20240516;100304;153.2;10;10379531848;B
20240516;100304;153.2;30;10379531849;B
20240516;100304;153.2;50;10379531850;B
20240516;100304;153.2;10;10379531851;B
20240516;100304;153.2;600;10379531852;B
20240516;100304;153.14;50;10379531854;S
20240516;100304;153.12;180;10379531855;S
20240516;100304;153.12;50;10379531856;S
20240516;100304;153.1;50;10379531857;S
20240516;100304;153.1;370;10379531858;S
20240516;100304;153.2;10;10379531881;B
20240516;100304;153.12;50;10379531892;S
20240516;100304;153.12;170;10379531893;S
20240516;100304;153.12;50;10379531894;B
20240516;100304;153.12;10;10379531898;B
20240516;100304;153.12;40;10379531906;B
20240516;100304;153.12;10;10379531907;B
20240516;100305;153.12;60;10379531913;B
20240516;100305;153.12;10;10379531915;B
20240516;100305;153.12;10;10379531921;B
20240516;100305;153.1;30;10379531931;S
20240516;100305;153.1;10;10379531942;S
20240516;100305;153.12;90;10379531946;B
20240516;100305;153.12;510;10379531947;B
20240516;100305;153.12;10;10379531957;B
20240516;100305;153.12;10;10379532052;B
20240516;100305;153.12;10;10379532061;B
20240516;100306;153.1;10;10379532113;S
20240516;100306;153.12;40;10379532114;B
20240516;100306;153.12;10;10379532148;B
20240516;100306;153.12;70;10379532149;B
20240516;100306;153.12;100;10379532171;B
20240516;100306;153.12;10;10379532172;B
20240516;100306;153.14;170;10379532173;B
20240516;100306;153.14;10;10379532174;B
20240516;100306;153.16;30;10379532175;B
20240516;100306;153.16;10;10379532176;B
20240516;100306;153.18;500;10379532177;B
20240516;100306;153.18;3000;10379532178;B
20240516;100306;153.18;850;10379532179;B
20240516;100306;153.2;30;10379532180;B
20240516;100306;153.2;1830;10379532181;B
20240516;100307;153.18;160;10379532322;B
20240516;100307;153.2;10;10379532423;B
20240516;100307;153.2;20;10379532424;B
20240516;100307;153.22;200;10379532425;B
20240516;100307;153.22;470;10379532426;B
20240516;100308;153.22;30;10379532438;B
20240516;100308;153.22;110;10379532439;B
20240516;100308;153.22;360;10379532440;B
20240516;100308;153.22;280;10379532447;B
20240516;100308;153.22;10;10379532448;B
20240516;100308;153.24;1000;10379532449;B
20240516;100308;153.24;5000;10379532450;B
20240516;100308;153.24;3710;10379532451;B
20240516;100308;153.22;10;10379532464;S
20240516;100308;153.24;1290;10379532473;B
20240516;100308;153.26;500;10379532474;B
20240516;100308;153.26;20;10379532475;B
20240516;100308;153.26;110;10379532476;B
20240516;100308;153.26;10;10379532477;B
20240516;100308;153.28;70;10379532478;B
20240516;100308;153.28;40;10379532520;B
20240516;100308;153.28;10;10379532521;B
20240516;100308;153.28;10;10379532522;B
20240516;100308;153.28;30;10379532523;B
20240516;100308;153.28;10;10379532524;B
20240516;100308;153.28;10;10379532525;B
20240516;100308;153.28;190;10379532526;B
20240516;100308;153.28;310;10379532528;B
20240516;100308;153.28;200;10379532529;B
20240516;100308;153.28;500;10379532530;B
20240516;100308;153.3;10;10379532531;B
20240516;100308;153.3;30;10379532532;B
20240516;100308;153.3;10;10379532533;B
20240516;100308;153.3;100;10379532534;B
20240516;100308;153.3;3000;10379532535;B
20240516;100308;153.3;1000;10379532536;B
20240516;100308;153.3;1400;10379532537;B
20240516;100308;153.32;3440;10379532538;B
20240516;100308;153.28;10;10379532543;B
20240516;100309;153.26;30;10379532610;S
20240516;100309;153.32;100;10379532741;S
20240516;100310;153.32;10;10379532855;S
20240516;100310;153.32;20;10379532856;S
20240516;100310;153.34;40;10379532996;B
20240516;100310;153.34;10;10379533001;B
20240516;100310;153.34;10;10379533002;B
20240516;100310;153.34;10;10379533003;B
20240516;100311;153.34;200;10379533068;B
20240516;100311;153.34;300;10379533082;B
20240516;100311;153.34;410;10379533083;B
20240516;100311;153.36;10;10379533084;B
20240516;100311;153.36;280;10379533085;B
20240516;100311;153.34;20;10379533092;B
20240516;100311;153.34;100;10379533105;B
20240516;100312;153.34;310;10379533134;B
20240516;100313;153.34;10;10379533493;B
20240516;100313;153.34;690;10379533494;B
20240516;100314;153.34;300;10379533617;B
20240516;100316;153.32;20;10379534011;S
20240516;100316;153.3;180;10379534012;S
20240516;100316;153.3;550;10379534013;S
20240516;100316;153.28;50;10379534014;S
20240516;100316;153.26;20;10379534015;S
20240516;100316;153.26;1430;10379534016;S
20240516;100317;153.26;40;10379534195;S
20240516;100317;153.32;50;10379534210;B
20240516;100318;153.26;150;10379534323;S
20240516;100318;153.28;300;10379534329;S
20240516;100320;153.3;10;10379534686;B
20240516;100320;153.3;10;10379534742;S
20240516;100321;153.32;120;10379534948;B
20240516;100321;153.32;1310;10379534949;B
20240516;100321;153.32;1000;10379534950;B
20240516;100321;153.32;50;10379534951;B
20240516;100321;153.34;10;10379534952;B
20240516;100321;153.34;1000;10379534953;B
20240516;100321;153.34;10;10379534954;B
20240516;100321;153.34;50;10379534955;B
20240516;100321;153.34;410;10379534956;B
20240516;100321;153.34;10;10379534957;B
20240516;100321;153.34;2400;10379534958;B
20240516;100321;153.36;10;10379534959;B
20240516;100321;153.36;500;10379534960;B
20240516;100321;153.36;50;10379534961;B
20240516;100322;153.36;10;10379535017;S
20240516;100322;153.38;800;10379535039;B
20240516;100322;153.36;10;10379535059;S
20240516;100322;153.36;3050;10379535164;S
20240516;100322;153.36;100;10379535168;B
20240516;100323;153.34;100;10379535221;S
20240516;100323;153.36;10;10379535357;B
20240516;100324;153.34;50;10379535418;B
20240516;100324;153.34;10;10379535419;B
20240516;100324;153.34;410;10379535420;B
20240516;100324;153.34;20;10379535421;B
20240516;100324;153.32;50;10379535422;S
20240516;100324;153.32;130;10379535446;S
20240516;100324;153.32;70;10379535495;B
20240516;100325;153.32;10;10379535578;B
20240516;100325;153.32;40;10379535605;B
20240516;100325;153.32;750;10379535632;B
20240516;100325;153.32;50;10379535633;B
20240516;100325;153.32;300;10379535634;B
20240516;100325;153.32;1000;10379535635;B
20240516;100325;153.34;900;10379535636;B
20240516;100326;153.32;50;10379535743;B
20240516;100326;153.34;50;10379535744;B
20240516;100326;153.34;50;10379535745;B
20240516;100326;153.34;50;10379535746;B
20240516;100330;153.34;320;10379536545;B
20240516;100331;153.34;70;10379536599;B
20240516;100332;153.32;20;10379536910;S
20240516;100333;153.34;860;10379537113;B
20240516;100333;153.32;180;10379537130;S
20240516;100333;153.32;650;10379537131;S
20240516;100336;153.32;170;10379537652;B
20240516;100336;153.32;10;10379537653;B
20240516;100336;153.32;310;10379537654;B
20240516;100336;153.34;1310;10379537655;B
20240516;100336;153.34;130;10379537656;B
20240516;100336;153.34;1000;10379537657;B
20240516;100336;153.34;1640;10379537658;B
20240516;100336;153.36;430;10379537659;B
20240516;100339;153.3;10;10379537979;S
20240516;100339;153.3;40;10379537980;S
20240516;100340;153.3;10;10379538167;S
20240516;100340;153.34;30;10379538270;B
20240516;100341;153.34;1930;10379538336;B
20240516;100341;153.34;1310;10379538337;B
20240516;100341;153.34;1640;10379538338;B
20240516;100341;153.34;10;10379538339;B
20240516;100341;153.36;3110;10379538340;B
20240516;100342;153.34;20;10379538569;B
20240516;100343;153.3;230;10379538669;S
20240516;100343;153.3;180;10379538670;S
20240516;100343;153.28;590;10379538671;S
20240516;100344;153.3;140;10379538878;S
20240516;100345;153.28;50;10379539028;S
20240516;100346;153.3;30;10379539219;B
20240516;100346;153.3;290;10379539220;B
20240516;100349;153.3;20;10379539763;B
20240516;100349;153.3;80;10379539764;B
20240516;100351;153.28;50;10379540170;S
20240516;100352;153.3;3580;10379540261;B
20240516;100352;153.3;2000;10379540288;S
20240516;100353;153.3;200;10379540543;S
20240516;100354;153.3;100;10379540552;S
20240516;100354;153.3;10;10379540599;S
20240516;100354;153.3;10;10379540695;S
20240516;100355;153.32;180;10379540876;B
20240516;100355;153.32;30;10379540877;B
20240516;100355;153.34;140;10379540878;B
20240516;100356;153.34;10;10379541029;B
20240516;100356;153.34;60;10379541095;B
20240516;100357;153.3;70;10379541221;S
20240516;100359;153.34;1410;10379541594;B
20240516;100359;153.34;1310;10379541595;B
20240516;100359;153.34;500;10379541596;B
20240516;100359;153.34;50;10379541597;B
20240516;100359;153.34;1000;10379541598;B
20240516;100359;153.34;50;10379541599;B
20240516;100359;153.34;10;10379541605;S
20240516;100400;153.36;10000;10379541803;B
20240516;100400;153.34;10;10379541819;S
20240516;100400;153.34;10;10379541846;S
20240516;100400;153.36;19160;10379541853;B
20240516;100400;153.36;1090;10379541854;B
20240516;100400;153.38;1850;10379541855;B
20240516;100400;153.38;20;10379541856;B
20240516;100400;153.38;50;10379541857;B
20240516;100400;153.38;10;10379541858;B
20240516;100400;153.4;2110;10379541860;B
20240516;100400;153.4;2890;10379541883;B
20240516;100400;153.4;1000;10379541884;B
20240516;100400;153.4;50;10379541885;B
20240516;100400;153.4;10;10379541886;B
20240516;100400;153.4;400;10379541887;B
20240516;100400;153.4;100;10379541888;B
20240516;100400;153.4;230;10379541889;B
20240516;100400;153.4;5320;10379541890;B
20240516;100400;153.4;20;10379541891;B
20240516;100400;153.4;20;10379541949;B
20240516;100400;153.4;6750;10379541954;B
20240516;100400;153.4;10;10379541957;B
20240516;100401;153.38;10;10379542087;S
20240516;100401;153.4;90;10379542088;B
20240516;100401;153.38;50;10379542136;S
20240516;100401;153.4;20;10379542137;B
20240516;100401;153.4;30;10379542147;B
20240516;100401;153.4;200;10379542160;B
20240516;100401;153.4;20;10379542161;B
20240516;100401;153.4;20;10379542169;B
20240516;100401;153.4;20;10379542195;B
20240516;100401;153.4;440;10379542210;B
20240516;100401;153.4;30;10379542211;B
20240516;100401;153.4;2010;10379542212;B
20240516;100401;153.4;50;10379542213;B
20240516;100401;153.4;50;10379542214;B
20240516;100401;153.4;10;10379542235;S
20240516;100402;153.4;380;10379542296;S
20240516;100402;153.4;50;10379542297;S
20240516;100402;153.4;70;10379542298;S
20240516;100402;153.4;210;10379542310;S
20240516;100402;153.42;30;10379542333;B
20240516;100402;153.42;170;10379542334;B
20240516;100402;153.42;10;10379542350;B
20240516;100402;153.4;10;10379542355;S
20240516;100402;153.42;20;10379542374;B
20240516;100402;153.42;20;10379542402;B
20240516;100403;153.42;10;10379542406;B
20240516;100403;153.4;120;10379542509;S
20240516;100403;153.4;150;10379542510;S
20240516;100403;153.4;240;10379542511;S
20240516;100403;153.42;120;10379542512;B
20240516;100403;153.42;70;10379542538;B
20240516;100403;153.42;80;10379542582;B
20240516;100404;153.42;10;10379542608;B
20240516;100404;153.42;190;10379542609;B
20240516;100404;153.42;60;10379542610;B
20240516;100404;153.42;20;10379542620;B
20240516;100404;153.42;70;10379542697;B
20240516;100404;153.42;160;10379542761;B
20240516;100404;153.44;10;10379542762;B
20240516;100404;153.46;50;10379542763;B
20240516;100405;153.48;10;10379542938;B
20240516;100405;153.46;10;10379542976;S
20240516;100405;153.48;20;10379543004;B
20240516;100405;153.48;10;10379543071;B
20240516;100405;153.46;1500;10379543086;S
20240516;100405;153.48;10;10379543087;B
20240516;100405;153.48;200;10379543088;B
20240516;100405;153.46;10;10379543102;S
20240516;100406;153.48;500;10379543148;B
20240516;100406;153.48;10;10379543156;B
20240516;100406;153.48;50;10379543163;B
20240516;100406;153.48;10;10379543200;B
20240516;100406;153.46;50;10379543211;S
20240516;100406;153.48;180;10379543214;B
20240516;100406;153.48;20;10379543215;B
20240516;100406;153.48;50;10379543225;B
20240516;100406;153.48;430;10379543228;B
20240516;100406;153.48;50;10379543229;B
20240516;100406;153.48;10;10379543230;B
20240516;100406;153.48;20;10379543231;B
20240516;100406;153.48;140;10379543232;B
20240516;100406;153.46;1350;10379543236;S
20240516;100406;153.48;10;10379543239;B
20240516;100407;153.46;1000;10379543281;S
20240516;100407;153.48;10;10379543286;B
20240516;100407;153.48;50;10379543291;B
20240516;100409;153.48;2790;10379543721;B
20240516;100409;153.48;1310;10379543722;B
20240516;100409;153.48;3280;10379543723;B
20240516;100409;153.48;30;10379543745;S
20240516;100409;153.48;10;10379543746;S
20240516;100410;153.5;10;10379543769;B
20240516;100410;153.5;10;10379543770;B
20240516;100410;153.5;10;10379543771;B
20240516;100410;153.5;50;10379543772;B
20240516;100410;153.5;1920;10379543773;B
20240516;100410;153.5;3080;10379543777;B
20240516;100410;153.5;40;10379543778;B
20240516;100410;153.5;200;10379543779;B
20240516;100410;153.5;20;10379543780;B
20240516;100410;153.5;660;10379543781;B
20240516;100410;153.5;460;10379543782;B
20240516;100410;153.5;10;10379543835;B
20240516;100410;153.48;4600;10379543838;S
20240516;100410;153.48;250;10379543913;S
20240516;100410;153.5;300;10379543915;B
20240516;100413;153.5;50;10379544314;B
20240516;100413;153.5;20;10379544335;B
20240516;100413;153.5;150;10379544336;B
20240516;100413;153.5;30;10379544337;B
20240516;100413;153.5;50;10379544347;B
20240516;100413;153.5;20;10379544478;B
20240516;100413;153.5;20;10379544479;B
20240516;100413;153.5;70;10379544480;B
20240516;100414;153.48;10;10379544669;S
20240516;100414;153.5;930;10379544714;B
20240516;100414;153.5;150;10379544715;B
20240516;100414;153.5;10;10379544716;B
20240516;100414;153.5;10;10379544717;B
20240516;100414;153.5;100;10379544718;B
20240516;100414;153.5;100;10379544719;B
20240516;100414;153.5;100;10379544720;B
20240516;100414;153.52;220;10379544721;B
20240516;100414;153.52;460;10379544722;B
20240516;100414;153.52;30;10379544723;B
20240516;100414;153.52;200;10379544724;B
20240516;100414;153.54;50;10379544744;B
20240516;100414;153.54;60;10379544745;B
20240516;100415;153.5;90;10379544885;S
20240516;100415;153.52;160;10379544889;B
20240516;100415;153.52;110;10379544903;B
20240516;100415;153.52;200;10379544919;B
20240516;100416;153.52;10;10379544992;B
20240516;100416;153.52;110;10379545005;B
20240516;100417;153.5;180;10379545149;S
20240516;100417;153.5;70;10379545150;S
20240516;100417;153.5;250;10379545151;B
20240516;100417;153.5;110;10379545162;B
20240516;100417;153.5;100;10379545201;B
20240516;100417;153.5;10;10379545279;B
20240516;100418;153.5;110;10379545368;B
20240516;100418;153.5;980;10379545400;B
20240516;100418;153.52;120;10379545401;B
20240516;100418;153.52;10;10379545408;B
20240516;100418;153.5;120;10379545440;S
20240516;100419;153.5;110;10379545514;B
20240516;100419;153.48;100;10379545518;S
20240516;100419;153.48;30;10379545519;S
20240516;100419;153.46;170;10379545520;S
20240516;100419;153.46;30;10379545614;S
20240516;100419;153.5;1310;10379545621;B
20240516;100419;153.52;80;10379545622;B
20240516;100419;153.52;50;10379545623;B
20240516;100419;153.52;180;10379545624;B
20240516;100419;153.52;6470;10379545625;B
20240516;100419;153.52;410;10379545626;B
20240516;100419;153.54;10;10379545627;B
20240516;100419;153.54;500;10379545628;B
20240516;100419;153.54;100;10379545629;B
20240516;100419;153.54;20;10379545630;B
20240516;100419;153.54;1970;10379545631;B
20240516;100419;153.54;670;10379545632;B
20240516;100419;153.56;1000;10379545633;B
20240516;100419;153.56;20;10379545634;B
20240516;100419;153.56;2860;10379545635;B
20240516;100419;153.48;10;10379545641;S
20240516;100420;153.54;110;10379545685;B
20240516;100420;153.5;10;10379545762;B
20240516;100420;153.5;180;10379545816;S
20240516;100421;153.5;110;10379545948;B
20240516;100422;153.5;2500;10379546207;B
20240516;100422;153.5;110;10379546225;B
20240516;100422;153.5;10;10379546257;B
20240516;100423;153.5;8010;10379546349;B
20240516;100423;153.52;180;10379546350;B
20240516;100423;153.52;10;10379546351;B
20240516;100423;153.52;50;10379546360;S
20240516;100423;153.56;1230;10379546362;B
20240516;100423;153.56;10;10379546365;B
20240516;100423;153.56;10;10379546416;B
20240516;100423;153.56;20;10379546458;B
20240516;100423;153.56;20;10379546467;B
20240516;100423;153.56;20;10379546487;B
20240516;100423;153.54;20;10379546503;S
20240516;100423;153.56;20;10379546504;B
20240516;100423;153.56;30;10379546528;B
20240516;100424;153.56;10;10379546560;B
20240516;100424;153.54;30;10379546583;S
20240516;100424;153.54;20;10379546584;S
20240516;100424;153.56;30;10379546585;B
20240516;100424;153.56;10;10379546589;B
20240516;100424;153.56;10;10379546590;B
20240516;100424;153.56;10;10379546593;B
20240516;100424;153.54;50;10379546609;S
20240516;100424;153.54;50;10379546610;S
20240516;100424;153.58;640;10379546653;B
20240516;100424;153.56;10;10379546669;B
20240516;100425;153.56;100;10379546775;B
20240516;100426;153.58;360;10379546915;B
20240516;100426;153.58;500;10379546916;B
20240516;100426;153.58;30;10379546917;B
20240516;100426;153.58;10;10379546918;B
20240516;100426;153.58;100;10379546919;B
20240516;100426;153.54;50;10379547058;S
20240516;100426;153.54;410;10379547059;S
20240516;100426;153.54;460;10379547062;B
20240516;100427;153.54;10;10379547079;B
20240516;100427;153.54;10;10379547090;B
20240516;100427;153.54;10;10379547108;B
20240516;100427;153.54;40;10379547121;B
20240516;100427;153.54;10;10379547125;B
20240516;100427;153.56;10;10379547126;B
20240516;100427;153.52;10;10379547133;S
20240516;100427;153.54;10;10379547165;B
20240516;100428;153.54;10;10379547203;B
20240516;100428;153.56;10;10379547204;B
20240516;100428;153.58;50;10379547205;B
20240516;100428;153.58;1000;10379547206;B
20240516;100428;153.58;3620;10379547207;B
20240516;100428;153.6;10;10379547208;B
20240516;100428;153.6;10;10379547209;B
20240516;100428;153.6;500;10379547210;B
20240516;100428;153.6;1000;10379547211;B
20240516;100428;153.6;270;10379547212;B
20240516;100428;153.6;10;10379547213;B
20240516;100428;153.6;20;10379547214;B
20240516;100428;153.6;360;10379547215;B
20240516;100428;153.6;70;10379547216;B
20240516;100428;153.62;10;10379547284;B
20240516;100429;153.62;390;10379547416;B
20240516;100429;153.62;10;10379547417;B
20240516;100429;153.62;10;10379547418;B
20240516;100429;153.62;10;10379547419;B
20240516;100429;153.62;10;10379547420;B
20240516;100429;153.64;30;10379547421;B
20240516;100429;153.64;190;10379547422;B
20240516;100429;153.66;20;10379547423;B
20240516;100429;153.66;10;10379547424;B
20240516;100429;153.66;1000;10379547425;B
20240516;100429;153.66;1310;10379547426;B
20240516;100429;153.66;440;10379547427;B
20240516;100429;153.66;410;10379547497;S
20240516;100429;153.68;10;10379547546;B
20240516;100429;153.68;40;10379547547;B
20240516;100430;153.68;20;10379547568;B
20240516;100430;153.66;30;10379547569;S
20240516;100430;153.68;160;10379547597;B
20240516;100430;153.68;100;10379547633;B
20240516;100430;153.68;3680;10379547694;B
20240516;100430;153.68;30;10379547695;B
20240516;100430;153.68;10;10379547696;B
20240516;100430;153.68;1280;10379547697;B
20240516;100430;153.68;10;10379547698;B
20240516;100430;153.68;10;10379547699;B
20240516;100430;153.68;10;10379547700;B
20240516;100430;153.68;10;10379547701;B
20240516;100431;153.7;10;10379547733;B
20240516;100431;153.7;10;10379547734;B
20240516;100431;153.7;980;10379547735;B
20240516;100431;153.66;50;10379547763;S
20240516;100431;153.7;20;10379547826;B
20240516;100431;153.7;260;10379547827;B
20240516;100431;153.7;10;10379547828;B
20240516;100431;153.7;40;10379547829;B
20240516;100431;153.7;100;10379547830;B
20240516;100431;153.7;20;10379547831;B
20240516;100431;153.72;1000;10379547832;B
20240516;100431;153.72;10;10379547833;B
20240516;100431;153.72;100;10379547834;B
20240516;100431;153.72;510;10379547835;B
20240516;100432;153.7;1000;10379547888;B
20240516;100432;153.72;490;10379547889;B
20240516;100432;153.72;610;10379547890;B
20240516;100432;153.72;700;10379547906;B
20240516;100432;153.74;300;10379547907;B
20240516;100432;153.7;30;10379547988;S
20240516;100432;153.7;150;10379548002;S
20240516;100432;153.68;50;10379548003;S
20240516;100432;153.68;20;10379548004;S
20240516;100432;153.68;410;10379548005;S
20240516;100432;153.68;170;10379548006;S
20240516;100433;153.7;1000;10379548125;B
20240516;100435;153.68;810;10379548510;S
20240516;100435;153.68;190;10379548511;S
20240516;100435;153.7;10;10379548512;B
20240516;100435;153.7;50;10379548513;B
20240516;100435;153.72;90;10379548514;B
20240516;100435;153.7;50;10379548570;B
20240516;100435;153.72;110;10379548571;B
20240516;100435;153.72;140;10379548572;B
20240516;100436;153.7;50;10379548663;B
20240516;100436;153.72;1090;10379548664;B
20240516;100436;153.72;30;10379548665;B
20240516;100436;153.72;1000;10379548666;B
20240516;100436;153.72;50;10379548667;B
20240516;100436;153.72;1620;10379548668;B
20240516;100436;153.68;10;10379548818;S
20240516;100436;153.66;40;10379548819;S
20240516;100436;153.66;500;10379548822;S
20240516;100437;153.68;10;10379548944;B
20240516;100438;153.66;540;10379549045;S
20240516;100438;153.66;180;10379549046;S
20240516;100438;153.66;10;10379549090;B
20240516;100438;153.66;270;10379549099;B
20240516;100438;153.66;50;10379549100;B
20240516;100438;153.66;1640;10379549101;B
20240516;100438;153.68;4490;10379549102;B
20240516;100438;153.68;50;10379549103;B
20240516;100438;153.68;10;10379549104;B
20240516;100438;153.7;500;10379549105;B
20240516;100438;153.7;50;10379549106;B
20240516;100438;153.7;920;10379549107;B
20240516;100438;153.7;410;10379549108;B
20240516;100438;153.7;40;10379549109;B
20240516;100438;153.72;50;10379549110;B
20240516;100438;153.72;150;10379549111;B
20240516;100438;153.74;700;10379549112;B
20240516;100438;153.74;10;10379549113;B
20240516;100438;153.74;200;10379549114;B
20240516;100438;153.74;3360;10379549115;B
20240516;100439;153.72;20;10379549271;B
20240516;100441;153.7;240;10379549679;B
20240516;100443;153.68;250;10379550054;B
20240516;100443;153.68;60;10379550055;B
20240516;100443;153.7;260;10379550056;B
20240516;100443;153.72;160;10379550057;B
20240516;100443;153.72;1270;10379550058;B
20240516;100443;153.66;180;10379550065;S
20240516;100443;153.64;50;10379550066;S
20240516;100443;153.64;410;10379550067;S
20240516;100443;153.62;50;10379550068;S
20240516;100443;153.62;10;10379550069;S
20240516;100443;153.6;3060;10379550070;S
20240516;100443;153.6;50;10379550071;S
20240516;100443;153.6;1000;10379550072;S
20240516;100443;153.58;50;10379550073;S
20240516;100443;153.58;140;10379550074;S
20240516;100443;153.7;100;10379550205;B
20240516;100444;153.7;50;10379550248;B
20240516;100444;153.6;50;10379550299;S
20240516;100444;153.6;20;10379550300;S
20240516;100445;153.6;10;10379550414;S
20240516;100446;153.6;10;10379550477;S
20240516;100450;153.64;20;10379551155;B
20240516;100451;153.64;10;10379551299;S
20240516;100451;153.64;30;10379551307;S
20240516;100453;153.6;50;10379551534;S
20240516;100454;153.64;470;10379551762;B
20240516;100454;153.66;30;10379551763;B
20240516;100455;153.62;50;10379551990;S
20240516;100455;153.6;140;10379551991;S
20240516;100455;153.6;50;10379551992;S
20240516;100455;153.6;300;10379551993;S
20240516;100455;153.6;580;10379551994;S
20240516;100458;153.6;10;10379552482;B
20240516;100458;153.58;20;10379552518;S
20240516;100458;153.58;10;10379552553;S
20240516;100500;153.58;20;10379552810;S
20240516;100500;153.6;8870;10379552860;B
20240516;100500;153.6;10;10379552861;B
20240516;100500;153.6;50;10379552862;B
20240516;100500;153.6;50;10379552863;B
20240516;100500;153.6;500;10379552864;B
20240516;100500;153.6;400;10379552865;B
20240516;100500;153.62;50;10379552866;B
20240516;100500;153.64;500;10379552867;B
20240516;100500;153.64;50;10379552868;B
20240516;100500;153.66;150;10379552869;B
20240516;100500;153.66;10;10379552870;B
20240516;100500;153.66;10;10379552871;B
20240516;100500;153.66;50;10379552872;B
20240516;100500;153.66;20;10379552873;B
20240516;100500;153.66;590;10379552874;B
20240516;100500;153.68;50;10379552875;B
20240516;100500;153.68;910;10379552876;B
20240516;100500;153.68;410;10379552877;B
20240516;100500;153.68;10;10379552878;B
20240516;100500;153.68;1000;10379552879;B
20240516;100500;153.68;10;10379552893;S
20240516;100501;153.68;10;10379552957;S
20240516;100501;153.68;500;10379552965;S
20240516;100501;153.68;50;10379552999;S
20240516;100501;153.7;1490;10379553002;B
20240516;100501;153.7;710;10379553003;B
20240516;100501;153.7;30;10379553004;B
20240516;100501;153.7;640;10379553005;B
20240516;100501;153.72;1000;10379553006;B
20240516;100501;153.72;500;10379553007;B
20240516;100501;153.72;1000;10379553008;B
20240516;100501;153.72;50;10379553009;B
20240516;100501;153.72;30;10379553010;B
20240516;100502;153.7;50;10379553075;S
20240516;100502;153.7;150;10379553076;S
20240516;100503;153.7;10;10379553217;S
20240516;100503;153.72;10;10379553224;B
20240516;100503;153.72;140;10379553354;B
20240516;100503;153.72;980;10379553355;B
20240516;100504;153.72;500;10379553435;B
20240516;100505;153.7;40;10379553511;S
20240516;100505;153.7;50;10379553512;S
20240516;100505;153.7;60;10379553513;S
20240516;100505;153.72;10;10379553530;B
20240516;100505;153.72;880;10379553639;B
20240516;100505;153.72;250;10379553640;B
20240516;100505;153.74;50;10379553706;B
20240516;100505;153.72;590;10379553711;S
20240516;100505;153.72;50;10379553712;S
20240516;100505;153.72;1360;10379553713;S
20240516;100505;153.7;50;10379553726;S
20240516;100506;153.72;140;10379554001;B
20240516;100506;153.72;1500;10379554002;B
20240516;100506;153.72;10;10379554008;B
20240516;100506;153.72;1630;10379554009;B
20240516;100506;153.72;10;10379554010;B
20240516;100506;153.72;1350;10379554011;B
20240516;100506;153.74;3130;10379554059;B
20240516;100506;153.74;10;10379554060;B
20240516;100506;153.74;30;10379554061;B
20240516;100506;153.74;10;10379554062;B
20240516;100506;153.74;1400;10379554063;B
20240516;100506;153.76;1000;10379554089;B
20240516;100506;153.76;4000;10379554090;B
20240516;100506;153.76;10;10379554091;B
20240516;100506;153.76;300;10379554092;B
20240516;100506;153.78;250;10379554106;B
20240516;100506;153.78;440;10379554107;B
20240516;100506;153.78;840;10379554108;B
20240516;100506;153.76;10;10379554242;S
20240516;100506;153.76;50;10379554245;B
20240516;100506;153.76;50;10379554246;B
20240516;100506;153.76;50;10379554258;S
20240516;100506;153.78;750;10379554290;B
20240516;100507;153.76;20;10379554497;S
20240516;100508;153.78;500;10379554627;B
20240516;100508;153.78;40;10379554667;B
20240516;100508;153.76;200;10379554732;S
20240516;100508;153.76;300;10379554749;S
20240516;100508;153.76;300;10379554755;S
20240516;100509;153.78;200;10379554800;B
20240516;100509;153.78;1200;10379554841;B
20240516;100510;153.78;30;10379554925;B
20240516;100510;153.76;200;10379554942;S
20240516;100510;153.78;20;10379555035;B
20240516;100511;153.76;500;10379555167;S
20240516;100511;153.78;1000;10379555246;B
20240516;100512;153.78;60;10379555379;B
20240516;100512;153.76;1450;10379555426;S
20240516;100513;153.76;10;10379555462;S
20240516;100513;153.76;10;10379555477;S
20240516;100513;153.76;3810;10379555530;S
20240516;100513;153.76;10000;10379555531;S
20240516;100513;153.76;720;10379555532;S
20240516;100513;153.74;190;10379555533;S
20240516;100513;153.74;1420;10379555534;S
20240516;100513;153.7;390;10379555535;S
20240516;100513;153.7;50;10379555536;S
20240516;100513;153.7;410;10379555537;S
20240516;100513;153.7;10;10379555538;S
20240516;100514;153.76;50;10379555605;B
20240516;100514;153.76;190;10379555606;B
20240516;100514;153.76;410;10379555607;B
20240516;100514;153.78;21570;10379555608;B
20240516;100515;153.76;10;10379555814;B
20240516;100515;153.78;110;10379555815;B
20240516;100515;153.74;1000;10379555895;S
20240516;100515;153.74;810;10379555896;S
20240516;100515;153.72;190;10379555897;S
20240516;100515;153.72;3940;10379555898;S
20240516;100515;153.72;410;10379555899;S
20240516;100515;153.72;650;10379555900;S
20240516;100516;153.76;190;10379555967;B
20240516;100516;153.76;10;10379555968;B
20240516;100518;153.76;90;10379556386;B
20240516;100518;153.76;100;10379556419;B
20240516;100519;153.76;450;10379556519;B
20240516;100519;153.76;10;10379556520;B
20240516;100519;153.76;20;10379556521;B
20240516;100519;153.76;10;10379556522;B
20240516;100519;153.76;100;10379556523;B
20240516;100519;153.78;410;10379556524;B
20240516;100522;153.74;20;10379557106;B
20240516;100522;153.76;10;10379557107;B
20240516;100522;153.76;270;10379557108;B
20240516;100523;153.72;210;10379557245;S
20240516;100523;153.72;50;10379557246;S
20240516;100523;153.72;740;10379557247;S
20240516;100523;153.76;230;10379557288;B
20240516;100523;153.76;200;10379557289;B
20240516;100523;153.76;380;10379557290;B
20240516;100525;153.74;10;10379557509;B
20240516;100525;153.76;1490;10379557510;B
20240516;100526;153.72;20;10379557814;S
20240516;100526;153.7;50;10379557910;S
20240516;100527;153.7;50;10379557944;B
20240516;100527;153.72;50;10379557953;B
20240516;100527;153.76;60;10379557954;B
20240516;100528;153.76;20;10379558160;B
20240516;100529;153.72;10;10379558318;S
20240516;100530;153.76;10;10379558407;B
20240516;100530;153.72;500;10379558422;B
20240516;100531;153.7;50;10379558699;S
20240516;100531;153.7;10;10379558711;S
20240516;100531;153.7;40;10379558712;S
20240516;100532;153.72;10;10379558856;B
20240516;100532;153.68;20;10379558864;S
20240516;100533;153.72;10;10379558923;B
20240516;100533;153.7;10;10379558945;S
20240516;100533;153.68;1990;10379558946;S
20240516;100536;153.72;160;10379559531;B
20240516;100536;153.72;60;10379559651;B
20240516;100536;153.72;620;10379559652;B
20240516;100536;153.72;60;10379559673;B
20240516;100538;153.7;320;10379559997;S
20240516;100540;153.68;1230;10379560217;S
20240516;100540;153.68;6170;10379560218;S
20240516;100540;153.68;2500;10379560219;S
20240516;100540;153.68;100;10379560220;S
20240516;100540;153.68;200;10379560227;S
20240516;100540;153.68;20;10379560228;S
20240516;100540;153.68;30;10379560229;S
20240516;100540;153.7;50;10379560282;B
20240516;100540;153.72;950;10379560283;B
20240516;100541;153.68;10;10379560520;S
20240516;100541;153.68;10;10379560521;S
20240516;100542;153.7;10;10379560652;B
20240516;100542;153.72;440;10379560653;B
20240516;100542;153.7;190;10379560722;S
20240516;100543;153.7;500;10379560938;S
20240516;100543;153.68;1440;10379560939;S
20240516;100543;153.7;10;10379560958;B
20240516;100543;153.72;90;10379560959;B
20240516;100544;153.7;100;10379561151;S
20240516;100545;153.72;2600;10379561197;B
20240516;100545;153.72;30;10379561253;B
20240516;100545;153.7;100;10379561269;S
20240516;100545;153.7;100;10379561270;B
20240516;100546;153.7;1400;10379561407;S
20240516;100546;153.7;800;10379561408;S
20240516;100548;153.7;50;10379561717;B
20240516;100548;153.7;350;10379561741;B
20240516;100548;153.7;10;10379561747;B
20240516;100548;153.7;100;10379561756;B
20240516;100550;153.68;850;10379562197;S
20240516;100550;153.7;1000;10379562285;B
20240516;100551;153.68;100;10379562356;S
20240516;100552;153.68;500;10379562777;S
20240516;100553;153.68;1000;10379563159;S
20240516;100554;153.68;10;10379563302;S
20240516;100555;153.68;500;10379563438;S
20240516;100556;153.68;580;10379563542;S
20240516;100556;153.68;20;10379563553;S
20240516;100556;153.7;10;10379563593;B
20240516;100557;153.68;10;10379563756;S
20240516;100558;153.68;30;10379564014;S
20240516;100559;153.68;190;10379564069;S
20240516;100559;153.68;10;10379564070;S
20240516;100559;153.7;710;10379564086;B
20240516;100559;153.7;290;10379564087;B
20240516;100600;153.7;30;10379564346;B
20240516;100600;153.7;20;10379564347;B
20240516;100600;153.68;10;10379564378;S
20240516;100600;153.7;30;10379564379;B
20240516;100600;153.7;100;10379564380;B
20240516;100600;153.7;30;10379564381;B
20240516;100600;153.7;100;10379564382;B
20240516;100600;153.72;5210;10379564383;B
20240516;100600;153.72;1500;10379564384;B
20240516;100600;153.72;2400;10379564385;B
20240516;100600;153.72;200;10379564386;B
20240516;100600;153.72;100;10379564387;B
20240516;100600;153.72;30;10379564388;B
20240516;100600;153.72;500;10379564389;B
20240516;100600;153.72;670;10379564390;B
20240516;100600;153.72;10;10379564391;B
20240516;100600;153.72;3000;10379564392;B
20240516;100600;153.72;2210;10379564393;B
20240516;100600;153.74;100;10379564394;B
20240516;100600;153.74;410;10379564395;B
20240516;100600;153.74;10;10379564396;B
20240516;100600;153.74;10;10379564397;B
20240516;100600;153.74;10;10379564398;B
20240516;100600;153.74;80;10379564399;B
20240516;100600;153.76;50;10379564435;B
20240516;100600;153.76;50;10379564436;B
20240516;100600;153.76;50;10379564437;B
20240516;100600;153.76;10;10379564438;B
20240516;100600;153.76;10;10379564439;B
20240516;100600;153.76;1980;10379564440;B
20240516;100600;153.78;3750;10379564441;B
20240516;100601;153.72;780;10379564603;S
20240516;100601;153.72;410;10379564604;S
20240516;100603;153.7;10;10379564887;S
20240516;100605;153.7;100;10379565531;S
20240516;100607;153.7;200;10379565851;S
20240516;100610;153.7;20;10379566502;B
20240516;100611;153.7;10;10379566738;B
20240516;100612;153.7;10;10379566794;B
20240516;100613;153.68;10;10379566962;S
20240516;100613;153.68;190;10379566963;S
20240516;100617;153.66;200;10379567499;S
20240516;100617;153.66;1000;10379567523;S
20240516;100618;153.66;90;10379567556;S
20240516;100620;153.68;10;10379567831;B
20240516;100620;153.68;210;10379567832;B
20240516;100620;153.68;60;10379567833;B
20240516;100620;153.68;20;10379567834;B
20240516;100621;153.68;10;10379568010;B
20240516;100621;153.66;4000;10379568034;S
20240516;100621;153.68;10;10379568067;B
20240516;100622;153.68;10;10379568147;B
20240516;100622;153.68;20;10379568240;B
20240516;100624;153.68;10;10379568405;B
20240516;100625;153.68;20;10379568750;B
20240516;100625;153.7;180;10379568751;B
20240516;100628;153.66;1590;10379569213;S
20240516;100628;153.68;10;10379569339;B
20240516;100629;153.66;50;10379569367;S
20240516;100629;153.66;420;10379569393;S
20240516;100629;153.68;500;10379569426;B
20240516;100629;153.68;150;10379569443;B
20240516;100629;153.7;2280;10379569444;B
20240516;100629;153.7;3060;10379569445;B
20240516;100629;153.7;500;10379569446;B
20240516;100629;153.7;100;10379569447;B
20240516;100629;153.7;1120;10379569448;B
20240516;100629;153.7;100;10379569449;B
20240516;100629;153.7;1790;10379569450;B
20240516;100629;153.7;50;10379569451;B
20240516;100629;153.7;200;10379569452;B
20240516;100629;153.7;410;10379569453;B
20240516;100631;153.7;880;10379569756;B
20240516;100631;153.7;880;10379569757;B
20240516;100631;153.7;880;10379569758;B
20240516;100631;153.7;880;10379569759;B
20240516;100631;153.7;880;10379569760;B
20240516;100631;153.7;550;10379569761;B
20240516;100631;153.7;1000;10379569762;B
20240516;100631;153.7;120;10379569763;B
20240516;100631;153.7;120;10379569764;B
20240516;100631;153.7;240;10379569765;B
20240516;100631;153.7;360;10379569766;B
20240516;100631;153.7;360;10379569767;B
20240516;100631;153.7;10;10379569768;B
20240516;100633;153.7;10;10379570068;B
20240516;100633;153.7;10;10379570069;B
20240516;100633;153.7;10;10379570102;B
20240516;100635;153.7;10;10379570430;B
20240516;100636;153.7;100;10379570806;B
20240516;100639;153.68;50;10379571424;S
20240516;100640;153.7;120;10379571660;B
20240516;100640;153.68;50;10379571699;S
20240516;100640;153.68;30;10379571700;S
20240516;100641;153.7;10;10379571898;B
20240516;100643;153.68;380;10379572138;S
20240516;100643;153.68;20;10379572139;S
20240516;100643;153.68;10;10379572140;S
20240516;100643;153.68;50;10379572141;S
20240516;100643;153.68;760;10379572142;S
20240516;100643;153.68;10;10379572143;B
20240516;100644;153.68;30;10379572351;B
20240516;100644;153.66;30;10379572404;S
20240516;100646;153.68;10;10379572754;B
20240516;100646;153.66;10;10379572806;S
20240516;100646;153.66;40;10379572807;S
20240516;100647;153.66;760;10379572910;S
20240516;100647;153.66;4240;10379572911;S
20240516;100648;153.64;860;10379572988;S
20240516;100649;153.64;10;10379573082;S
20240516;100649;153.66;10;10379573095;B
20240516;100650;153.64;130;10379573336;S
20240516;100650;153.64;210;10379573337;S
20240516;100650;153.64;160;10379573338;S
20240516;100653;153.66;10;10379573617;B
20240516;100653;153.66;10;10379573618;B
20240516;100653;153.64;10;10379573757;S
20240516;100654;153.64;40;10379573758;S
20240516;100654;153.64;30;10379573759;S
20240516;100654;153.62;10;10379573824;S
20240516;100655;153.62;10;10379573907;S
20240516;100657;153.62;2890;10379574113;S
20240516;100657;153.62;50;10379574114;S
20240516;100657;153.62;2000;10379574115;S
20240516;100657;153.62;50;10379574116;S
20240516;100657;153.62;760;10379574117;S
20240516;100657;153.6;50;10379574118;S
20240516;100657;153.6;470;10379574119;S
20240516;100657;153.6;10;10379574120;S
20240516;100657;153.6;20;10379574121;S
20240516;100657;153.6;100;10379574122;S
20240516;100657;153.6;410;10379574123;S
20240516;100657;153.58;70;10379574124;S
20240516;100657;153.58;1000;10379574125;S
20240516;100657;153.58;50;10379574126;S
20240516;100657;153.58;300;10379574127;S
20240516;100657;153.58;700;10379574128;S
20240516;100657;153.58;10;10379574129;S
20240516;100657;153.58;4160;10379574130;S
20240516;100658;153.56;10;10379574364;S
20240516;100658;153.56;410;10379574365;S
20240516;100658;153.56;50;10379574366;S
20240516;100658;153.54;50;10379574367;S
20240516;100658;153.54;80;10379574368;S
20240516;100658;153.56;50;10379574381;S
20240516;100658;153.54;50;10379574382;S
20240516;100659;153.56;10;10379574631;S
20240516;100700;153.56;10;10379574719;S
20240516;100701;153.58;80;10379574947;S
20240516;100701;153.62;20;10379574975;B
20240516;100701;153.6;10;10379574981;S
20240516;100702;153.6;10;10379575077;S
20240516;100702;153.62;10;10379575098;B
20240516;100702;153.6;30;10379575285;S
20240516;100703;153.6;50;10379575393;S
20240516;100703;153.58;50;10379575394;S
20240516;100703;153.58;400;10379575395;S
20240516;100703;153.58;10;10379575404;S
20240516;100704;153.58;10;10379575562;S
20240516;100705;153.58;10;10379575644;S
20240516;100705;153.58;10;10379575731;S
20240516;100706;153.58;10;10379575800;S
20240516;100706;153.58;30;10379575839;S
20240516;100707;153.58;10;10379575986;S
20240516;100708;153.58;10;10379576143;S
20240516;100708;153.58;10;10379576214;S
20240516;100708;153.6;20;10379576263;B
20240516;100709;153.58;10;10379576294;S
20240516;100709;153.6;10;10379576311;B
20240516;100709;153.58;10;10379576358;S
20240516;100710;153.58;10;10379576507;S
20240516;100711;153.58;350;10379576778;S
20240516;100712;153.58;40;10379576840;S
20240516;100712;153.56;10;10379576861;S
20240516;100712;153.6;20;10379576863;B
20240516;100712;153.6;50;10379576864;B
20240516;100712;153.6;50;10379576865;B
20240516;100712;153.6;50;10379576866;B
20240516;100712;153.6;10;10379576867;B
20240516;100712;153.62;180;10379576868;B
20240516;100712;153.62;100;10379576869;B
20240516;100712;153.62;10;10379576870;B
20240516;100712;153.62;140;10379576871;B
20240516;100713;153.58;10;10379577011;S
20240516;100714;153.6;50;10379577366;B
20240516;100714;153.62;80;10379577367;B
20240516;100714;153.62;720;10379577368;B
20240516;100715;153.62;10;10379577425;S
20240516;100715;153.64;10;10379577514;B
20240516;100715;153.64;190;10379577609;B
20240516;100715;153.64;2500;10379577610;B
20240516;100715;153.66;10;10379577611;B
20240516;100715;153.66;10;10379577612;B
20240516;100715;153.66;290;10379577613;B
20240516;100715;153.66;100;10379577616;B
20240516;100716;153.62;10;10379577705;S
20240516;100718;153.66;180;10379578058;B
20240516;100719;153.62;200;10379578235;S
20240516;100719;153.62;10;10379578306;S
20240516;100720;153.66;130;10379578466;B
20240516;100721;153.62;2180;10379578581;S
20240516;100721;153.62;150;10379578601;B
20240516;100722;153.6;10;10379578752;S
20240516;100722;153.62;10;10379578888;B
20240516;100723;153.6;10;10379578930;S
20240516;100723;153.6;10;10379579012;S
20240516;100723;153.62;50;10379579068;B
20240516;100724;153.62;80;10379579083;B
20240516;100724;153.6;20;10379579095;S
20240516;100724;153.58;150;10379579096;S
20240516;100724;153.58;10;10379579210;S
20240516;100725;153.62;150;10379579259;B
20240516;100726;153.62;2940;10379579475;B
20240516;100726;153.64;50;10379579476;B
20240516;100726;153.64;2500;10379579477;B
20240516;100726;153.64;720;10379579478;B
20240516;100726;153.66;1800;10379579479;B
20240516;100726;153.66;5000;10379579480;B
20240516;100726;153.66;10;10379579481;B
20240516;100726;153.66;50;10379579482;B
20240516;100726;153.66;80;10379579483;B
20240516;100726;153.6;50;10379579547;S
20240516;100726;153.6;120;10379579548;S
20240516;100726;153.6;10;10379579566;S
20240516;100727;153.6;40;10379579651;S
20240516;100727;153.58;50;10379579652;S
20240516;100727;153.58;160;10379579653;S
20240516;100727;153.58;710;10379579654;S
20240516;100727;153.58;410;10379579655;S
20240516;100727;153.56;20;10379579656;S
20240516;100727;153.56;740;10379579657;S
20240516;100727;153.58;10;10379579693;S
20240516;100730;153.58;10;10379580046;S
20240516;100732;153.62;50;10379580301;B
20240516;100732;153.62;30;10379580332;B
20240516;100737;153.62;320;10379581131;B
20240516;100737;153.62;10;10379581132;B
20240516;100737;153.62;10;10379581133;B
20240516;100737;153.64;500;10379581134;B
20240516;100737;153.64;700;10379581135;B
20240516;100737;153.66;410;10379581136;B
20240516;100737;153.66;160;10379581137;B
20240516;100737;153.66;50;10379581138;B
20240516;100737;153.66;30;10379581139;B
20240516;100737;153.66;2000;10379581140;B
20240516;100737;153.66;10;10379581141;B
20240516;100737;153.68;10;10379581142;B
20240516;100738;153.66;30;10379581268;B
20240516;100740;153.62;50;10379581712;S
20240516;100740;153.62;50;10379581713;S
20240516;100741;153.62;2000;10379581904;S
20240516;100743;153.62;10;10379582079;S
20240516;100744;153.66;130;10379582349;B
20240516;100744;153.66;870;10379582350;B
20240516;100746;153.66;10;10379582630;B
20240516;100747;153.62;120;10379582816;S
20240516;100748;153.62;10;10379582991;S
20240516;100752;153.66;530;10379583703;B
20240516;100753;153.66;500;10379583905;B
20240516;100755;153.66;10;10379584199;B
20240516;100757;153.66;50;10379584544;B
20240516;100757;153.62;16660;10379584669;S
20240516;100757;153.62;120;10379584673;S
20240516;100757;153.62;50;10379584709;S
20240516;100758;153.62;10;10379584792;S
20240516;100758;153.62;10;10379584796;S
20240516;100758;153.64;710;10379585059;B
20240516;100758;153.64;1870;10379585060;B
20240516;100758;153.64;410;10379585061;B
20240516;100758;153.64;50;10379585062;B
20240516;100758;153.66;1030;10379585063;B
20240516;100758;153.66;930;10379585064;B
20240516;100800;153.66;1070;10379585340;B
20240516;100800;153.66;100;10379585341;B
20240516;100800;153.66;10;10379585342;B
20240516;100800;153.66;50;10379585343;B
20240516;100800;153.68;3720;10379585344;B
20240516;100800;153.68;350;10379585345;B
20240516;100800;153.68;50;10379585346;B
20240516;100800;153.68;13600;10379585347;B
20240516;100800;153.68;50;10379585348;B
20240516;100800;153.68;10;10379585349;B
20240516;100800;153.68;10;10379585350;B
20240516;100800;153.68;410;10379585351;B
20240516;100800;153.68;710;10379585352;B
20240516;100800;153.7;4200;10379585353;B
20240516;100800;153.7;100;10379585354;B
20240516;100800;153.7;20;10379585355;B
20240516;100800;153.7;250;10379585356;B
20240516;100800;153.7;50;10379585357;B
20240516;100800;153.7;10;10379585358;B
20240516;100800;153.7;200;10379585359;B
20240516;100800;153.7;10;10379585360;B
20240516;100800;153.7;10;10379585361;B
20240516;100800;153.7;10;10379585362;B
20240516;100801;153.7;2500;10379585539;B
20240516;100801;153.66;100;10379585631;S
20240516;100805;153.66;400;10379586592;S
20240516;100807;153.7;10;10379586981;B
20240516;100807;153.68;880;10379587008;S
20240516;100807;153.68;20;10379587009;S
20240516;100809;153.66;10;10379587469;S
20240516;100809;153.66;690;10379587470;S
20240516;100809;153.64;50;10379587582;S
20240516;100811;153.66;50;10379587862;B
20240516;100811;153.66;50;10379587939;B
20240516;100816;153.64;50;10379588827;S
20240516;100816;153.66;1000;10379588831;B
20240516;100817;153.66;1500;10379589163;B
20240516;100820;153.66;40;10379589630;B
20240516;100820;153.66;200;10379589697;B
20240516;100824;153.66;100;10379590205;B
20240516;100824;153.66;5000;10379590212;B
20240516;100827;153.66;320;10379590577;B
20240516;100827;153.66;30;10379590585;B
20240516;100827;153.66;940;10379590678;B
20240516;100827;153.66;10;10379590714;B
20240516;100829;153.64;410;10379590913;S
20240516;100829;153.64;100;10379591013;S
20240516;100830;153.66;10;10379591093;B
20240516;100833;153.66;10;10379591960;B
20240516;100834;153.66;10;10379592063;B
20240516;100834;153.64;20;10379592128;S
20240516;100835;153.66;30;10379592209;B
20240516;100835;153.66;10;10379592210;B
20240516;100837;153.64;370;10379592630;S
20240516;100837;153.64;340;10379592631;S
20240516;100839;153.66;10;10379593018;B
20240516;100839;153.66;10;10379593019;B
20240516;100839;153.68;100;10379593020;B
20240516;100839;153.7;740;10379593021;B
20240516;100839;153.7;20;10379593022;B
20240516;100839;153.7;10;10379593023;B
20240516;100839;153.7;1000;10379593024;B
20240516;100839;153.7;1370;10379593025;B
20240516;100840;153.7;130;10379593155;B
20240516;100842;153.7;60;10379593886;B
20240516;100842;153.68;600;10379594014;S
20240516;100843;153.66;170;10379594118;S
20240516;100843;153.66;10;10379594123;S
20240516;100846;153.7;10;10379594631;B
20240516;100847;153.7;430;10379594665;B
20240516;100847;153.7;70;10379594666;B
20240516;100849;153.68;40;10379594996;S
20240516;100849;153.68;40;10379595015;S
20240516;100856;153.68;10;10379596461;S
20240516;100859;153.68;400;10379597718;S
20240516;100859;153.7;80;10379597847;B
20240516;100859;153.7;190;10379597848;B
20240516;100859;153.7;300;10379597849;B
20240516;100859;153.7;8390;10379597850;B
20240516;100859;153.7;30;10379597851;B
20240516;100859;153.7;200;10379597852;B
20240516;100859;153.7;10350;10379597853;B
20240516;100859;153.7;50;10379597854;B
20240516;100859;153.7;410;10379597855;B
20240516;100900;153.7;260;10379598069;B
20240516;100900;153.68;20;10379598136;S
20240516;100901;153.68;310;10379598230;S
20240516;100901;153.68;1630;10379598306;B
20240516;100904;153.68;290;10379598900;B
20240516;100905;153.68;100;10379598999;B
20240516;100907;153.66;330;10379599308;S
20240516;100908;153.68;300;10379599591;B
20240516;100908;153.66;50;10379599598;S
20240516;100909;153.66;30;10379599691;S
20240516;100909;153.66;1000;10379599693;S
20240516;100909;153.66;20;10379599712;S
20240516;100909;153.68;1290;10379599775;B
20240516;100909;153.66;40;10379599780;S
20240516;100910;153.66;10;10379599906;S
20240516;100911;153.68;900;10379600091;B
20240516;100911;153.66;20;10379600127;S
20240516;100912;153.66;70;10379600165;S
20240516;100912;153.66;690;10379600166;S
20240516;100912;153.66;1240;10379600167;S
20240516;100913;153.66;50;10379600275;S
20240516;100913;153.68;3000;10379600293;B
20240516;100914;153.66;10;10379600503;S
20240516;100914;153.68;10;10379600639;B
20240516;100917;153.66;30;10379600970;S
20240516;100917;153.68;70;10379600987;B
20240516;100918;153.68;200;10379601146;B
20240516;100920;153.66;10;10379601457;S
20240516;100920;153.68;10;10379601478;B
20240516;100920;153.68;10;10379601481;B
20240516;100920;153.66;100;10379601583;S
20240516;100922;153.68;1880;10379601788;B
20240516;100922;153.7;350;10379601789;B
20240516;100922;153.7;1210;10379601790;B
20240516;100922;153.7;790;10379601791;B
20240516;100922;153.7;1610;10379601792;B
20240516;100922;153.7;650;10379601793;B
20240516;100922;153.7;10;10379601924;B
20240516;100923;153.7;10;10379601952;B
20240516;100923;153.7;10;10379602047;B
20240516;100923;153.7;20;10379602048;B
20240516;100924;153.7;30;10379602109;B
20240516;100925;153.68;1000;10379602211;S
20240516;100925;153.7;10;10379602212;B
20240516;100925;153.7;30;10379602213;B
20240516;100926;153.7;100;10379602410;B
20240516;100926;153.7;10;10379602411;B
20240516;100926;153.68;4120;10379602428;S
20240516;100926;153.68;410;10379602429;S
20240516;100926;153.68;170;10379602430;S
20240516;100926;153.68;120;10379602431;S
20240516;100926;153.68;840;10379602432;S
20240516;100926;153.68;680;10379602433;S
20240516;100926;153.66;2320;10379602434;S
20240516;100926;153.66;50;10379602435;S
20240516;100926;153.66;10;10379602436;S
20240516;100926;153.66;50;10379602437;B
20240516;100926;153.66;170;10379602438;B
20240516;100926;153.66;880;10379602486;B
20240516;100926;153.64;100;10379602502;S
20240516;100926;153.64;90;10379602503;S
20240516;100927;153.66;60;10379602652;B
20240516;100928;153.66;100;10379602711;B
20240516;100928;153.66;10;10379602823;B
20240516;100929;153.66;10;10379603013;B
20240516;100929;153.66;10;10379603025;B
20240516;100930;153.66;100;10379603135;B
20240516;100930;153.66;10;10379603136;B
20240516;100930;153.66;20;10379603372;B
20240516;100931;153.64;10;10379603437;S
20240516;100931;153.64;30;10379603438;S
20240516;100931;153.66;500;10379603463;B
20240516;100931;153.66;10;10379603464;B
20240516;100932;153.66;10;10379603591;B
20240516;100933;153.66;10;10379603780;B
20240516;100934;153.66;10;10379603819;B
20240516;100935;153.66;10;10379604032;B
20240516;100936;153.64;3970;10379604229;S
20240516;100936;153.64;2000;10379604230;S
20240516;100936;153.66;20;10379604231;B
20240516;100937;153.66;20;10379604366;B
20240516;100939;153.66;80;10379604618;B
20240516;100939;153.66;10;10379604667;B
20240516;100939;153.64;100;10379604735;S
20240516;100939;153.66;10;10379604736;B
20240516;100940;153.66;10;10379604791;B
20240516;100940;153.66;20;10379604792;B
20240516;100940;153.64;50;10379604824;S
20240516;100941;153.64;60;10379604891;S
20240516;100942;153.64;20;10379605022;S
20240516;100942;153.66;10;10379605134;B
20240516;100942;153.66;30;10379605135;B
20240516;100944;153.64;40;10379605326;S
20240516;100944;153.66;10;10379605327;B
20240516;100944;153.64;7730;10379605358;S
20240516;100944;153.64;690;10379605359;S
20240516;100944;153.64;40;10379605360;S
20240516;100944;153.64;10;10379605361;S
20240516;100944;153.64;2000;10379605362;S
20240516;100944;153.64;70;10379605363;S
20240516;100945;153.64;10;10379605489;B
20240516;100947;153.64;30;10379605631;B
20240516;100948;153.62;1600;10379605887;S
20240516;100949;153.64;250;10379605954;B
20240516;100951;153.62;10;10379606254;S
20240516;100954;153.62;140;10379606522;S
20240516;100958;153.62;200;10379607102;S
20240516;100959;153.64;10;10379607245;B
20240516;100959;153.64;40;10379607255;B
20240516;101000;153.64;300;10379607366;B
20240516;101000;153.64;1610;10379607415;B
20240516;101000;153.62;200;10379607422;S
20240516;101000;153.64;190;10379607465;B
20240516;101001;153.64;10;10379607612;B
20240516;101001;153.62;100;10379607630;S
20240516;101002;153.64;100;10379607746;B
20240516;101002;153.62;100;10379607859;S
20240516;101009;153.64;30;10379608799;B
20240516;101009;153.62;200;10379608837;S
20240516;101010;153.64;10;10379608963;B
20240516;101011;153.64;100;10379609048;B
20240516;101013;153.64;170;10379609581;B
20240516;101014;153.64;650;10379609632;B
20240516;101016;153.62;120;10379609866;S
20240516;101016;153.62;10;10379609930;S
20240516;101017;153.64;700;10379610065;B
20240516;101019;153.62;10;10379610244;S
20240516;101019;153.64;10;10379610328;B
20240516;101020;153.62;1030;10379610419;S
20240516;101020;153.62;160;10379610420;S
20240516;101020;153.62;10;10379610421;S
20240516;101020;153.62;90;10379610422;S
20240516;101020;153.62;210;10379610423;S
20240516;101021;153.64;10;10379610590;B
20240516;101026;153.62;710;10379611208;S
20240516;101026;153.6;10;10379611209;S
20240516;101026;153.6;10;10379611210;S
20240516;101026;153.6;100;10379611211;S
20240516;101026;153.6;400;10379611212;S
20240516;101026;153.6;390;10379611213;S
20240516;101026;153.6;60;10379611276;S
20240516;101026;153.6;90;10379611277;S
20240516;101026;153.6;460;10379611319;S
20240516;101029;153.6;20;10379611684;B
20240516;101029;153.58;10;10379611748;S
20240516;101029;153.58;30;10379611749;S
20240516;101029;153.58;10;10379611750;S
20240516;101029;153.58;360;10379611751;S
20240516;101031;153.6;10;10379612069;B
20240516;101031;153.6;410;10379612083;B
20240516;101031;153.58;600;10379612136;S
20240516;101033;153.58;10;10379612333;S
20240516;101034;153.6;100;10379612605;B
20240516;101036;153.6;10;10379612817;B
20240516;101037;153.58;5000;10379612884;S
20240516;101038;153.58;40;10379613101;S
20240516;101039;153.58;10;10379613181;S
20240516;101039;153.58;500;10379613241;S
20240516;101040;153.58;200;10379613402;S
20240516;101044;153.6;10;10379613973;B
20240516;101046;153.58;100;10379614113;S
20240516;101047;153.6;10;10379614217;B
20240516;101047;153.58;10;10379614224;S
20240516;101047;153.58;1500;10379614324;S
20240516;101048;153.58;10;10379614386;S
20240516;101048;153.58;280;10379614412;S
20240516;101048;153.58;10;10379614453;S
20240516;101049;153.58;10;10379614516;S
20240516;101049;153.6;1000;10379614542;B
20240516;101049;153.58;10;10379614579;S
20240516;101050;153.58;10;10379614670;S
20240516;101050;153.58;10;10379614732;S
20240516;101051;153.58;10;10379614795;S
20240516;101051;153.58;10;10379614926;S
20240516;101052;153.58;10;10379615024;S
20240516;101052;153.58;1300;10379615102;S
20240516;101052;153.58;90;10379615103;S
20240516;101052;153.58;20;10379615104;S
20240516;101052;153.58;700;10379615105;S
20240516;101052;153.56;320;10379615106;S
20240516;101052;153.56;100;10379615107;S
20240516;101052;153.54;10;10379615108;S
20240516;101052;153.54;3940;10379615109;S
20240516;101052;153.54;100;10379615110;S
20240516;101052;153.54;160;10379615111;S
20240516;101052;153.54;3940;10379615112;S
20240516;101052;153.52;20;10379615113;S
20240516;101052;153.52;50;10379615114;S
20240516;101052;153.52;1000;10379615115;S
20240516;101052;153.52;300;10379615116;S
20240516;101052;153.52;10;10379615117;S
20240516;101052;153.52;700;10379615118;S
20240516;101052;153.52;100;10379615119;S
20240516;101052;153.52;10;10379615120;S
20240516;101052;153.52;5000;10379615121;S
20240516;101052;153.52;10000;10379615122;S
20240516;101052;153.52;60;10379615123;S
20240516;101052;153.52;90;10379615124;S
20240516;101052;153.52;5000;10379615125;S
20240516;101052;153.5;6980;10379615126;S
20240516;101052;153.52;30;10379615134;S
20240516;101053;153.54;170;10379615168;B
20240516;101053;153.56;750;10379615169;B
20240516;101053;153.58;50;10379615170;B
20240516;101053;153.58;410;10379615171;B
20240516;101053;153.58;620;10379615172;B
20240516;101053;153.52;500;10379615199;S
20240516;101053;153.52;120;10379615232;S
20240516;101053;153.52;50;10379615233;S
20240516;101053;153.5;2030;10379615234;S
20240516;101055;153.5;1000;10379615463;S
20240516;101055;153.52;10;10379615470;B
20240516;101055;153.52;10;10379615471;B
20240516;101055;153.52;10;10379615472;B
20240516;101055;153.54;10;10379615473;B
20240516;101055;153.56;170;10379615474;B
20240516;101055;153.56;40;10379615475;B
20240516;101056;153.54;10;10379615742;B
20240516;101056;153.54;10;10379615743;B
20240516;101056;153.54;10;10379615744;B
20240516;101056;153.54;10;10379615745;B
20240516;101056;153.54;100;10379615746;B
20240516;101056;153.52;170;10379615749;S
20240516;101056;153.52;30;10379615750;S
20240516;101056;153.52;250;10379615814;S
20240516;101058;153.52;30;10379616068;S
20240516;101059;153.54;200;10379616269;B
20240516;101102;153.52;60;10379616646;S
20240516;101102;153.52;10;10379616749;S
20240516;101102;153.52;10;10379616783;S
20240516;101103;153.52;10;10379616873;S
20240516;101103;153.52;10;10379617015;S
20240516;101104;153.54;440;10379617068;B
20240516;101104;153.52;10;10379617081;S
20240516;101104;153.52;10;10379617151;S
20240516;101105;153.52;10;10379617189;S
20240516;101105;153.54;1000;10379617225;B
20240516;101105;153.52;10;10379617238;S
20240516;101105;153.52;10;10379617288;S
20240516;101106;153.52;240;10379617312;S
20240516;101106;153.54;500;10379617334;B
20240516;101106;153.54;30;10379617360;B
20240516;101106;153.52;10;10379617364;S
20240516;101106;153.52;10;10379617438;S
20240516;101107;153.52;10;10379617535;S
20240516;101107;153.52;10;10379617640;S
20240516;101108;153.52;10;10379617664;S
20240516;101108;153.52;10;10379617696;S
20240516;101108;153.52;10;10379617720;S
20240516;101109;153.52;10;10379617777;S
20240516;101109;153.52;10;10379617837;S
20240516;101111;153.52;1000;10379618085;S
20240516;101113;153.52;10;10379618367;S
20240516;101118;153.52;200;10379619056;S
20240516;101119;153.52;10;10379619251;S
20240516;101120;153.52;10;10379619315;S
20240516;101120;153.52;10;10379619386;S
20240516;101120;153.52;10;10379619423;S
20240516;101120;153.52;10;10379619458;S
20240516;101121;153.5;2000;10379619465;S
20240516;101121;153.5;10;10379619510;S
20240516;101121;153.5;10000;10379619511;S
20240516;101121;153.5;10;10379619586;S
20240516;101121;153.5;1500;10379619588;S
20240516;101121;153.5;10;10379619623;S
20240516;101122;153.5;10;10379619753;S
20240516;101122;153.5;10;10379619783;S
20240516;101122;153.5;10;10379619815;S
20240516;101122;153.5;10;10379619863;S
20240516;101122;153.5;400;10379619864;S
20240516;101123;153.5;10;10379619905;S
20240516;101123;153.5;10;10379619983;S
20240516;101124;153.5;10;10379620029;S
20240516;101124;153.5;1200;10379620086;S
20240516;101124;153.5;10;10379620170;S
20240516;101125;153.5;10;10379620204;S
20240516;101125;153.5;3200;10379620214;S
20240516;101125;153.5;10;10379620257;S
20240516;101125;153.5;10;10379620289;S
20240516;101127;153.5;20;10379620560;S
20240516;101129;153.5;20;10379620750;S
20240516;101130;153.5;8300;10379620833;S
20240516;101130;153.52;250;10379620945;B
20240516;101135;153.5;500;10379621794;S
20240516;101136;153.5;1000;10379621909;S
20240516;101138;153.52;20;10379622074;B
20240516;101138;153.5;1160;10379622190;S
20240516;101138;153.5;10;10379622191;S
20240516;101138;153.52;200;10379622196;B
20240516;101139;153.5;20;10379622219;S
20240516;101139;153.5;10;10379622238;S
20240516;101139;153.5;10;10379622316;S
20240516;101140;153.5;10;10379622359;S
20240516;101140;153.5;10;10379622442;S
20240516;101141;153.5;10;10379622501;S
20240516;101141;153.5;10;10379622608;S
20240516;101142;153.5;10;10379622663;S
20240516;101142;153.5;40;10379622692;S
20240516;101142;153.5;10;10379622732;S
20240516;101142;153.5;10;10379622826;S
20240516;101143;153.5;10;10379622852;S
20240516;101143;153.5;10;10379622867;S
20240516;101143;153.52;10;10379622873;B
20240516;101143;153.5;10;10379622906;S
20240516;101144;153.5;10;10379623013;S
20240516;101144;153.5;10;10379623051;S
20240516;101144;153.5;10;10379623093;S
20240516;101145;153.5;10;10379623156;S
20240516;101145;153.5;10;10379623207;S
20240516;101145;153.5;10;10379623290;S
20240516;101146;153.52;1310;10379623431;B
20240516;101146;153.52;820;10379623432;B
20240516;101146;153.52;50;10379623433;B
20240516;101146;153.52;30;10379623434;B
20240516;101146;153.54;1620;10379623435;B
20240516;101146;153.5;10;10379623458;S
20240516;101146;153.5;10;10379623489;S
20240516;101146;153.5;10;10379623584;S
20240516;101147;153.5;10;10379623650;S
20240516;101147;153.5;10;10379623747;S
20240516;101148;153.5;10;10379623801;S
20240516;101150;153.52;20;10379624055;B
20240516;101152;153.52;10;10379624356;B
20240516;101152;153.54;10;10379624404;B
20240516;101154;153.52;980;10379624564;S
20240516;101154;153.52;900;10379624565;S
20240516;101154;153.5;2120;10379624566;S
20240516;101154;153.54;200;10379624582;B
20240516;101155;153.54;500;10379624658;B
20240516;101157;153.54;10;10379624860;B
20240516;101201;153.52;30;10379625344;S
20240516;101203;153.52;300;10379625703;S
20240516;101204;153.54;60;10379625939;B
20240516;101204;153.54;1000;10379625955;B
20240516;101206;153.54;500;10379626205;B
20240516;101208;153.52;160;10379626477;S
20240516;101208;153.52;1380;10379626478;S
20240516;101208;153.52;100;10379626479;S
20240516;101208;153.52;410;10379626480;S
20240516;101208;153.5;2950;10379626481;S
20240516;101211;153.54;20;10379627002;B
20240516;101211;153.54;500;10379627033;B
20240516;101212;153.52;100;10379627202;S
20240516;101213;153.52;900;10379627496;S
20240516;101214;153.52;100;10379627595;B
20240516;101214;153.52;100;10379627596;B
20240516;101216;153.54;10;10379627882;B
20240516;101217;153.54;100;10379627934;B
20240516;101219;153.5;630;10379628137;S
20240516;101219;153.5;20;10379628161;S
20240516;101221;153.52;10;10379628335;B
20240516;101221;153.52;200;10379628336;B
20240516;101223;153.52;10;10379628667;B
20240516;101224;153.5;10;10379628791;S
20240516;101226;153.5;1000;10379629002;S
20240516;101229;153.5;5230;10379629388;S
20240516;101229;153.5;400;10379629389;S
20240516;101229;153.5;420;10379629405;S
20240516;101230;153.5;1000;10379629586;S
20240516;101231;153.52;10;10379629706;B
20240516;101231;153.52;10;10379629707;B
20240516;101231;153.52;10;10379629708;B
20240516;101235;153.52;10;10379630190;B
20240516;101235;153.52;200;10379630260;B
20240516;101236;153.52;90;10379630278;B
20240516;101238;153.5;1000;10379630588;S
20240516;101240;153.52;20;10379630854;B
20240516;101241;153.52;100;10379630897;B
20240516;101243;153.5;10;10379631237;S
20240516;101244;153.52;340;10379631282;B
20240516;101244;153.52;10;10379631283;B
20240516;101244;153.52;10;10379631284;B
20240516;101244;153.52;50;10379631285;B
20240516;101244;153.52;970;10379631286;B
20240516;101244;153.54;20;10379631287;B
20240516;101244;153.54;130;10379631288;B
20240516;101244;153.54;500;10379631289;B
20240516;101244;153.54;4400;10379631290;B
20240516;101244;153.54;110;10379631291;B
20240516;101244;153.54;50;10379631292;B
20240516;101244;153.54;410;10379631293;B
20240516;101244;153.52;10;10379631294;S
20240516;101244;153.52;10;10379631327;S
20240516;101246;153.54;90;10379631589;B
20240516;101246;153.52;10;10379631590;S
20240516;101246;153.52;10;10379631605;S
20240516;101246;153.52;10;10379631640;S
20240516;101246;153.52;190;10379631647;S
20240516;101246;153.5;310;10379631648;S
20240516;101247;153.52;10;10379631746;B
20240516;101247;153.52;10;10379631747;B
20240516;101250;153.5;40;10379632116;S
20240516;101250;153.5;100;10379632117;S
20240516;101250;153.5;60;10379632118;S
20240516;101250;153.5;940;10379632125;S
20240516;101250;153.5;130;10379632126;S
20240516;101250;153.5;150;10379632127;S
20240516;101250;153.5;100;10379632128;S
20240516;101250;153.5;10;10379632129;S
20240516;101250;153.5;100;10379632130;S
20240516;101250;153.5;1000;10379632131;S
20240516;101250;153.5;20;10379632132;S
20240516;101251;153.5;180;10379632282;S
20240516;101251;153.5;10;10379632283;S
20240516;101251;153.5;10;10379632284;S
20240516;101251;153.5;10;10379632285;S
20240516;101251;153.5;500;10379632286;S
20240516;101251;153.5;9000;10379632287;S
20240516;101251;153.5;2500;10379632288;S
20240516;101251;153.5;10;10379632289;S
20240516;101251;153.5;10;10379632290;S
20240516;101251;153.5;7770;10379632291;S
20240516;101251;153.52;10;10379632342;B
20240516;101251;153.52;10;10379632343;B
20240516;101252;153.5;20;10379632421;S
20240516;101259;153.52;10;10379633152;B
20240516;101259;153.52;10;10379633153;B
20240516;101259;153.52;10;10379633154;B
20240516;101259;153.52;1750;10379633155;B
20240516;101259;153.52;980;10379633156;B
20240516;101259;153.52;20;10379633157;B
20240516;101259;153.52;50;10379633158;B
20240516;101259;153.52;410;10379633159;B
20240516;101259;153.54;1660;10379633160;B
20240516;101259;153.54;50;10379633161;B
20240516;101259;153.54;300;10379633162;B
20240516;101259;153.54;350;10379633163;B
20240516;101259;153.52;870;10379633210;B
20240516;101259;153.52;130;10379633211;B
20240516;101304;153.5;2800;10379633849;S
20240516;101306;153.52;10;10379634045;B
20240516;101306;153.5;7410;10379634076;S
20240516;101306;153.5;70;10379634077;S
20240516;101306;153.5;60;10379634078;S
20240516;101306;153.5;10;10379634079;S
20240516;101306;153.5;1630;10379634080;S
20240516;101306;153.5;100;10379634081;S
20240516;101308;153.44;20;10379634227;S
20240516;101308;153.44;10;10379634281;S
20240516;101308;153.44;10;10379634282;S
20240516;101308;153.42;30;10379634283;S
20240516;101308;153.4;10;10379634284;S
20240516;101308;153.4;20;10379634285;S
20240516;101308;153.4;2420;10379634286;S
20240516;101308;153.4;100;10379634296;S
20240516;101311;153.42;10;10379634591;B
20240516;101311;153.44;10;10379634592;B
20240516;101311;153.46;10;10379634593;B
20240516;101311;153.48;50;10379634594;B
20240516;101311;153.48;960;10379634595;B
20240516;101311;153.5;460;10379634596;B
20240516;101313;153.42;50;10379634864;S
20240516;101313;153.4;3480;10379634865;S
20240516;101313;153.4;50;10379634866;S
20240516;101313;153.4;950;10379634867;S
20240516;101313;153.38;50;10379634868;S
20240516;101313;153.38;170;10379634869;S
20240516;101313;153.36;50;10379634870;S
20240516;101313;153.36;200;10379634871;S
20240516;101313;153.34;150;10379634921;S
20240516;101313;153.32;30;10379634922;S
20240516;101313;153.3;20;10379634923;S
20240516;101314;153.3;80;10379635020;S
20240516;101314;153.3;10;10379635021;S
20240516;101314;153.3;50;10379635022;S
20240516;101314;153.28;50;10379635023;S
20240516;101314;153.28;300;10379635024;S
20240516;101314;153.28;20;10379635025;S
20240516;101314;153.28;130;10379635026;S
20240516;101316;153.34;10;10379635316;B
20240516;101316;153.36;50;10379635317;B
20240516;101316;153.38;180;10379635318;B
20240516;101316;153.38;50;10379635319;B
20240516;101316;153.4;50;10379635320;B
20240516;101316;153.4;660;10379635321;B
20240516;101320;153.3;10;10379636008;S
20240516;101321;153.3;40;10379636123;S
20240516;101321;153.3;50;10379636124;S
20240516;101321;153.3;10;10379636125;S
20240516;101321;153.3;50;10379636136;S
20240516;101321;153.28;50;10379636137;S
20240516;101324;153.32;10;10379636374;B
20240516;101324;153.32;50;10379636375;B
20240516;101324;153.32;50;10379636376;B
20240516;101324;153.34;10;10379636458;B
20240516;101329;153.34;10;10379637225;B
20240516;101330;153.36;10;10379637363;B
20240516;101330;153.38;170;10379637364;B
20240516;101330;153.4;50;10379637365;B
20240516;101330;153.4;270;10379637366;B
20240516;101340;153.42;10;10379639576;B
20240516;101342;153.4;10;10379639844;B
20240516;101342;153.44;50;10379639845;B
20240516;101342;153.44;40;10379639846;B
20240516;101342;153.38;10;10379639854;S
20240516;101343;153.4;10;10379639990;S
20240516;101345;153.4;10;10379640129;S
20240516;101346;153.4;50;10379640221;S
20240516;101346;153.4;10;10379640261;S
20240516;101347;153.4;70;10379640358;S
20240516;101348;153.42;10;10379640440;B
20240516;101350;153.42;1430;10379640700;S
20240516;101350;153.42;880;10379640701;S
20240516;101350;153.4;9850;10379640702;S
20240516;101350;153.4;50;10379640703;S
20240516;101350;153.4;10;10379640704;S
20240516;101350;153.4;200;10379640705;S
20240516;101350;153.38;50;10379640706;S
20240516;101350;153.38;410;10379640707;S
20240516;101350;153.36;10;10379640708;S
20240516;101350;153.36;50;10379640709;S
20240516;101350;153.34;50;10379640710;S
20240516;101350;153.34;10;10379640711;S
20240516;101350;153.34;1310;10379640712;S
20240516;101350;153.32;3950;10379640713;S
20240516;101350;153.32;50;10379640714;S
20240516;101350;153.32;10;10379640715;S
20240516;101350;153.32;800;10379640716;S
20240516;101350;153.3;50;10379640717;S
20240516;101350;153.3;2000;10379640718;S
20240516;101350;153.3;11000;10379640719;S
20240516;101350;153.3;20000;10379640720;S
20240516;101350;153.28;20;10379640721;S
20240516;101350;153.28;50;10379640722;S
20240516;101350;153.28;200;10379640723;S
20240516;101350;153.28;10000;10379640724;S
20240516;101350;153.28;1000;10379640725;S
20240516;101350;153.28;10000;10379640726;S
20240516;101350;153.28;10000;10379640727;S
20240516;101350;153.26;3380;10379640728;S
20240516;101350;153.26;20;10379640729;S
20240516;101350;153.26;10;10379640730;S
20240516;101350;153.26;5000;10379640731;S
20240516;101350;153.26;3150;10379640732;S
20240516;101351;153.28;20;10379640861;B
20240516;101352;153.26;600;10379641103;S
20240516;101353;153.26;650;10379641147;S
20240516;101357;153.28;10;10379641738;B
20240516;101357;153.28;20;10379641742;B
20240516;101357;153.28;30;10379641743;B
20240516;101358;153.26;10;10379641799;S
20240516;101400;153.26;590;10379642124;S
20240516;101400;153.26;250;10379642125;S
20240516;101400;153.26;10;10379642126;S
20240516;101400;153.28;380;10379642169;B
20240516;101400;153.28;10;10379642170;B
20240516;101400;153.28;110;10379642171;B
20240516;101402;153.28;1040;10379642344;B
20240516;101402;153.28;50;10379642345;B
20240516;101402;153.28;860;10379642346;B
20240516;101402;153.28;10;10379642347;B
20240516;101403;153.28;30;10379642566;B
20240516;101403;153.26;90;10379642612;S
20240516;101405;153.28;10;10379642789;B
20240516;101406;153.26;10;10379643049;S
20240516;101408;153.28;10;10379643261;B
20240516;101410;153.28;10;10379643635;B
20240516;101410;153.28;380;10379643636;B
20240516;101410;153.28;420;10379643637;B
20240516;101410;153.26;10;10379643677;S
20240516;101412;153.28;160;10379643964;B
20240516;101412;153.28;10;10379643965;B
20240516;101412;153.28;830;10379643966;B
20240516;101413;153.28;10;10379644007;B
20240516;101414;153.26;10;10379644134;S
20240516;101414;153.26;40;10379644135;S
20240516;101416;153.28;10;10379644408;B
20240516;101417;153.28;10;10379644501;B
20240516;101418;153.26;500;10379644632;S
20240516;101421;153.28;10;10379644963;B
20240516;101423;153.26;180;10379645288;S
20240516;101423;153.26;200;10379645289;S
20240516;101423;153.26;300;10379645290;S
20240516;101423;153.26;10;10379645291;S
20240516;101423;153.26;140;10379645292;S
20240516;101423;153.24;10;10379645293;S
20240516;101423;153.24;70;10379645294;S
20240516;101423;153.24;200;10379645374;S
20240516;101423;153.24;300;10379645375;S
20240516;101423;153.22;50;10379645376;S
20240516;101423;153.22;100;10379645377;S
20240516;101423;153.22;200;10379645378;S
20240516;101423;153.22;210;10379645379;S
20240516;101423;153.22;50;10379645380;S
20240516;101423;153.22;890;10379645381;S
20240516;101425;153.24;10;10379645611;B
20240516;101426;153.22;50;10379645702;S
20240516;101429;153.22;660;10379646142;S
20240516;101429;153.22;1310;10379646143;S
20240516;101429;153.2;50;10379646144;S
20240516;101429;153.2;1000;10379646145;S
20240516;101429;153.2;5000;10379646146;S
20240516;101429;153.2;10;10379646147;S
20240516;101429;153.2;10;10379646148;S
20240516;101429;153.2;1960;10379646149;S
20240516;101429;153.2;300;10379646154;S
20240516;101429;153.2;390;10379646156;S
20240516;101429;153.2;350;10379646157;S
20240516;101429;153.2;10;10379646158;S
20240516;101429;153.2;200;10379646159;S
20240516;101429;153.22;10;10379646215;B
20240516;101430;153.18;10;10379646244;S
20240516;101430;153.18;200;10379646245;S
20240516;101432;153.16;30;10379646971;S
20240516;101432;153.16;10;10379646972;S
20240516;101432;153.14;50;10379646973;S
20240516;101432;153.14;10;10379646974;S
20240516;101432;153.18;50;10379647005;B
20240516;101433;153.16;40;10379647116;B
20240516;101441;153.14;10;10379648374;S
20240516;101443;153.16;10;10379648673;B
20240516;101443;153.18;150;10379648717;B
20240516;101443;153.18;410;10379648718;B
20240516;101443;153.2;50;10379648719;B
20240516;101443;153.2;210;10379648720;B
20240516;101443;153.2;40;10379648721;B
20240516;101443;153.2;800;10379648722;B
20240516;101443;153.22;40;10379648723;B
20240516;101443;153.22;3000;10379648724;B
20240516;101443;153.24;150;10379648725;B
20240516;101443;153.24;50;10379648726;B
20240516;101443;153.24;2870;10379648727;B
20240516;101446;153.2;20;10379649118;S
20240516;101450;153.22;30;10379649700;B
20240516;101450;153.2;30;10379649761;S
20240516;101450;153.2;140;10379649762;S
20240516;101450;153.2;230;10379649763;S
20240516;101452;153.22;10;10379649965;B
20240516;101452;153.2;110;10379650107;S
20240516;101455;153.22;50;10379650600;B
20240516;101456;153.22;30;10379650706;B
20240516;101459;153.2;10;10379651210;S
20240516;101501;153.22;80;10379651496;B
20240516;101501;153.26;350;10379651497;B
20240516;101503;153.3;10;10379652291;B
20240516;101504;153.3;650;10379652472;B
20240516;101506;153.3;700;10379653015;B
20240516;101508;153.3;200;10379653464;B
20240516;101514;153.28;90;10379654796;S
20240516;101514;153.28;110;10379654797;S
20240516;101515;153.3;200;10379655096;B
20240516;101515;153.3;40;10379655218;B
20240516;101517;153.3;20;10379655488;B
20240516;101517;153.3;500;10379655489;B
20240516;101517;153.3;750;10379655490;B
20240516;101517;153.3;50;10379655491;B
20240516;101517;153.32;3940;10379655492;B
20240516;101517;153.32;410;10379655493;B
20240516;101517;153.32;50;10379655494;B
20240516;101517;153.34;50;10379655495;B
20240516;101517;153.34;4230;10379655496;B
20240516;101517;153.32;50;10379655549;B
20240516;101517;153.36;50;10379655579;B
20240516;101517;153.36;410;10379655580;B
20240516;101517;153.38;50;10379655581;B
20240516;101517;153.38;5770;10379655582;B
20240516;101517;153.38;800;10379655583;B
20240516;101517;153.38;1070;10379655584;B
20240516;101517;153.4;50;10379655585;B
20240516;101517;153.4;200;10379655586;B
20240516;101517;153.4;50;10379655587;B
20240516;101517;153.4;50;10379655588;B
20240516;101517;153.4;500;10379655589;B
20240516;101517;153.4;1000;10379655590;B
20240516;101524;153.38;10;10379656904;S
20240516;101530;153.38;20;10379658362;S
20240516;101533;153.4;50;10379659035;B
20240516;101533;153.4;750;10379659036;B
20240516;101533;153.42;20;10379659037;B
20240516;101533;153.42;180;10379659038;B
20240516;101534;153.4;50;10379659195;S
20240516;101534;153.4;3080;10379659253;S
20240516;101535;153.4;460;10379659530;B
20240516;101538;153.38;10;10379660451;S
20240516;101540;153.38;10;10379660909;S
20240516;101541;153.4;10;10379661007;B
20240516;101541;153.38;190;10379661008;S
20240516;101541;153.38;500;10379661009;S
20240516;101541;153.38;10;10379661010;S
20240516;101541;153.38;760;10379661011;S
20240516;101541;153.38;50;10379661012;B
20240516;101541;153.36;10;10379661051;B
20240516;101541;153.38;100;10379661066;B
20240516;101542;153.36;50;10379661135;S
20240516;101542;153.38;210;10379661139;B
20240516;101542;153.38;290;10379661140;B
20240516;101545;153.38;10;10379661902;B
20240516;101545;153.38;10;10379661903;B
20240516;101546;153.36;40;10379662010;B
20240516;101551;153.36;20;10379663172;B
20240516;101551;153.38;80;10379663173;B
20240516;101554;153.38;50;10379663830;B
20240516;101554;153.38;60;10379663838;B
20240516;101555;153.32;410;10379663906;S
20240516;101555;153.32;160;10379663907;S
20240516;101555;153.32;1310;10379663908;S
20240516;101555;153.32;50;10379663909;S
20240516;101555;153.3;50;10379663910;S
20240516;101555;153.3;40;10379663911;S
20240516;101555;153.3;70;10379663912;S
20240516;101555;153.3;310;10379663913;S
20240516;101555;153.32;80;10379664030;S
20240516;101556;153.34;10;10379664320;B
20240516;101557;153.34;150;10379664458;B
20240516;101557;153.36;50;10379664459;B
20240516;101557;153.36;750;10379664460;B
20240516;101557;153.36;410;10379664461;B
20240516;101557;153.38;50;10379664462;B
20240516;101557;153.38;1590;10379664463;B
20240516;101601;153.3;30;10379665588;S
20240516;101604;153.32;80;10379666549;B
20240516;101604;153.34;420;10379666550;B
20240516;101605;153.34;1570;10379666665;B
20240516;101605;153.34;740;10379666666;B
20240516;101605;153.34;30;10379666667;B
20240516;101605;153.36;50;10379666668;B
20240516;101605;153.38;50;10379666669;B
20240516;101605;153.4;50;10379666670;B
20240516;101605;153.4;10000;10379666671;B
20240516;101605;153.4;11950;10379666672;B
20240516;101605;153.42;50;10379666673;B
20240516;101605;153.42;1000;10379666674;B
20240516;101605;153.42;7070;10379666675;B
20240516;101606;153.48;20;10379667114;B
20240516;101606;153.5;10;10379667115;B
20240516;101611;153.5;250;10379668225;B
20240516;101611;153.5;10;10379668226;B
20240516;101611;153.52;10;10379668227;B
20240516;101611;153.54;730;10379668228;B
20240516;101612;153.48;100;10379668343;S
20240516;101612;153.48;400;10379668344;S
20240516;101613;153.46;10;10379668667;S
20240516;101615;153.54;4440;10379669015;B
20240516;101615;153.54;50;10379669016;B
20240516;101615;153.54;10;10379669017;B
20240516;101618;153.54;100;10379669340;B
20240516;101621;153.5;10;10379669945;S
20240516;101623;153.52;10;10379670318;S
20240516;101625;153.54;20;10379670621;B
20240516;101629;153.54;10;10379672046;B
20240516;101629;153.52;420;10379672065;S
20240516;101631;153.52;20;10379672529;S
20240516;101632;153.54;10;10379672624;B
20240516;101632;153.54;100;10379672633;B
20240516;101638;153.54;60;10379673842;B
20240516;101638;153.54;100;10379673912;B
20240516;101639;153.54;280;10379674039;B
20240516;101639;153.54;10;10379674040;B
20240516;101639;153.54;30;10379674041;B
20240516;101639;153.54;180;10379674042;B
20240516;101641;153.54;10;10379674496;B
20240516;101643;153.54;200;10379674958;B
20240516;101643;153.54;10;10379674963;B
20240516;101644;153.54;10;10379675055;B
20240516;101644;153.52;980;10379675142;S
20240516;101644;153.5;240;10379675143;S
20240516;101644;153.5;1070;10379675144;S
20240516;101644;153.5;710;10379675145;S
20240516;101644;153.48;50;10379675146;S
20240516;101644;153.48;350;10379675147;S
20240516;101644;153.46;200;10379675148;S
20240516;101644;153.46;50;10379675149;S
20240516;101644;153.46;1310;10379675150;S
20240516;101644;153.46;3940;10379675151;S
20240516;101644;153.46;3940;10379675152;S
20240516;101644;153.46;410;10379675153;S
20240516;101644;153.44;50;10379675154;S
20240516;101644;153.44;50;10379675155;S
20240516;101644;153.44;150;10379675156;S
20240516;101650;153.38;10;10379676245;S
20240516;101655;153.42;50;10379677049;B
20240516;101655;153.42;50;10379677050;B
20240516;101708;153.42;100;10379679300;B
20240516;101708;153.42;10;10379679317;B
20240516;101710;153.42;10;10379679592;B
20240516;101717;153.42;30;10379680587;B
20240516;101717;153.42;20;10379680588;B
20240516;101721;153.4;10;10379681313;S
20240516;101721;153.38;20;10379681314;S
20240516;101721;153.38;170;10379681315;S
20240516;101725;153.38;40;10379681907;S
20240516;101732;153.42;10;10379683045;B
20240516;101734;153.42;20;10379683403;B
20240516;101734;153.42;80;10379683404;B
20240516;101737;153.36;20;10379684123;S
20240516;101746;153.36;10;10379686128;S
20240516;101749;153.42;90;10379686682;B
20240516;101749;153.42;50;10379686683;B
20240516;101749;153.44;50;10379686684;B
20240516;101749;153.44;4310;10379686685;B
20240516;101753;153.44;30;10379687205;B
20240516;101800;153.44;40;10379688250;B
20240516;101800;153.46;60;10379688251;B
20240516;101806;153.48;150;10379689105;B
20240516;101812;153.44;10;10379690422;S
20240516;101812;153.44;10;10379690423;S
20240516;101812;153.42;10;10379690424;S
20240516;101813;153.48;10;10379690532;B
20240516;101813;153.48;460;10379690533;B
20240516;101826;153.48;10;10379693042;B
20240516;101827;153.48;10;10379693128;B
20240516;101839;153.42;10;10379695676;B
20240516;101841;153.4;100;10379695993;S
20240516;101845;153.42;100;10379696439;B
20240516;101845;153.42;170;10379696679;B
20240516;101849;153.4;60;10379697483;S
20240516;101849;153.4;30;10379697484;S
20240516;101849;153.4;910;10379697485;S
20240516;101849;153.42;80;10379697510;B
20240516;101849;153.4;200;10379697558;S
20240516;101851;153.42;20;10379697786;B
20240516;101852;153.42;30;10379697980;B
20240516;101852;153.42;10;10379697981;B
20240516;101855;153.4;100;10379698378;S
20240516;101901;153.42;10;10379700033;B
20240516;101901;153.44;100;10379700034;B
20240516;101901;153.44;550;10379700035;B
20240516;101903;153.42;20;10379700349;S
20240516;101908;153.46;60;10379701002;B
20240516;101908;153.46;650;10379701003;B
20240516;101908;153.46;40;10379701004;B
20240516;101909;153.42;140;10379701307;S
20240516;101911;153.42;30;10379701750;B
20240516;101919;153.42;20;10379702825;S
20240516;101920;153.42;150;10379703457;S
20240516;101922;153.42;10;10379704082;B
20240516;101928;153.4;20;10379704973;S
20240516;101931;153.42;340;10379706054;B
20240516;101931;153.42;160;10379706055;B
20240516;101931;153.4;10;10379706104;S
20240516;101939;153.44;650;10379707649;B
20240516;101944;153.44;10;10379708548;B
20240516;101947;153.44;110;10379708992;B
20240516;101948;153.4;30;10379709011;S
20240516;101951;153.4;20;10379709457;S
20240516;102000;153.4;50;10379710730;S
20240516;102002;153.4;30;10379710942;S
20240516;102002;153.42;20;10379710985;B
20240516;102002;153.42;230;10379710993;B
20240516;102002;153.44;4230;10379710994;B
20240516;102002;153.44;540;10379710995;B
20240516;102007;153.42;780;10379711743;S
20240516;102007;153.4;120;10379711744;S
20240516;102016;153.44;50;10379713176;B
20240516;102016;153.44;950;10379713177;B
20240516;102017;153.44;500;10379713398;B
20240516;102017;153.42;10;10379713411;S
20240516;102021;153.44;20;10379714956;B
20240516;102025;153.44;10;10379716435;B
20240516;102026;153.44;60;10379716461;B
20240516;102027;153.44;10;10379716607;B
20240516;102030;153.42;10;10379718945;S
20240516;102033;153.42;10;10379720593;B
20240516;102037;153.4;30;10379721608;S
20240516;102038;153.4;60;10379722805;S
20240516;102038;153.42;390;10379722836;B
20240516;102039;153.44;10;10379722986;B
20240516;102040;153.44;10;10379723140;B
20240516;102040;153.44;10;10379723169;B
20240516;102041;153.42;20;10379723213;S
20240516;102041;153.42;390;10379723412;S
20240516;102041;153.42;610;10379723413;S
20240516;102042;153.44;300;10379723487;B
20240516;102047;153.42;10;10379726720;S
20240516;102049;153.4;150;10379727504;S
20240516;102053;153.4;200;10379729164;S
20240516;102055;153.42;10;10379729452;B
20240516;102057;153.42;10;10379729773;B
