<DATE>;<TIME>;<LAST>;<VOL>;<ID>;<OPER>
20240408;095943;152.5;10;10058899793;S
20240408;095943;152.5;20;10058899794;B
20240408;095943;152.5;30;10058899795;B
20240408;095943;152.5;40;10058899796;B
20240408;095943;152.5;30;10058899797;B
20240408;095943;152.5;10;10058899798;B
20240408;095943;152.5;20;10058899799;B
20240408;095943;152.5;10;10058899800;B
20240408;095943;152.5;100;10058899801;B
20240408;095943;152.5;10;10058899802;B
20240408;095943;152.5;120;10058899803;B
20240408;095943;152.5;140;10058899804;B
20240408;095943;152.5;10;10058899805;B
20240408;095943;152.5;150;10058899806;B
20240408;095943;152.5;50;10058899807;B
20240408;095943;152.5;40;10058899808;B
20240408;095943;152.5;20;10058899809;B
20240408;095943;152.5;20;10058899810;B
20240408;095943;152.5;10;10058899811;B
20240408;095943;152.5;100;10058899812;B
20240408;095943;152.5;50;10058899813;B
20240408;095943;152.5;10;10058899814;B
20240408;095943;152.5;10;10058899815;B
20240408;095943;152.5;90;10058899816;B
20240408;095943;152.5;10;10058899817;B
20240408;095943;152.5;50;10058899818;B
20240408;095943;152.5;10;10058899819;B
20240408;095943;152.5;300;10058899820;B
20240408;095943;152.5;10;10058899821;B
20240408;095943;152.5;120;10058899822;B
20240408;095943;152.5;70;10058899823;B
20240408;095943;152.5;130;10058899824;B
20240408;095943;152.5;10;10058899825;B
20240408;095943;152.5;10;10058899826;B
20240408;095943;152.5;10;10058899827;B
20240408;095943;152.5;10;10058899828;B
20240408;095943;152.5;100;10058899829;B
20240408;095943;152.5;20;10058899830;B
20240408;095943;152.5;80;10058899831;B
20240408;095943;152.5;10;10058899832;B
20240408;095943;152.5;10;10058899833;B
20240408;095943;152.5;20;10058899834;B
20240408;095943;152.5;80;10058899835;B
20240408;095943;152.5;70;10058899836;B
20240408;095943;152.5;50;10058899837;B
20240408;095943;152.5;50;10058899838;B
20240408;095943;152.5;50;10058899839;B
20240408;095943;152.5;120;10058899840;B
20240408;095943;152.5;50;10058899841;B
20240408;095943;152.5;100;10058899842;B
20240408;095943;152.5;180;10058899843;B
20240408;095943;152.5;50;10058899844;B
20240408;095943;152.5;20;10058899845;B
20240408;095943;152.5;20;10058899846;B
20240408;095943;152.5;70;10058899847;B
20240408;095943;152.5;240;10058899848;B
20240408;095943;152.5;200;10058899849;B
20240408;095943;152.5;10;10058899850;B
20240408;095943;152.5;20;10058899851;B
20240408;095943;152.5;10;10058899852;B
20240408;095943;152.5;70;10058899853;B
20240408;095943;152.5;30;10058899854;B
20240408;095943;152.5;100;10058899855;B
20240408;095943;152.5;60;10058899856;B
20240408;095943;152.5;20;10058899857;B
20240408;095943;152.5;20;10058899858;B
20240408;095943;152.5;10;10058899859;B
20240408;095943;152.5;10;10058899860;B
20240408;095943;152.5;10;10058899861;B
20240408;095943;152.5;30;10058899862;B
20240408;095943;152.5;10;10058899863;B
20240408;095943;152.5;20;10058899864;B
20240408;095943;152.5;10;10058899865;B
20240408;095943;152.5;10;10058899866;B
20240408;095943;152.5;10;10058899867;B
20240408;095943;152.5;20;10058899868;B
20240408;095943;152.5;10;10058899869;B
20240408;095943;152.5;10;10058899870;B
20240408;095943;152.5;50;10058899871;B
20240408;095943;152.5;40;10058899872;B
20240408;095943;152.5;10;10058899873;B
20240408;095943;152.5;10;10058899874;B
20240408;095943;152.5;500;10058899875;B
20240408;095943;152.5;10;10058899876;B
20240408;095943;152.5;10;10058899877;S
20240408;095943;152.5;10;10058899878;S
20240408;095943;152.5;80;10058899879;B
20240408;095943;152.5;240;10058899880;B
20240408;095943;152.5;30;10058899881;B
20240408;095943;152.5;10;10058899882;B
20240408;095943;152.5;10;10058899883;B
20240408;095943;152.5;10;10058899884;S
20240408;095943;152.5;20;10058899885;S
20240408;095943;152.5;100;10058899886;S
20240408;095943;152.5;10;10058899887;S
20240408;095943;152.5;30;10058899888;S
20240408;095943;152.5;10;10058899889;S
20240408;095943;152.5;20;10058899890;S
20240408;095943;152.5;10;10058899891;S
20240408;095943;152.5;10;10058899892;S
20240408;095943;152.5;10;10058899893;S
20240408;095943;152.5;10;10058899894;S
20240408;095943;152.5;10;10058899895;S
20240408;095943;152.5;10;10058899896;S
20240408;095943;152.5;10;10058899897;S
20240408;095943;152.5;10;10058899898;S
20240408;095943;152.5;10;10058899899;S
20240408;095943;152.5;10;10058899900;S
20240408;095943;152.5;10;10058899901;S
20240408;095943;152.5;30;10058899902;S
20240408;095943;152.5;10;10058899903;B
20240408;095943;152.5;10;10058899904;B
20240408;095943;152.5;550;10058899905;B
20240408;095943;152.5;260;10058899906;B
20240408;095943;152.5;250;10058899907;S
20240408;095943;152.5;20;10058899908;S
20240408;095943;152.5;70;10058899909;S
20240408;095943;152.5;100;10058899910;S
20240408;095943;152.5;1330;10058899911;S
20240408;095943;152.5;150;10058899912;S
20240408;095943;152.5;10;10058899913;S
20240408;095943;152.5;90;10058899914;S
20240408;095943;152.5;30;10058899915;S
20240408;095943;152.5;10;10058899916;B
20240408;095943;152.5;3100;10058899917;B
20240408;095943;152.5;500;10058899918;B
20240408;095943;152.5;10;10058899919;B
20240408;095943;152.5;100;10058899920;B
20240408;095943;152.5;3290;10058899921;S
20240408;095943;152.5;6710;10058899922;S
20240408;095943;152.5;50;10058899923;S
20240408;095943;152.5;10;10058899924;B
20240408;095943;152.5;50;10058899925;B
20240408;095943;152.5;50;10058899926;B
20240408;095943;152.5;130;10058899927;B
20240408;095943;152.5;30;10058899928;B
20240408;095943;152.5;50;10058899929;B
20240408;095943;152.5;20;10058899930;S
20240408;095943;152.5;690;10058899931;B
20240408;095943;152.5;160;10058899932;B
20240408;095943;152.5;100;10058899933;B
20240408;095943;152.5;400;10058899934;B
20240408;095943;152.5;10;10058899935;B
20240408;095943;152.5;130;10058899936;B
20240408;095943;152.5;80;10058899937;B
20240408;095943;152.5;10;10058899938;B
20240408;095943;152.5;10;10058899939;B
20240408;095943;152.5;5410;10058899940;B
20240408;095943;152.5;1000;10058899941;S
20240408;095943;152.5;20;10058899942;S
20240408;095943;152.5;130;10058899943;S
20240408;095943;152.5;10;10058899944;S
20240408;095943;152.5;100;10058899945;B
20240408;095943;152.5;30;10058899946;S
20240408;095943;152.5;30;10058899947;B
20240408;095943;152.5;7000;10058899948;B
20240408;095943;152.5;30;10058899949;B
20240408;095943;152.5;6440;10058899950;B
20240408;095943;152.5;560;10058899951;B
20240408;095943;152.5;1440;10058899952;B
20240408;095943;152.5;2000;10058899953;B
20240408;095943;152.5;10;10058899954;B
20240408;095943;152.5;100;10058899955;B
20240408;095943;152.5;10;10058899956;B
20240408;095943;152.5;10;10058899957;B
20240408;095943;152.5;10;10058899958;B
20240408;095943;152.5;3420;10058899959;B
20240408;095943;152.5;10;10058899960;S
20240408;095943;152.5;70;10058899961;B
20240408;095943;152.5;10;10058899962;B
20240408;095943;152.5;250;10058899963;B
20240408;095943;152.5;10;10058899964;B
20240408;095943;152.5;160;10058899965;B
20240408;095943;152.5;10;10058899966;S
20240408;095943;152.5;10;10058899967;S
20240408;095943;152.5;100;10058899968;S
20240408;095943;152.5;10;10058899969;S
20240408;095943;152.5;60;10058899970;B
20240408;095943;152.5;10;10058899971;B
20240408;095943;152.5;30;10058899972;B
20240408;095943;152.5;500;10058899973;B
20240408;095943;152.5;10;10058899974;S
20240408;095943;152.5;5460;10058899975;S
20240408;095943;152.5;100;10058899976;S
20240408;095943;152.5;50;10058899977;S
20240408;095943;152.5;400;10058899978;B
20240408;100001;152.52;2000;10058908244;B
20240408;100001;152.5;10;10058908256;S
20240408;100001;152.6;50;10058908872;B
20240408;100001;152.52;500;10058908982;S
20240408;100001;152.5;480;10058908983;S
20240408;100001;152.5;200;10058908984;S
20240408;100001;152.5;100;10058908985;S
20240408;100001;152.5;100;10058908986;S
20240408;100001;152.5;20;10058908987;S
20240408;100001;152.48;660;10058908988;S
20240408;100001;152.48;4000;10058908989;S
20240408;100001;152.46;940;10058908990;S
20240408;100001;152.6;10;10058909185;B
20240408;100001;152.46;10;10058909195;S
20240408;100002;152.46;20;10058909300;S
20240408;100002;152.6;10;10058909302;B
20240408;100002;152.6;30;10058909303;B
20240408;100002;152.46;30;10058909314;S
20240408;100002;152.46;100;10058909315;S
20240408;100002;152.36;10;10058909316;S
20240408;100002;152.36;60;10058909317;S
20240408;100002;152.36;10;10058909318;S
20240408;100002;152.36;100;10058909322;S
20240408;100002;152.36;20;10058909323;S
20240408;100002;152.36;10;10058909332;S
20240408;100002;152.36;170;10058909333;S
20240408;100002;152.34;120;10058909334;S
20240408;100002;152.34;10;10058909335;S
20240408;100002;152.34;200;10058909341;S
20240408;100002;152.34;20;10058909343;S
20240408;100002;152.34;100;10058909344;S
20240408;100002;152.34;10;10058909345;S
20240408;100002;152.34;10;10058909347;S
20240408;100002;152.36;30;10058909349;S
20240408;100002;152.36;20;10058909350;S
20240408;100002;152.36;10;10058909351;S
20240408;100002;152.36;60;10058909353;S
20240408;100002;152.36;10;10058909354;S
20240408;100002;152.5;10;10058909357;S
20240408;100002;152.5;10;10058909360;S
20240408;100002;152.36;30;10058909361;S
20240408;100002;152.34;150;10058909362;S
20240408;100002;152.5;10;10058909368;S
20240408;100002;152.5;10;10058909373;S
20240408;100002;152.28;20;10058909374;S
20240408;100002;152.28;10;10058909377;S
20240408;100002;152.28;20;10058909382;S
20240408;100002;152.28;160;10058909383;S
20240408;100002;152.28;20;10058909384;S
20240408;100002;152.5;10;10058909424;S
20240408;100002;152.32;110;10058909425;S
20240408;100002;152.34;50;10058909432;S
20240408;100002;152.34;90;10058909448;S
20240408;100002;152.58;10;10058909497;B
20240408;100002;152.5;10;10058909542;S
20240408;100002;152.58;150;10058909646;B
20240408;100002;152.6;100;10058909647;B
20240408;100002;152.7;10;10058909648;B
20240408;100002;152.72;50;10058909649;B
20240408;100002;152.76;690;10058909650;B
20240408;100002;152.74;90;10058909852;B
20240408;100002;152.56;200;10058909876;S
20240408;100002;152.5;250;10058909877;S
20240408;100002;152.5;10;10058909878;S
20240408;100002;152.5;250;10058909879;S
20240408;100002;152.42;20;10058909894;S
20240408;100002;152.36;160;10058909895;S
20240408;100002;152.32;50;10058909896;S
20240408;100002;152.3;170;10058909897;S
20240408;100002;152.3;10;10058909898;S
20240408;100002;152.44;10;10058909903;B
20240408;100002;152.44;50;10058909912;B
20240408;100002;152.44;10;10058909918;B
20240408;100002;152.44;20;10058909943;B
20240408;100002;152.44;10;10058909945;B
20240408;100002;152.44;20;10058909946;B
20240408;100002;152.44;20;10058909949;B
20240408;100002;152.44;10;10058909953;B
20240408;100002;152.44;10;10058909954;B
20240408;100002;152.44;10;10058909959;B
20240408;100002;152.44;10;10058910125;B
20240408;100002;152.3;200;10058910133;S
20240408;100002;152.44;100;10058910135;B
20240408;100002;152.3;30;10058910136;S
20240408;100002;152.3;10;10058910140;S
20240408;100002;152.3;10;10058910141;S
20240408;100002;152.44;30;10058910142;B
20240408;100002;152.3;20;10058910145;S
20240408;100002;152.3;40;10058910146;S
20240408;100002;152.3;200;10058910147;S
20240408;100002;152.3;50;10058910149;S
20240408;100002;152.44;10;10058910150;B
20240408;100002;152.3;10;10058910166;S
20240408;100002;152.3;210;10058910167;S
20240408;100002;152.3;100;10058910168;S
20240408;100002;152.44;10;10058910174;B
20240408;100002;152.3;10;10058910175;S
20240408;100002;152.44;20;10058910179;B
20240408;100002;152.3;70;10058910182;S
20240408;100002;152.3;100;10058910185;S
20240408;100002;152.3;20;10058910186;S
20240408;100002;152.3;70;10058910189;S
20240408;100002;152.28;160;10058910190;S
20240408;100002;152.26;50;10058910191;S
20240408;100002;152.26;50;10058910192;S
20240408;100002;152.26;370;10058910193;S
20240408;100002;152.26;300;10058910195;S
20240408;100002;152.26;110;10058910214;S
20240408;100002;152.26;10;10058910215;S
20240408;100002;152.26;10;10058910219;S
20240408;100002;152.26;100;10058910221;S
20240408;100002;152.26;20;10058910230;S
20240408;100002;152.26;50;10058910245;S
20240408;100002;152.44;70;10058910297;B
20240408;100002;152.44;1000;10058910304;B
20240408;100002;152.26;10;10058910325;S
20240408;100002;152.44;20;10058910329;B
20240408;100002;152.26;500;10058910361;S
20240408;100002;152.44;130;10058910586;B
20240408;100002;152.44;4720;10058910624;B
20240408;100002;152.46;160;10058910625;B
20240408;100002;152.64;10;10058910626;B
20240408;100002;152.66;70;10058910627;B
20240408;100002;152.76;40;10058910628;B
20240408;100002;152.74;10;10058910651;B
20240408;100003;152.74;10;10058910713;B
20240408;100003;152.74;20;10058910719;B
20240408;100003;152.74;10;10058910722;B
20240408;100003;152.74;20;10058910723;B
20240408;100003;152.64;10;10058910732;S
20240408;100003;152.74;90;10058910777;B
20240408;100003;152.76;270;10058910778;B
20240408;100003;152.78;540;10058910779;B
20240408;100003;152.76;40;10058911113;B
20240408;100003;152.76;10;10058911117;B
20240408;100003;152.76;110;10058911123;B
20240408;100003;152.78;1210;10058911124;B
20240408;100003;152.78;80;10058911125;B
20240408;100003;152.78;50;10058911138;B
20240408;100003;152.78;10;10058911141;B
20240408;100003;152.78;10;10058911143;B
20240408;100003;152.78;10;10058911158;B
20240408;100003;152.78;10;10058911165;B
20240408;100003;152.78;10;10058911170;B
20240408;100003;152.78;10;10058911193;B
20240408;100003;152.78;10;10058911202;B
20240408;100003;152.78;10;10058911209;B
20240408;100003;152.78;10;10058911225;B
20240408;100003;152.78;10;10058911228;B
20240408;100003;152.78;10;10058911229;B
20240408;100003;152.78;10;10058911233;B
20240408;100003;152.84;40;10058911234;B
20240408;100003;152.84;70;10058911240;B
20240408;100003;152.84;10;10058911241;B
20240408;100003;152.84;40;10058911273;B
20240408;100003;152.86;200;10058911276;B
20240408;100003;152.86;10;10058911277;B
20240408;100003;152.84;10;10058911279;B
20240408;100003;152.84;10;10058911280;B
20240408;100003;152.84;10;10058911286;B
20240408;100003;152.86;10;10058911287;B
20240408;100003;152.86;10;10058911288;B
20240408;100003;152.86;10;10058911293;B
20240408;100003;152.86;20;10058911295;B
20240408;100003;152.62;90;10058911296;S
20240408;100003;152.86;50;10058911297;B
20240408;100003;152.86;90;10058911302;B
20240408;100003;152.88;10;10058911303;B
20240408;100003;152.88;60;10058911304;B
20240408;100003;152.64;100;10058911309;S
20240408;100003;152.62;70;10058911310;S
20240408;100003;152.6;230;10058911311;S
20240408;100003;152.86;100;10058911324;B
20240408;100003;152.86;10;10058911325;B
20240408;100003;152.86;10;10058911330;B
20240408;100003;152.86;10;10058911331;B
20240408;100003;152.86;10;10058911334;B
20240408;100003;152.62;10;10058911335;S
20240408;100003;152.88;10;10058911340;B
20240408;100003;152.88;10;10058911352;B
20240408;100003;152.88;20;10058911355;B
20240408;100003;152.88;140;10058911571;B
20240408;100003;152.94;30;10058911572;B
20240408;100003;152.96;10;10058911573;B
20240408;100003;152.96;320;10058911574;B
20240408;100003;152.96;100;10058911576;B
20240408;100003;152.96;20;10058911664;B
20240408;100003;152.64;100;10058911694;S
20240408;100003;152.62;150;10058911695;S
20240408;100003;152.62;20;10058911734;S
20240408;100003;152.94;150;10058911774;B
20240408;100003;152.96;3260;10058911775;B
20240408;100003;152.98;100;10058911776;B
20240408;100003;152.98;800;10058911777;B
20240408;100003;152.98;400;10058911778;B
20240408;100003;153;100;10058911779;B
20240408;100003;153;190;10058911780;B
20240408;100004;152.98;20;10058911871;B
20240408;100004;153;810;10058911964;B
20240408;100004;153;50;10058911965;B
20240408;100004;153;10;10058911966;B
20240408;100004;153.04;10;10058911967;B
20240408;100004;153.16;250;10058911968;B
20240408;100004;153.22;50;10058911995;B
20240408;100004;153.18;10;10058912141;S
20240408;100004;153.18;70;10058912179;S
20240408;100004;153.2;10;10058912200;B
20240408;100004;153.2;60;10058912243;B
20240408;100004;153.2;10;10058912246;B
20240408;100004;153.22;110;10058912285;B
20240408;100004;153.22;890;10058912317;B
20240408;100004;153.22;80;10058912318;B
20240408;100004;153.24;30;10058912319;B
20240408;100004;153.24;10;10058912337;B
20240408;100004;153.2;140;10058912461;S
20240408;100004;153.2;20;10058912462;S
20240408;100004;153.24;10;10058912659;B
20240408;100004;153.24;50;10058912660;B
20240408;100004;153.24;200;10058912661;B
20240408;100004;153.28;750;10058912662;B
20240408;100005;153.2;80;10058912713;S
20240408;100005;153.2;40;10058912714;S
20240408;100005;153.18;10;10058912715;S
20240408;100005;153.06;70;10058912716;S
20240408;100005;153.26;20;10058912981;B
20240408;100005;153.2;10;10058912986;S
20240408;100005;153.2;10;10058912987;S
20240408;100005;153.06;30;10058912988;S
20240408;100005;153.26;50;10058913052;B
20240408;100005;153.28;950;10058913053;B
20240408;100005;153.36;10;10058913054;B
20240408;100005;153.4;190;10058913055;B
20240408;100005;153.38;10;10058913060;B
20240408;100005;153.06;30;10058913102;S
20240408;100005;153.38;20;10058913143;B
20240408;100005;153.4;2000;10058913157;B
20240408;100005;153.38;30;10058913404;B
20240408;100005;153.4;1070;10058913405;B
20240408;100005;153.4;10;10058913416;B
20240408;100005;153.4;20;10058913420;B
20240408;100005;153.4;10;10058913428;B
20240408;100005;153.4;10;10058913430;B
20240408;100005;153.4;20;10058913436;B
20240408;100005;153.22;10;10058913689;S
20240408;100005;153.1;100;10058913690;S
20240408;100005;153.1;30;10058913691;S
20240408;100006;153.4;110;10058914258;B
20240408;100006;153.4;10;10058914568;B
20240408;100006;153.4;10;10058914748;B
20240408;100006;153.4;800;10058914853;B
20240408;100006;153.4;10;10058914860;B
20240408;100006;153.4;20;10058914881;B
20240408;100006;153.4;20;10058914894;B
20240408;100006;153.4;10;10058914906;B
20240408;100006;153.4;10;10058914924;B
20240408;100006;153.32;10;10058915109;S
20240408;100006;153.14;50;10058915110;S
20240408;100006;153.12;30;10058915111;S
20240408;100006;153.38;30;10058915369;B
20240408;100006;153.4;70;10058915370;B
20240408;100006;153.4;10;10058915383;B
20240408;100006;153.4;30;10058915400;B
20240408;100006;153.4;10;10058915505;B
20240408;100006;153.4;10;10058915510;B
20240408;100006;153.4;10;10058915513;B
20240408;100006;153.4;100;10058915859;B
20240408;100006;153.4;10;10058916080;B
20240408;100006;153.4;30;10058916716;B
20240408;100006;153.4;10;10058916732;B
20240408;100006;153.4;30;10058916736;B
20240408;100006;153.4;100;10058916752;B
20240408;100006;153.4;20;10058916815;B
20240408;100006;153.4;10;10058916836;B
20240408;100006;153.4;10;10058917076;B
20240408;100007;153.4;50;10058917404;B
20240408;100007;153.4;10;10058917647;B
20240408;100007;153.4;250;10058917658;B
20240408;100007;153.48;10;10058917824;B
20240408;100007;153.48;10;10058917933;B
20240408;100007;153.48;10;10058918108;B
20240408;100007;153.48;30;10058918114;B
20240408;100007;153.48;10;10058918117;B
20240408;100007;153.48;10;10058918118;B
20240408;100007;153.48;10;10058918121;B
20240408;100007;153.48;20;10058918125;B
20240408;100007;153.5;10;10058918126;B
20240408;100007;153.5;10;10058918130;B
20240408;100007;153.5;20;10058918382;B
20240408;100007;153.5;100;10058918383;B
20240408;100007;153.5;50;10058918384;B
20240408;100007;153.52;700;10058918385;B
20240408;100007;153.68;130;10058918386;B
20240408;100007;153.68;10;10058918411;B
20240408;100007;153.68;60;10058918495;B
20240408;100007;153.68;10;10058918498;B
20240408;100007;153.68;10;10058918550;B
20240408;100007;153.68;4780;10058918668;B
20240408;100007;153.7;2220;10058918669;B
20240408;100008;153.7;2500;10058918913;B
20240408;100008;153.7;3500;10058919066;B
20240408;100008;153.7;1000;10058919080;B
20240408;100008;153.58;40;10058919082;S
20240408;100008;153.68;10;10058919353;B
20240408;100008;153.68;30;10058919393;B
20240408;100008;153.7;1780;10058919394;B
20240408;100008;153.7;50;10058919395;B
20240408;100008;153.78;10;10058919396;B
20240408;100008;153.8;200;10058919397;B
20240408;100008;153.8;250;10058919398;B
20240408;100008;153.9;10;10058919399;B
20240408;100008;153.9;170;10058919400;B
20240408;100008;153.9;10;10058919566;B
20240408;100008;153.9;20;10058919567;B
20240408;100008;153.9;20;10058919569;B
20240408;100008;153.9;10;10058919606;B
20240408;100008;153.76;50;10058919635;S
20240408;100008;153.9;1770;10058919993;B
20240408;100008;153.9;50;10058919994;B
20240408;100008;153.94;200;10058919995;B
20240408;100008;153.94;50;10058919996;B
20240408;100008;153.98;100;10058919997;B
20240408;100008;154;500;10058919998;B
20240408;100008;154;100;10058919999;B
20240408;100008;154;500;10058920000;B
20240408;100008;154;60;10058920001;B
20240408;100008;154;130;10058920002;B
20240408;100008;154.2;500;10058920003;B
20240408;100008;154.24;200;10058920004;B
20240408;100008;154.34;840;10058920005;B
20240408;100008;154.34;10;10058920226;B
20240408;100008;154.12;160;10058920316;S
20240408;100008;154.1;140;10058920317;S
20240408;100008;154.34;100;10058920323;B
20240408;100008;154.12;100;10058920325;S
20240408;100009;154.32;10;10058920990;B
20240408;100009;154.32;10;10058921255;B
20240408;100009;154.32;10;10058921338;B
20240408;100009;154.32;130;10058921433;B
20240408;100009;154.36;300;10058921434;B
20240408;100009;154.36;70;10058921435;B
20240408;100009;154.36;100;10058921440;B
20240408;100009;154.34;100;10058921491;B
20240408;100009;154.36;1100;10058921492;B
20240408;100009;154.36;10;10058921535;B
20240408;100009;154.36;10;10058921539;B
20240408;100009;154.36;10;10058921542;B
20240408;100009;154.36;40;10058921765;B
20240408;100009;154.36;10;10058922023;B
20240408;100009;154.24;50;10058922040;S
20240408;100009;154.22;160;10058922041;S
20240408;100009;154.2;290;10058922042;S
20240408;100009;154.36;10;10058922053;B
20240408;100009;154.34;10;10058922077;B
20240408;100009;154.34;10;10058922083;B
20240408;100009;154.34;140;10058922125;B
20240408;100009;154.36;160;10058922126;B
20240408;100009;154.32;10;10058922613;B
20240408;100009;154.32;90;10058922633;B
20240408;100009;154.32;40;10058922711;B
20240408;100009;154.32;800;10058922753;B
20240408;100010;154.3;90;10058922833;B
20240408;100010;154.3;100;10058922881;B
20240408;100010;154.3;10;10058922883;B
20240408;100010;154.3;30;10058922885;B
20240408;100010;154.3;10;10058922892;B
20240408;100010;154.22;10;10058922932;S
20240408;100010;154.22;100;10058922933;S
20240408;100010;154.28;10;10058923099;B
20240408;100010;154.28;40;10058923102;B
20240408;100010;154.28;110;10058923103;B
20240408;100010;154.28;40;10058923104;B
20240408;100010;154.3;110;10058923105;B
20240408;100010;154.3;10;10058923107;B
20240408;100010;154.3;10;10058923110;B
20240408;100010;154.3;10;10058923129;B
20240408;100010;154.3;10;10058923174;B
20240408;100010;154.3;20;10058923314;B
20240408;100010;154.3;10;10058923567;B
20240408;100010;154.3;50;10058923593;B
20240408;100010;154.22;50;10058923614;S
20240408;100010;154.2;50;10058923615;S
20240408;100010;154.2;600;10058923616;S
20240408;100010;154.14;100;10058923617;S
20240408;100010;154.14;50;10058923618;S
20240408;100010;154.14;1330;10058923619;S
20240408;100010;154.12;1000;10058923620;S
20240408;100010;154.12;10;10058923621;S
20240408;100010;154.1;2000;10058923622;S
20240408;100010;154.08;500;10058923623;S
20240408;100010;153.98;810;10058923624;S
20240408;100010;153.98;860;10058923628;S
20240408;100010;153.96;2000;10058923629;S
20240408;100010;153.94;50;10058923630;S
20240408;100010;153.9;3590;10058923631;S
20240408;100010;153.92;160;10058923635;S
20240408;100010;153.92;10;10058923684;B
20240408;100010;153.9;100;10058923857;S
20240408;100010;153.92;250;10058923866;B
20240408;100010;153.92;130;10058923876;B
20240408;100010;153.92;1000;10058923884;B
20240408;100010;153.92;500;10058923892;B
20240408;100010;153.92;10;10058923927;B
20240408;100010;153.92;90;10058923973;B
20240408;100010;153.92;20;10058924528;B
20240408;100010;153.92;10;10058924648;B
20240408;100010;153.92;10;10058924661;B
20240408;100010;153.92;10;10058924663;B
20240408;100010;153.92;10;10058924690;B
20240408;100010;153.92;10;10058924756;B
20240408;100010;153.92;10;10058924830;B
20240408;100011;153.92;10;10058924931;B
20240408;100011;153.92;3650;10058924962;B
20240408;100011;153.92;20;10058924963;B
20240408;100011;153.92;140;10058924965;B
20240408;100011;153.92;10;10058924966;B
20240408;100011;153.92;20;10058924967;B
20240408;100011;153.92;70;10058924968;B
20240408;100011;153.92;10;10058924969;B
20240408;100011;153.92;10;10058924970;B
20240408;100011;153.92;80;10058924978;B
20240408;100011;153.92;10;10058925011;B
20240408;100011;153.92;160;10058925039;B
20240408;100011;153.92;10;10058925058;B
20240408;100011;153.92;10;10058925111;B
20240408;100011;153.92;10;10058925129;B
20240408;100011;153.92;40;10058925178;B
20240408;100011;153.94;30;10058925179;B
20240408;100011;153.9;50;10058925212;S
20240408;100011;153.9;10;10058925307;S
20240408;100011;153.92;10;10058925326;B
20240408;100011;153.94;10;10058925327;B
20240408;100011;153.92;10;10058925388;B
20240408;100011;153.92;10;10058925396;B
20240408;100011;153.92;80;10058925507;B
20240408;100011;153.94;10;10058925520;B
20240408;100011;154.22;10;10058925837;B
20240408;100011;154.22;10;10058925840;B
20240408;100011;154.22;10;10058925842;B
20240408;100011;154.22;20;10058925844;B
20240408;100011;154.28;160;10058925845;B
20240408;100011;154.3;480;10058925846;B
20240408;100011;154.3;640;10058925847;B
20240408;100011;154.3;20;10058925851;B
20240408;100011;154.3;20;10058925853;B
20240408;100011;154.3;1320;10058925856;B
20240408;100011;154.3;1680;10058925857;B
20240408;100011;153.94;20;10058925918;S
20240408;100011;154.28;10;10058925934;B
20240408;100011;154.2;50;10058926303;B
20240408;100011;154.2;10;10058926304;B
20240408;100011;154.28;10;10058926305;B
20240408;100011;154.3;130;10058926306;B
20240408;100011;154.3;10;10058926307;B
20240408;100011;154.3;10;10058926313;B
20240408;100011;154.3;10;10058926347;B
20240408;100011;154.06;160;10058926348;S
20240408;100011;154.04;130;10058926349;S
20240408;100011;154.3;50;10058926350;B
20240408;100011;154.28;50;10058926352;B
20240408;100011;154.28;50;10058926355;B
20240408;100011;154.06;160;10058926446;S
20240408;100011;154.04;490;10058926447;S
20240408;100011;154.28;10;10058926513;B
20240408;100011;154.06;100;10058926522;S
20240408;100011;154.28;10;10058926598;B
20240408;100011;154.06;60;10058926681;S
20240408;100011;154.06;170;10058926682;S
20240408;100011;154.08;70;10058926691;S
20240408;100011;154.08;40;10058926695;S
20240408;100011;154.08;10;10058926696;S
20240408;100011;154.28;10;10058926710;B
20240408;100012;154.08;40;10058926957;S
20240408;100012;154.08;10;10058927042;S
20240408;100012;154.28;10;10058927049;B
20240408;100012;154.08;120;10058927093;S
20240408;100012;154.28;10;10058927102;B
20240408;100012;154.28;10;10058927353;B
20240408;100012;154.28;50;10058927354;B
20240408;100012;154.28;700;10058927355;B
20240408;100012;154.28;1200;10058927356;B
20240408;100012;154.3;2000;10058927357;B
20240408;100012;154.32;1040;10058927358;B
20240408;100012;154.3;90;10058927511;B
20240408;100012;154.3;50;10058927681;B
20240408;100012;154.3;10;10058927722;B
20240408;100012;154.3;10;10058927822;B
20240408;100012;154.3;10;10058928495;B
20240408;100012;154.3;10;10058928542;B
20240408;100012;154.3;140;10058928544;B
20240408;100012;154.32;20;10058928545;B
20240408;100012;154.32;10;10058928547;B
20240408;100012;154.3;100;10058928549;B
20240408;100012;154.2;160;10058928550;S
20240408;100012;154.18;1330;10058928551;S
20240408;100012;154.16;1990;10058928552;S
20240408;100012;154.14;160;10058928603;S
20240408;100012;154.12;50;10058928604;S
20240408;100012;154.12;1330;10058928605;S
20240408;100012;154.1;100;10058928606;S
20240408;100012;154.1;100;10058928607;S
20240408;100012;154.1;50;10058928608;S
20240408;100012;154.08;210;10058928609;S
20240408;100012;154.3;10;10058928712;B
20240408;100012;154.3;10;10058928713;B
20240408;100012;154.3;10;10058928714;B
20240408;100012;154.3;20;10058928715;B
20240408;100012;154.26;40;10058928737;S
20240408;100012;154.26;10;10058928738;S
20240408;100012;154.26;200;10058928739;S
20240408;100013;154.3;10;10058928757;B
20240408;100013;154.32;1990;10058928758;B
20240408;100013;154.36;160;10058928768;B
20240408;100013;154.38;10;10058928769;B
20240408;100013;154.38;800;10058928770;B
20240408;100013;154.4;530;10058928771;B
20240408;100013;154.38;160;10058928776;B
20240408;100013;154.4;4840;10058928777;B
20240408;100013;154.3;10;10058928808;S
20240408;100013;154.3;40;10058928865;S
20240408;100013;154.28;40;10058928866;S
20240408;100013;154.28;50;10058928867;S
20240408;100013;154.26;170;10058928868;S
20240408;100013;154.26;10;10058928870;S
20240408;100013;154.38;50;10058928917;B
20240408;100013;154.38;30;10058928920;B
20240408;100013;154.38;50;10058928921;B
20240408;100013;154.4;4030;10058928922;B
20240408;100013;154.4;30;10058928923;B
20240408;100013;154.4;890;10058928924;B
20240408;100013;154.4;100;10058928968;B
20240408;100013;154.4;10;10058928974;B
20240408;100013;154.4;500;10058929026;B
20240408;100013;154.4;10;10058929028;B
20240408;100013;154.4;100;10058929033;B
20240408;100013;154.4;250;10058929035;B
20240408;100013;154.4;20;10058929042;B
20240408;100013;154.4;50;10058929072;B
20240408;100013;154.4;1070;10058929085;B
20240408;100013;154.4;30;10058929086;B
20240408;100013;154.4;500;10058929087;B
20240408;100013;154.42;400;10058929088;B
20240408;100013;154.38;50;10058929091;S
20240408;100013;154.42;1000;10058929101;B
20240408;100013;154.42;1600;10058929119;B
20240408;100013;154.44;600;10058929120;B
20240408;100013;154.46;10;10058929121;B
20240408;100013;154.48;2500;10058929122;B
20240408;100013;154.48;100;10058929123;B
20240408;100013;154.5;100;10058929132;B
20240408;100013;154.52;10;10058929142;S
20240408;100013;154.54;300;10058929165;B
20240408;100013;154.7;550;10058929176;B
20240408;100014;154.58;20;10058929274;S
20240408;100014;154.58;140;10058929275;S
20240408;100014;154.58;1330;10058929276;S
20240408;100014;154.58;1670;10058929277;S
20240408;100014;154.56;700;10058929278;S
20240408;100014;154.56;3960;10058929279;S
20240408;100014;154.58;20;10058929312;S
20240408;100014;154.68;20;10058929317;B
20240408;100014;154.7;80;10058929318;B
20240408;100014;154.68;10;10058929381;B
20240408;100014;154.68;10;10058929387;B
20240408;100014;154.58;40;10058929393;S
20240408;100014;154.56;50;10058929394;S
20240408;100014;154.56;500;10058929395;S
20240408;100014;154.54;160;10058929396;S
20240408;100014;154.52;10;10058929397;S
20240408;100014;154.52;640;10058929398;S
20240408;100014;154.68;30;10058929406;B
20240408;100014;154.68;10;10058929424;B
20240408;100014;154.62;500;10058929558;S
20240408;100014;154.6;100;10058929559;S
20240408;100014;154.68;100;10058929586;B
20240408;100014;154.68;5000;10058929587;B
20240408;100014;154.7;570;10058929588;B
20240408;100014;154.76;100;10058929589;B
20240408;100014;154.78;10;10058929590;B
20240408;100014;154.86;1430;10058929591;B
20240408;100014;154.88;10;10058929592;B
20240408;100014;154.88;40;10058929593;B
20240408;100014;154.88;2000;10058929594;B
20240408;100014;154.88;2000;10058929595;B
20240408;100014;154.9;8740;10058929596;B
20240408;100014;154.6;50;10058929631;S
20240408;100014;154.58;50;10058929632;S
20240408;100014;154.54;80;10058929633;S
20240408;100015;154.64;50;10058929765;B
20240408;100015;154.64;450;10058929815;B
20240408;100015;154.64;50;10058929816;B
20240408;100015;154.82;100;10058929889;B
20240408;100015;154.82;10;10058929935;B
20240408;100015;154.82;90;10058929936;B
20240408;100015;154.82;10;10058929945;B
20240408;100015;154.74;10;10058930032;S
20240408;100015;154.74;500;10058930033;S
20240408;100015;154.72;160;10058930034;S
20240408;100015;154.7;150;10058930035;S
20240408;100015;154.68;150;10058930036;S
20240408;100015;154.68;50;10058930037;S
20240408;100015;154.68;150;10058930038;S
20240408;100016;154.66;10;10058930072;B
20240408;100016;154.66;500;10058930080;B
20240408;100016;154.66;10;10058930144;B
20240408;100016;154.66;2590;10058930189;B
20240408;100016;154.66;1000;10058930227;B
20240408;100016;154.64;10;10058930283;S
20240408;100016;154.66;50;10058930435;B
20240408;100016;154.64;50;10058930436;S
20240408;100017;154.64;440;10058930622;S
20240408;100017;154.62;300;10058930623;S
20240408;100017;154.6;50;10058930624;S
20240408;100017;154.58;160;10058930669;B
20240408;100017;154.6;340;10058930670;B
20240408;100017;154.56;100;10058930840;S
20240408;100017;154.6;20;10058930854;B
20240408;100017;154.56;400;10058930859;S
20240408;100017;154.56;30;10058930860;S
20240408;100017;154.58;10;10058930977;B
20240408;100017;154.56;20;10058931063;S
20240408;100017;154.58;10;10058931108;B
20240408;100017;154.58;10;10058931111;B
20240408;100017;154.6;20;10058931112;B
20240408;100017;154.54;300;10058931163;S
20240408;100017;154.52;500;10058931165;B
20240408;100017;154.46;10;10058931171;B
20240408;100018;154.46;20;10058931200;B
20240408;100018;154.46;70;10058931201;B
20240408;100018;154.46;150;10058931202;B
20240408;100018;154.52;200;10058931203;B
20240408;100018;154.56;10;10058931204;B
20240408;100018;154.6;10;10058931247;B
20240408;100018;154.56;100;10058931250;S
20240408;100018;154.6;100;10058931260;B
20240408;100018;154.58;140;10058931305;S
20240408;100018;154.6;50;10058931332;B
20240408;100018;154.6;30;10058931334;B
20240408;100018;154.58;50;10058931335;S
20240408;100018;154.6;10;10058931391;B
20240408;100018;154.58;40;10058931400;S
20240408;100018;154.6;10;10058931417;B
20240408;100019;154.6;70;10058931478;B
20240408;100019;154.6;10;10058931610;B
20240408;100019;154.58;270;10058931624;S
20240408;100019;154.56;1730;10058931625;S
20240408;100019;154.6;20;10058931639;B
20240408;100019;154.6;10;10058931702;B
20240408;100020;154.58;10;10058931830;S
20240408;100020;154.6;10;10058931863;B
20240408;100020;154.6;100;10058931864;B
20240408;100020;154.6;10;10058931865;B
20240408;100020;154.64;2000;10058931866;B
20240408;100020;154.66;3480;10058931867;B
20240408;100020;154.64;50;10058931996;S
20240408;100020;154.66;10;10058932043;B
20240408;100020;154.8;10;10058932044;B
20240408;100020;154.84;70;10058932045;B
20240408;100020;154.84;10;10058932068;B
20240408;100020;154.82;30;10058932162;B
20240408;100020;154.82;10;10058932174;B
20240408;100021;154.74;200;10058932252;S
20240408;100021;154.8;100;10058932281;B
20240408;100021;154.82;240;10058932282;B
20240408;100021;154.78;1000;10058932299;B
20240408;100021;154.78;300;10058932310;B
20240408;100021;154.78;50;10058932329;B
20240408;100021;154.78;10;10058932333;B
20240408;100021;154.78;100;10058932334;B
20240408;100021;154.78;10;10058932345;B
20240408;100021;154.76;10;10058932391;S
20240408;100021;154.76;50;10058932422;S
20240408;100021;154.78;5530;10058932428;B
20240408;100021;154.8;1000;10058932429;B
20240408;100021;154.8;1200;10058932430;B
20240408;100021;154.82;6720;10058932431;B
20240408;100021;154.84;1920;10058932432;B
20240408;100021;154.86;600;10058932433;B
20240408;100021;154.88;50;10058932434;B
20240408;100021;154.9;31260;10058932435;B
20240408;100021;154.9;10;10058932436;B
20240408;100021;154.9;1710;10058932437;B
20240408;100021;154.9;100;10058932452;B
20240408;100022;154.88;10;10058932501;S
20240408;100022;154.82;500;10058932502;S
20240408;100022;154.8;160;10058932503;S
20240408;100022;154.74;1330;10058932504;S
20240408;100022;154.9;10;10058932561;B
20240408;100022;154.9;180;10058932585;B
20240408;100022;154.92;2000;10058932586;B
20240408;100022;154.92;3700;10058932587;B
20240408;100022;154.94;2000;10058932588;B
20240408;100022;154.96;100;10058932589;B
20240408;100022;154.96;2000;10058932590;B
20240408;100022;154.98;10;10058932597;B
20240408;100022;154.98;190;10058932606;B
20240408;100022;154.98;810;10058932607;B
20240408;100022;154.98;190;10058932610;B
20240408;100022;154.98;1310;10058932611;B
20240408;100022;154.98;690;10058932615;B
20240408;100022;155;1200;10058932616;B
20240408;100022;155;4110;10058932617;B
20240408;100022;155;1000;10058932640;B
20240408;100022;155;10;10058932649;B
20240408;100022;155;10;10058932650;B
20240408;100022;155;4870;10058932652;B
20240408;100022;155;130;10058932653;B
20240408;100022;155;1000;10058932664;B
20240408;100022;155;20;10058932665;B
20240408;100022;155;1850;10058932666;B
20240408;100022;155;100;10058932667;B
20240408;100022;155;10;10058932668;B
20240408;100022;155;10;10058932669;B
20240408;100022;155;1000;10058932670;B
20240408;100022;155;1030;10058932671;B
20240408;100022;155;400;10058932683;B
20240408;100022;154.98;10;10058932684;S
20240408;100022;155;50;10058932702;B
20240408;100022;155;520;10058932705;B
20240408;100022;155;5000;10058932706;B
20240408;100022;155.02;100;10058932750;B
20240408;100022;155.02;500;10058932753;B
20240408;100022;155;20;10058932755;S
20240408;100022;155.02;700;10058932763;B
20240408;100022;155.04;160;10058932764;B
20240408;100022;155.08;1140;10058932765;B
20240408;100022;155.08;700;10058932785;B
20240408;100022;155.08;5000;10058932786;B
20240408;100022;155.08;1000;10058932796;B
20240408;100022;155.08;10;10058932797;B
20240408;100023;155.08;4000;10058932815;B
20240408;100023;155.08;650;10058932818;B
20240408;100023;155.2;500;10058932819;B
20240408;100023;155.22;460;10058932820;B
20240408;100023;155.22;800;10058932822;B
20240408;100023;155.22;380;10058932824;B
20240408;100023;155.22;360;10058932917;B
20240408;100023;155.38;10;10058932918;B
20240408;100023;155.46;10;10058932919;B
20240408;100023;155.48;100;10058932920;B
20240408;100023;155.48;100;10058932921;B
20240408;100023;155.52;40;10058932922;B
20240408;100023;155.78;10;10058932923;B
20240408;100023;155.78;60;10058932924;B
20240408;100023;155.78;10;10058932940;B
20240408;100023;155.36;50;10058932955;S
20240408;100023;155.78;10;10058932957;B
20240408;100023;155.72;10;10058933039;B
20240408;100023;155.58;160;10058933041;S
20240408;100023;155.56;440;10058933042;S
20240408;100023;155.7;160;10058933044;B
20240408;100023;155.72;120;10058933045;B
20240408;100023;155.72;10;10058933070;B
20240408;100023;155.72;50;10058933102;B
20240408;100023;155.72;50;10058933130;B
20240408;100024;155.68;10;10058933234;B
20240408;100024;155.68;1490;10058933238;B
20240408;100024;155.72;320;10058933239;B
20240408;100024;155.66;50;10058933266;S
20240408;100024;155.72;10;10058933322;B
20240408;100024;155.68;700;10058933395;B
20240408;100024;155.72;4300;10058933396;B
20240408;100024;155.66;100;10058933415;S
20240408;100024;155.72;10;10058933417;B
20240408;100024;155.72;100;10058933436;B
20240408;100024;155.72;30;10058933439;B
20240408;100025;155.68;10;10058933741;B
20240408;100025;155.72;40;10058933742;B
20240408;100025;155.72;30;10058933785;B
20240408;100025;155.72;100;10058933912;B
20240408;100025;155.72;820;10058934041;B
20240408;100025;155.76;150;10058934042;B
20240408;100025;155.78;1910;10058934043;B
20240408;100025;155.82;160;10058934146;S
20240408;100025;155.8;440;10058934147;S
20240408;100025;155.88;10;10058934186;B
20240408;100025;155.88;150;10058934222;B
20240408;100025;155.9;6490;10058934223;B
20240408;100025;155.9;10;10058934233;B
20240408;100025;155.82;50;10058934239;S
20240408;100025;155.88;50;10058934242;B
20240408;100025;155.9;50;10058934243;B
20240408;100025;155.86;650;10058934325;B
20240408;100025;155.86;10;10058934338;B
20240408;100026;155.86;200;10058934419;B
20240408;100026;155.86;10;10058934420;B
20240408;100026;155.86;100;10058934457;B
20240408;100026;155.86;20;10058934461;B
20240408;100026;155.86;20;10058934513;B
20240408;100026;155.86;2740;10058934527;B
20240408;100026;155.86;50;10058934533;B
20240408;100026;155.86;10;10058934538;B
20240408;100026;155.86;100;10058934594;B
20240408;100026;155.86;1000;10058934603;B
20240408;100026;155.86;10;10058934612;B
20240408;100026;155.84;50;10058934624;S
20240408;100026;155.84;50;10058934728;S
20240408;100026;155.86;260;10058934767;B
20240408;100026;155.84;450;10058934811;S
20240408;100026;155.82;30;10058934812;S
20240408;100026;155.82;20;10058934815;B
20240408;100026;155.86;100;10058934816;B
20240408;100027;155.86;20;10058934832;B
20240408;100027;155.86;10;10058934833;B
20240408;100027;155.86;100;10058934841;B
20240408;100027;155.86;100;10058934850;B
20240408;100027;155.86;30;10058934862;B
20240408;100027;155.86;10;10058934863;B
20240408;100027;155.8;10;10058934864;S
20240408;100027;155.8;10;10058934865;S
20240408;100027;155.8;50;10058934900;S
20240408;100027;155.8;100;10058934937;S
20240408;100027;155.84;30;10058935012;B
20240408;100027;155.8;50;10058935015;S
20240408;100027;155.8;100;10058935050;S
20240408;100027;155.8;190;10058935077;S
20240408;100027;155.8;50;10058935078;S
20240408;100027;155.78;20;10058935079;S
20240408;100027;155.78;160;10058935080;S
20240408;100027;155.82;30;10058935082;B
20240408;100027;155.82;40;10058935083;B
20240408;100027;155.82;160;10058935084;B
20240408;100027;155.84;570;10058935085;B
20240408;100027;155.84;460;10058935086;B
20240408;100027;155.72;20;10058935087;S
20240408;100027;155.72;20;10058935088;S
20240408;100027;155.7;20;10058935089;S
20240408;100027;155.7;10;10058935090;B
20240408;100027;155.7;10;10058935091;B
20240408;100027;155.7;20;10058935093;B
20240408;100027;155.66;50;10058935095;S
20240408;100027;155.64;160;10058935096;S
20240408;100027;155.64;290;10058935097;S
20240408;100027;155.62;50;10058935121;S
20240408;100027;155.62;2000;10058935122;S
20240408;100027;155.62;160;10058935123;S
20240408;100027;155.56;250;10058935124;S
20240408;100027;155.54;50;10058935125;S
20240408;100027;155.52;50;10058935126;S
20240408;100027;155.42;1330;10058935127;S
20240408;100027;155.4;500;10058935128;S
20240408;100027;155.38;50;10058935129;S
20240408;100027;155.38;2000;10058935130;S
20240408;100027;155.36;100;10058935131;S
20240408;100028;155.3;10;10058935213;B
20240408;100028;155.26;1330;10058935214;S
20240408;100028;155.24;500;10058935215;S
20240408;100028;155.2;800;10058935216;S
20240408;100028;155.2;160;10058935217;S
20240408;100028;155.18;600;10058935218;S
20240408;100028;155.16;500;10058935219;S
20240408;100028;155.06;1110;10058935220;S
20240408;100028;155.08;400;10058935234;S
20240408;100028;155.3;10;10058935259;B
20240408;100028;155.26;20;10058935341;B
20240408;100028;155.12;500;10058935358;S
20240408;100029;155.06;20;10058935499;S
20240408;100029;155.1;50;10058935511;B
20240408;100029;155.1;60;10058935531;B
20240408;100029;155.04;50;10058935580;S
20240408;100029;155.04;100;10058935680;S
20240408;100029;155.02;10;10058935681;S
20240408;100029;155.02;250;10058935682;S
20240408;100029;155;2580;10058935683;S
20240408;100029;155;100;10058935684;S
20240408;100029;155;200;10058935685;B
20240408;100030;154.8;10;10058935953;B
20240408;100030;154.98;500;10058935954;B
20240408;100030;155;490;10058935955;B
20240408;100030;154.82;30;10058936064;B
20240408;100030;154.88;20;10058936065;B
20240408;100030;154.98;1990;10058936066;B
20240408;100030;155;270;10058936067;B
20240408;100030;155;160;10058936068;B
20240408;100030;155.08;2000;10058936069;B
20240408;100030;155.1;200;10058936070;B
20240408;100030;155.22;200;10058936071;B
20240408;100030;155.26;10;10058936072;B
20240408;100030;155.26;2590;10058936073;B
20240408;100030;155.26;170;10058936074;B
20240408;100030;155.28;200;10058936075;B
20240408;100030;155.3;3440;10058936076;B
20240408;100030;155.36;500;10058936077;B
20240408;100030;155.52;200;10058936078;B
20240408;100030;155.54;10;10058936079;B
20240408;100030;155.56;10;10058936080;B
20240408;100030;154.86;10;10058936193;S
20240408;100030;154.92;1330;10058936209;S
20240408;100030;154.92;60;10058936213;B
20240408;100030;155.54;160;10058936214;B
20240408;100030;155.54;770;10058936215;B
20240408;100031;155.54;10;10058936264;B
20240408;100031;154.96;20;10058936271;S
20240408;100031;154.96;10;10058936314;S
20240408;100031;154.96;30;10058936334;S
20240408;100031;155.52;10;10058936394;B
20240408;100031;155.54;50;10058936518;B
20240408;100031;155.52;10;10058936601;B
20240408;100032;155.52;10;10058936608;B
20240408;100032;155.46;30;10058936616;S
20240408;100032;155.46;100;10058936617;S
20240408;100032;155.52;20;10058936621;B
20240408;100032;155.52;300;10058936632;B
20240408;100032;155.52;100;10058936659;B
20240408;100032;155.46;100;10058936720;S
20240408;100032;155.48;20;10058936798;B
20240408;100032;155.44;20;10058936852;S
20240408;100033;155.42;10;10058937107;B
20240408;100033;155.42;40;10058937146;B
20240408;100033;155.44;10;10058937151;B
20240408;100033;155.3;60;10058937187;S
20240408;100033;155.44;10;10058937207;B
20240408;100033;155.34;70;10058937216;B
20240408;100034;155.34;130;10058937352;B
20240408;100034;155.38;160;10058937388;B
20240408;100034;155.4;600;10058937389;B
20240408;100034;155.4;1740;10058937390;B
20240408;100034;155.4;120;10058937417;B
20240408;100035;155.4;70;10058937485;B
20240408;100035;155.4;100;10058937558;B
20240408;100035;155.4;200;10058937559;B
20240408;100035;155.38;50;10058937597;S
20240408;100035;155.34;850;10058937612;B
20240408;100035;155.34;200;10058937613;B
20240408;100035;155.32;10;10058937719;S
20240408;100035;155.34;5000;10058937722;B
20240408;100035;155.32;10;10058937737;S
20240408;100036;155.34;1000;10058937791;B
20240408;100036;155.34;10;10058937797;B
20240408;100036;155.34;1450;10058937815;B
20240408;100036;155.3;50;10058937893;S
20240408;100036;155.3;50;10058937921;S
20240408;100036;155.28;200;10058937922;S
20240408;100036;155.28;50;10058937923;S
20240408;100036;155.24;50;10058937924;S
20240408;100036;155.22;30;10058937925;S
20240408;100036;155.22;160;10058937926;S
20240408;100036;155.2;500;10058937927;S
20240408;100036;155.2;100;10058937959;B
20240408;100036;155.2;600;10058938042;B
20240408;100036;155.2;4780;10058938076;B
20240408;100036;155.2;200;10058938090;B
20240408;100036;155.2;280;10058938095;B
20240408;100036;155.22;160;10058938096;B
20240408;100036;155.32;10;10058938097;B
20240408;100036;155.34;1440;10058938098;B
20240408;100036;155.34;450;10058938099;B
20240408;100036;155.4;660;10058938100;B
20240408;100036;155.2;160;10058938101;S
20240408;100037;155.2;120;10058938114;B
20240408;100037;155.2;200;10058938164;B
20240408;100037;155.2;1980;10058938194;B
20240408;100037;155.2;1500;10058938273;B
20240408;100037;155.2;20;10058938277;B
20240408;100037;155.2;50;10058938286;B
20240408;100037;155.2;10;10058938396;B
20240408;100037;155.2;30;10058938398;B
20240408;100037;155.2;960;10058938400;B
20240408;100037;155.18;50;10058938405;S
20240408;100037;155.16;50;10058938406;S
20240408;100037;155.2;1960;10058938421;B
20240408;100037;155.2;2040;10058938422;B
20240408;100037;155.2;2080;10058938426;B
20240408;100038;155.2;50;10058938452;B
20240408;100038;155.2;2830;10058938470;B
20240408;100038;155.22;160;10058938471;B
20240408;100038;155.26;30;10058938472;B
20240408;100038;155.28;10;10058938473;B
20240408;100038;155.4;30;10058938478;B
20240408;100038;155.26;50;10058938487;S
20240408;100038;155.4;750;10058938488;B
20240408;100038;155.44;350;10058938489;B
20240408;100038;155.26;450;10058938529;S
20240408;100038;155.2;160;10058938530;S
20240408;100038;155.2;50;10058938544;B
20240408;100038;155.18;500;10058938621;B
20240408;100038;155.18;50;10058938647;B
20240408;100038;155.18;1450;10058938742;B
20240408;100038;155.2;1440;10058938743;B
20240408;100038;155.2;30;10058938744;B
20240408;100039;155.2;30;10058938764;B
20240408;100039;155.2;50;10058938779;B
20240408;100039;155.2;2000;10058938860;B
20240408;100039;155.2;50;10058938889;B
20240408;100039;155.2;30;10058938895;B
20240408;100039;155.2;570;10058938897;B
20240408;100039;155.18;50;10058938920;S
20240408;100039;155.2;50;10058938931;B
20240408;100039;155.2;30;10058938943;B
20240408;100039;155.18;20;10058938966;S
20240408;100039;155.18;1260;10058938968;S
20240408;100039;155.16;150;10058938969;S
20240408;100039;155.16;10;10058938970;S
20240408;100039;155.16;200;10058938971;S
20240408;100039;155.16;10;10058938972;S
20240408;100039;155.14;10;10058938973;S
20240408;100039;155.14;2000;10058938974;S
20240408;100039;155.12;160;10058938975;S
20240408;100039;155.1;50;10058938976;S
20240408;100039;155.1;1670;10058938977;S
20240408;100039;155.08;100;10058938978;S
20240408;100039;155.08;1380;10058938979;S
20240408;100039;155.2;50;10058938997;B
20240408;100039;155.2;500;10058939026;B
20240408;100040;155.2;960;10058939161;B
20240408;100040;155.2;550;10058939175;B
20240408;100040;155.2;160;10058939176;B
20240408;100040;155.2;4800;10058939177;B
20240408;100040;155.18;40;10058939220;B
20240408;100040;155.12;160;10058939240;S
20240408;100040;155.16;30;10058939265;B
20240408;100040;155.06;20;10058939344;S
20240408;100040;155.06;10;10058939345;S
20240408;100040;155.06;160;10058939346;S
20240408;100040;155.04;810;10058939347;S
20240408;100040;155.04;860;10058939360;S
20240408;100040;155.04;1180;10058939361;S
20240408;100040;155.04;160;10058939362;S
20240408;100040;155.02;20;10058939363;S
20240408;100040;155.02;50;10058939364;S
20240408;100040;155.02;7730;10058939365;S
20240408;100040;155.16;10;10058939394;B
20240408;100040;155.08;30;10058939411;B
20240408;100040;155.08;30;10058939413;B
20240408;100040;155.02;1670;10058939415;S
20240408;100040;155;880;10058939416;S
20240408;100040;155;2450;10058939417;S
20240408;100040;155.02;1670;10058939423;S
20240408;100040;155;3330;10058939424;S
20240408;100040;155.02;1670;10058939429;S
20240408;100040;155;5330;10058939430;S
20240408;100041;155.08;40;10058939498;B
20240408;100041;155.08;4960;10058939499;B
20240408;100041;155.08;160;10058939508;B
20240408;100041;155.08;840;10058939509;B
20240408;100041;155.02;1670;10058939514;S
20240408;100041;155;830;10058939515;S
20240408;100041;155.02;1670;10058939521;S
20240408;100041;155;330;10058939522;S
20240408;100041;155;3630;10058939524;S
20240408;100041;155.02;1670;10058939538;S
20240408;100041;155;8330;10058939539;S
20240408;100041;155.02;1670;10058939562;S
20240408;100041;155;18330;10058939563;S
20240408;100041;155.02;140;10058939579;S
20240408;100041;155;1860;10058939580;S
20240408;100041;155;2000;10058939586;S
20240408;100041;155;6000;10058939588;S
20240408;100041;155;10000;10058939589;S
20240408;100041;155.06;100;10058939590;B
20240408;100041;155;100;10058939591;S
20240408;100041;155;4000;10058939593;S
20240408;100041;155;5000;10058939612;S
20240408;100041;155;2500;10058939624;S
20240408;100041;155;2000;10058939625;S
20240408;100041;155.04;10;10058939628;B
20240408;100041;155;2000;10058939629;S
20240408;100041;155;1000;10058939630;S
20240408;100041;155;50;10058939697;S
20240408;100041;155;1720;10058939698;S
20240408;100041;155;200;10058939699;S
20240408;100041;155;2000;10058939704;S
20240408;100041;155;30;10058939706;S
20240408;100041;155;1000;10058939711;S
20240408;100041;155;3000;10058939735;S
20240408;100041;155;650;10058939744;S
20240408;100041;155;100;10058939780;S
20240408;100041;155;2000;10058939783;S
20240408;100041;155;3000;10058939791;S
20240408;100041;155;1500;10058939792;S
20240408;100041;155;2000;10058939796;S
20240408;100041;155;200;10058939800;S
20240408;100041;155;500;10058939832;S
20240408;100042;155;500;10058939851;S
20240408;100042;155;2000;10058939852;S
20240408;100042;155;530;10058939853;S
20240408;100042;155;50;10058939854;S
20240408;100042;155;20;10058939855;S
20240408;100042;155.02;20;10058939891;B
20240408;100042;155;400;10058939895;S
20240408;100042;155;80;10058939897;S
20240408;100042;155;20;10058939898;S
20240408;100042;155;20;10058939899;S
20240408;100042;154.9;20;10058939905;S
20240408;100042;154.84;50;10058939906;S
20240408;100042;154.82;20;10058939907;S
20240408;100042;154.78;10;10058939908;S
20240408;100042;154.7;10;10058939909;S
20240408;100042;154.7;390;10058939910;S
20240408;100042;154.7;110;10058939928;S
20240408;100042;154.7;90;10058939929;S
20240408;100042;154.7;100;10058939939;S
20240408;100042;154.7;1900;10058939948;S
20240408;100042;154.66;10;10058939949;S
20240408;100042;154.66;30;10058939950;S
20240408;100042;154.64;10;10058939960;S
20240408;100042;154.64;240;10058939962;S
20240408;100042;154.64;10;10058939963;S
20240408;100042;154.64;10;10058939964;S
20240408;100042;154.6;290;10058939965;S
20240408;100042;154.66;10;10058940022;B
20240408;100042;154.66;100;10058940107;B
20240408;100043;154.62;10;10058940140;S
20240408;100043;154.62;50;10058940141;S
20240408;100043;154.6;140;10058940142;S
20240408;100043;154.6;570;10058940157;S
20240408;100043;154.6;30;10058940158;S
20240408;100043;154.6;30;10058940159;S
20240408;100043;154.58;180;10058940160;S
20240408;100043;154.56;160;10058940161;S
20240408;100043;154.54;10;10058940162;S
20240408;100043;154.5;420;10058940163;S
20240408;100043;154.62;10;10058940201;B
20240408;100043;154.62;10;10058940324;B
20240408;100043;154.6;250;10058940388;S
20240408;100043;154.6;1000;10058940389;S
20240408;100043;154.62;20;10058940391;B
20240408;100043;154.62;120;10058940392;B
20240408;100043;154.62;80;10058940393;B
20240408;100043;154.62;10000;10058940432;B
20240408;100043;154.62;10;10058940445;B
20240408;100043;154.6;200;10058940482;S
20240408;100043;154.62;1000;10058940486;B
20240408;100044;154.62;5000;10058940663;B
20240408;100044;154.62;1500;10058940681;B
20240408;100044;154.6;550;10058940719;S
20240408;100044;154.6;2000;10058940720;S
20240408;100044;154.6;150;10058940721;S
20240408;100044;154.62;10000;10058940730;B
20240408;100044;154.62;30;10058940739;B
20240408;100044;154.62;1000;10058940766;B
20240408;100044;154.6;450;10058940769;S
20240408;100044;154.56;1000;10058940770;S
20240408;100044;154.52;2000;10058940771;S
20240408;100044;154.5;160;10058940772;S
20240408;100044;154.5;300;10058940773;S
20240408;100044;154.44;1090;10058940774;S
20240408;100044;154.6;160;10058940782;B
20240408;100044;154.62;5840;10058940783;B
20240408;100044;154.44;10;10058940789;S
20240408;100044;154.62;160;10058940814;B
20240408;100044;154.62;2840;10058940815;B
20240408;100045;154.6;160;10058940863;B
20240408;100045;154.62;30;10058940865;B
20240408;100045;154.62;4000;10058940872;B
20240408;100045;154.62;300;10058940882;B
20240408;100045;154.62;5000;10058941111;B
20240408;100045;154.62;10;10058941128;B
20240408;100045;154.62;90;10058941185;B
20240408;100045;154.62;540;10058941186;B
20240408;100046;154.62;40;10058941214;B
20240408;100046;154.62;5000;10058941222;B
20240408;100046;154.62;50;10058941242;B
20240408;100046;154.6;340;10058941483;S
20240408;100046;154.6;600;10058941484;S
20240408;100046;154.56;1950;10058941485;S
20240408;100046;154.6;10;10058941488;B
20240408;100046;154.6;10;10058941494;B
20240408;100046;154.6;10;10058941505;B
20240408;100046;154.6;30;10058941534;B
20240408;100046;154.6;20;10058941571;B
20240408;100046;154.6;40;10058941591;B
20240408;100046;154.6;20;10058941592;B
20240408;100046;154.6;10;10058941600;B
20240408;100046;154.62;80;10058941601;B
20240408;100046;154.6;10;10058941606;B
20240408;100046;154.6;3230;10058941732;B
20240408;100047;154.6;30;10058941783;B
20240408;100047;154.6;30;10058941784;B
20240408;100047;154.6;340;10058941933;B
20240408;100047;154.6;190;10058941950;B
20240408;100047;154.6;30;10058941989;B
20240408;100047;154.6;40;10058942095;B
20240408;100047;154.6;10;10058942133;B
20240408;100048;154.6;10;10058942157;B
20240408;100048;154.58;20;10058942207;S
20240408;100048;154.56;50;10058942208;S
20240408;100048;154.52;100;10058942210;B
20240408;100048;154.5;10;10058942229;S
20240408;100048;154.52;50;10058942245;B
20240408;100048;154.52;10;10058942273;B
20240408;100048;154.52;1000;10058942309;B
20240408;100048;154.52;50;10058942329;B
20240408;100048;154.52;100;10058942692;B
20240408;100049;154.52;20;10058942916;B
20240408;100049;154.52;10;10058943112;B
20240408;100049;154.52;10;10058943116;B
20240408;100049;154.52;20;10058943166;B
20240408;100049;154.52;10;10058943197;B
20240408;100049;154.52;10;10058943208;B
20240408;100049;154.52;10;10058943331;B
20240408;100050;154.52;10;10058943371;B
20240408;100050;154.52;500;10058943473;B
20240408;100050;154.52;10;10058943507;B
20240408;100050;154.52;10;10058943670;B
20240408;100050;154.52;100;10058943682;B
20240408;100051;154.52;100;10058943692;B
20240408;100051;154.52;200;10058943719;B
20240408;100051;154.5;290;10058943725;S
20240408;100051;154.5;150;10058943726;S
20240408;100051;154.48;200;10058943727;S
20240408;100051;154.46;160;10058943728;S
20240408;100051;154.44;10;10058943729;S
20240408;100051;154.52;160;10058943752;B
20240408;100051;154.5;10;10058943783;B
20240408;100051;154.5;150;10058943800;B
20240408;100051;154.52;2500;10058943807;B
20240408;100051;154.52;10;10058943885;B
20240408;100051;154.52;450;10058943901;B
20240408;100051;154.52;180;10058943902;B
20240408;100051;154.48;40;10058943977;S
20240408;100051;154.5;10;10058943990;B
20240408;100051;154.48;200;10058944001;S
20240408;100051;154.48;80;10058944002;S
20240408;100052;154.5;100;10058944086;B
20240408;100052;154.58;30;10058944177;B
20240408;100052;154.58;30;10058944191;B
20240408;100052;154.58;100;10058944212;B
20240408;100053;154.56;70;10058944336;B
20240408;100053;154.56;10;10058944381;B
20240408;100053;154.56;20;10058944471;B
20240408;100053;154.58;20;10058944472;B
20240408;100053;154.58;300;10058944503;B
20240408;100053;154.58;100;10058944523;B
20240408;100053;154.58;30;10058944555;B
20240408;100054;154.58;320;10058944705;B
20240408;100054;154.52;100;10058944718;S
20240408;100054;154.52;200;10058944719;S
20240408;100054;154.5;50;10058944720;S
20240408;100054;154.5;100;10058944721;S
20240408;100054;154.5;10;10058944722;S
20240408;100054;154.5;50;10058944723;S
20240408;100054;154.48;40;10058944724;S
20240408;100054;154.58;1800;10058944750;B
20240408;100054;154.58;80;10058944752;B
20240408;100054;154.58;30;10058944817;B
20240408;100054;154.58;320;10058944914;B
20240408;100054;154.6;20;10058944915;B
20240408;100054;154.58;100;10058944934;B
20240408;100054;154.56;10;10058944935;S
20240408;100054;154.58;100;10058944940;B
20240408;100055;154.58;400;10058944986;B
20240408;100055;154.58;20;10058945038;B
20240408;100055;154.58;630;10058945055;B
20240408;100055;154.58;1000;10058945208;B
20240408;100055;154.58;10;10058945263;B
20240408;100055;154.56;50;10058945273;S
20240408;100056;154.58;30;10058945340;B
20240408;100056;154.58;1000;10058945409;B
20240408;100056;154.58;80;10058945439;B
20240408;100056;154.56;100;10058945451;S
20240408;100056;154.56;40;10058945475;S
20240408;100056;154.52;200;10058945476;S
20240408;100056;154.5;100;10058945477;S
20240408;100056;154.5;20;10058945478;S
20240408;100056;154.5;640;10058945532;B
20240408;100056;154.5;160;10058945533;B
20240408;100057;154.58;10;10058945688;B
20240408;100057;154.58;200;10058945689;B
20240408;100057;154.58;790;10058945690;B
20240408;100057;154.58;600;10058945691;B
20240408;100057;154.54;50;10058945694;S
20240408;100057;154.5;10;10058945695;B
20240408;100057;154.5;10;10058945771;B
20240408;100057;154.5;100;10058945860;B
20240408;100057;154.5;20;10058945875;B
20240408;100058;154.48;50;10058946028;S
20240408;100058;154.5;10;10058946102;B
20240408;100058;154.5;10;10058946107;B
20240408;100058;154.5;10;10058946110;B
20240408;100058;154.5;10;10058946117;B
20240408;100058;154.5;30;10058946192;B
20240408;100058;154.5;10;10058946204;B
20240408;100058;154.5;10;10058946261;B
20240408;100059;154.5;10;10058946440;B
20240408;100059;154.5;210;10058946441;B
20240408;100059;154.5;540;10058946442;B
20240408;100059;154.46;50;10058946454;S
20240408;100059;154.48;10;10058946463;B
20240408;100059;154.48;40;10058946466;B
20240408;100059;154.5;60;10058946467;B
20240408;100059;154.5;10;10058946482;B
20240408;100059;154.5;430;10058946509;B
20240408;100059;154.5;4570;10058946510;B
20240408;100059;154.5;10;10058946551;B
20240408;100059;154.5;10;10058946567;B
20240408;100059;154.46;50;10058946595;S
20240408;100100;154.48;10;10058946612;B
20240408;100100;154.46;50;10058946627;S
20240408;100100;154.48;40;10058946709;B
20240408;100100;154.5;210;10058946710;B
20240408;100100;154.5;250;10058946711;B
20240408;100100;154.46;10;10058946761;S
20240408;100100;154.44;90;10058946762;S
20240408;100100;154.46;50;10058946826;S
20240408;100100;154.46;50;10058946840;S
20240408;100100;154.46;50;10058946875;S
20240408;100100;154.54;10;10058946934;B
20240408;100100;154.5;50;10058946941;S
20240408;100101;154.5;10;10058947202;S
20240408;100101;154.54;10;10058947246;B
20240408;100101;154.54;10;10058947250;B
20240408;100101;154.54;20;10058947252;B
20240408;100101;154.56;30;10058947253;B
20240408;100101;154.5;50;10058947259;S
20240408;100101;154.52;10;10058947383;S
20240408;100101;154.52;10;10058947412;B
20240408;100101;154.52;90;10058947413;B
20240408;100101;154.5;50;10058947469;S
20240408;100101;154.52;1000;10058947470;B
20240408;100102;154.5;290;10058947519;S
20240408;100102;154.5;100;10058947520;S
20240408;100102;154.5;100;10058947521;S
20240408;100102;154.46;10;10058947522;S
20240408;100102;154.44;1900;10058947523;S
20240408;100102;154.44;200;10058947524;S
20240408;100102;154.42;1000;10058947525;S
20240408;100102;154.4;200;10058947526;S
20240408;100102;154.36;200;10058947527;S
20240408;100102;154.34;10;10058947528;S
20240408;100102;154.34;50;10058947529;S
20240408;100102;154.34;60;10058947530;S
20240408;100102;154.32;200;10058947531;S
20240408;100102;154.32;4000;10058947532;S
20240408;100102;154.3;10;10058947533;S
20240408;100102;154.3;520;10058947534;S
20240408;100102;154.3;12500;10058947535;S
20240408;100102;154.28;20;10058947536;S
20240408;100102;154.28;90;10058947537;S
20240408;100102;154.26;200;10058947538;S
20240408;100102;154.24;2000;10058947539;S
20240408;100102;154.24;10;10058947540;S
20240408;100102;154.2;100;10058947541;S
20240408;100102;154.08;2000;10058947542;S
20240408;100102;154.08;1500;10058947543;S
20240408;100102;154.08;200;10058947544;S
20240408;100102;154.06;780;10058947545;S
20240408;100102;154.04;10;10058947546;S
20240408;100102;154.04;20;10058947547;S
20240408;100102;154.04;2000;10058947548;S
20240408;100102;154;500;10058947549;S
20240408;100102;154;1100;10058947550;S
20240408;100102;154;290;10058947551;S
20240408;100102;154;740;10058947552;S
20240408;100102;154;10;10058947553;S
20240408;100102;154;10;10058947554;S
20240408;100102;154;6490;10058947555;S
20240408;100102;153.96;10;10058947556;S
20240408;100102;153.92;2000;10058947557;S
20240408;100102;153.92;460;10058947558;S
20240408;100102;153.92;6490;10058947559;S
20240408;100102;153.9;70;10058947560;S
20240408;100102;153.9;1250;10058947561;S
20240408;100102;153.84;6500;10058947562;S
20240408;100102;153.8;200;10058947563;S
20240408;100102;153.78;10;10058947564;S
20240408;100102;153.78;2010;10058947565;S
20240408;100102;153.76;500;10058947566;S
20240408;100102;153.74;1400;10058947567;S
20240408;100102;153.7;60;10058947568;S
20240408;100102;153.7;10;10058947569;S
20240408;100102;153.7;2400;10058947570;S
20240408;100102;153.68;2500;10058947571;S
20240408;100102;153.66;1000;10058947572;S
20240408;100102;153.62;10;10058947573;S
20240408;100102;153.6;100;10058947574;S
20240408;100102;153.6;1000;10058947575;S
20240408;100102;153.58;5550;10058947576;S
20240408;100102;153.56;10;10058947577;S
20240408;100102;153.56;1600;10058947578;S
20240408;100102;153.52;200;10058947579;S
20240408;100102;153.5;5550;10058947580;S
20240408;100102;153.48;100;10058947581;S
20240408;100102;153.48;100;10058947582;S
20240408;100102;153.48;10;10058947583;S
20240408;100102;153.46;150;10058947584;S
20240408;100102;153.4;250;10058947585;S
20240408;100102;153.4;4000;10058947586;S
20240408;100102;153.38;2190;10058947587;S
20240408;100102;153.36;5550;10058947588;S
20240408;100102;153.3;5550;10058947589;S
20240408;100102;153.3;3000;10058947590;S
20240408;100102;153.28;1690;10058947591;S
20240408;100102;153.32;160;10058947604;S
20240408;100102;153.3;4500;10058947605;S
20240408;100102;153.26;10;10058947684;S
20240408;100102;153.26;20;10058947685;S
20240408;100102;153.26;10;10058947755;S
20240408;100102;153.28;1250;10058947770;S
20240408;100102;153.26;970;10058947771;S
20240408;100102;153.24;170;10058947772;S
20240408;100102;153.22;2000;10058947773;S
20240408;100102;153.2;10;10058947774;S
20240408;100102;153.2;2600;10058947775;S
20240408;100102;153.64;10;10058947878;B
20240408;100102;153.64;350;10058947886;B
20240408;100102;153.64;1000;10058947903;B
20240408;100102;153.64;10;10058947913;B
20240408;100102;153.2;10;10058947916;S
20240408;100102;153.6;50;10058947918;B
20240408;100102;153.2;300;10058947921;S
20240408;100102;153.6;100;10058947950;B
20240408;100102;153.58;1000;10058947967;B
20240408;100102;153.58;10;10058947992;B
20240408;100102;153.24;1000;10058948002;S
20240408;100102;153.24;500;10058948003;S
20240408;100102;153.58;30;10058948024;B
20240408;100103;153.58;960;10058948043;B
20240408;100103;153.6;20;10058948044;B
20240408;100103;153.6;1020;10058948045;B
20240408;100103;153.82;10;10058948101;B
20240408;100103;153.8;440;10058948148;B
20240408;100103;153.8;20;10058948200;B
20240408;100103;153.86;10;10058948224;B
20240408;100103;153.86;160;10058948266;B
20240408;100103;153.88;680;10058948267;B
20240408;100103;153.88;9160;10058948268;B
20240408;100103;153.72;500;10058948301;S
20240408;100103;153.98;30;10058948342;B
20240408;100104;153.98;100;10058948421;B
20240408;100104;153.98;30;10058948425;B
20240408;100104;153.84;10;10058948548;S
20240408;100104;153.84;10;10058948562;S
20240408;100104;153.88;150;10058948638;B
20240408;100104;153.88;300;10058948639;B
20240408;100104;153.9;10;10058948667;B
20240408;100104;153.9;50;10058948679;B
20240408;100104;153.86;50;10058948714;S
20240408;100104;153.9;30;10058948716;B
20240408;100104;153.9;60;10058948746;B
20240408;100104;153.9;100;10058948747;B
20240408;100104;153.92;500;10058948748;B
20240408;100104;153.92;340;10058948749;B
20240408;100105;153.86;10;10058948860;B
20240408;100105;153.86;960;10058948863;B
20240408;100105;153.86;40;10058948864;B
20240408;100105;153.84;10;10058948865;S
20240408;100105;153.86;20;10058948982;B
20240408;100105;153.86;500;10058949031;B
20240408;100105;153.86;2930;10058949032;B
20240408;100105;153.86;20;10058949051;B
20240408;100105;153.86;50;10058949098;B
20240408;100105;153.84;120;10058949114;S
20240408;100105;153.84;80;10058949115;S
20240408;100105;153.84;20;10058949118;S
20240408;100106;153.8;500;10058949126;S
20240408;100106;153.78;10;10058949127;S
20240408;100106;153.74;10;10058949128;S
20240408;100106;153.7;600;10058949129;S
20240408;100106;153.66;170;10058949130;S
20240408;100106;153.62;1600;10058949131;S
20240408;100106;153.6;110;10058949132;S
20240408;100106;153.8;30;10058949154;B
20240408;100106;153.76;20;10058949158;B
20240408;100106;153.74;10;10058949171;B
20240408;100106;153.74;20;10058949177;B
20240408;100106;153.74;10;10058949181;B
20240408;100106;153.74;80;10058949205;B
20240408;100106;153.74;20;10058949206;B
20240408;100106;153.74;50;10058949207;B
20240408;100106;153.76;30;10058949208;B
20240408;100106;153.76;900;10058949209;B
20240408;100106;153.8;200;10058949219;B
20240408;100106;153.7;200;10058949288;B
20240408;100106;153.7;440;10058949289;B
20240408;100106;153.68;100;10058949291;S
20240408;100106;153.66;200;10058949292;S
20240408;100106;153.6;100;10058949308;S
20240408;100106;153.56;10;10058949309;S
20240408;100107;153.58;40;10058949416;S
20240408;100107;153.56;10;10058949417;S
20240408;100107;153.66;10;10058949439;B
20240408;100107;153.56;50;10058949476;S
20240408;100107;153.62;160;10058949509;S
20240408;100107;153.6;2210;10058949510;S
20240408;100107;153.6;2000;10058949533;S
20240408;100107;153.6;1000;10058949597;S
20240408;100107;153.6;500;10058949603;S
20240408;100107;153.6;200;10058949631;S
20240408;100107;153.64;40;10058949641;B
20240408;100107;153.6;50;10058949642;S
20240408;100107;153.64;100;10058949644;B
20240408;100107;153.6;300;10058949668;S
20240408;100107;153.6;500;10058949670;S
20240408;100107;153.6;50;10058949702;S
20240408;100108;153.62;600;10058949728;B
20240408;100108;153.62;900;10058949729;B
20240408;100108;153.6;100;10058949730;S
20240408;100108;153.6;90;10058949805;S
20240408;100108;153.5;250;10058949806;S
20240408;100108;153.44;200;10058949807;S
20240408;100108;153.4;160;10058949808;S
20240408;100108;153.4;100;10058949809;S
20240408;100108;153.38;200;10058949810;S
20240408;100108;153.36;200;10058949811;S
20240408;100108;153.34;50;10058949812;S
20240408;100108;153.34;550;10058949813;S
20240408;100108;153.46;90;10058949879;B
20240408;100108;153.36;40;10058950022;S
20240408;100108;153.34;450;10058950023;S
20240408;100108;153.32;200;10058950024;S
20240408;100108;153.28;160;10058950025;S
20240408;100108;153.26;150;10058950026;S
20240408;100108;153.44;10;10058950031;S
20240408;100109;153.36;10;10058950200;B
20240408;100109;153.34;50;10058950624;S
20240408;100109;153.36;20;10058950839;B
20240408;100109;153.36;10;10058950874;B
20240408;100109;153.34;30;10058950882;S
20240408;100109;153.34;120;10058950884;S
20240408;100109;153.26;1350;10058950885;S
20240408;100109;153.26;30;10058950886;S
20240408;100109;153.34;10;10058950903;S
20240408;100109;153.36;50;10058951146;B
20240408;100109;153.36;10;10058951163;B
20240408;100109;153.36;9990;10058951164;B
20240408;100109;153.34;1000;10058951182;S
20240408;100109;153.36;10;10058951201;B
20240408;100109;153.34;200;10058951245;S
20240408;100110;153.34;600;10058951465;S
20240408;100110;153.34;400;10058951468;S
20240408;100110;153.36;20;10058951727;B
20240408;100110;153.36;10;10058951761;B
20240408;100110;153.34;50;10058951860;S
20240408;100110;153.26;40;10058951861;S
20240408;100110;153.36;30;10058951932;B
20240408;100110;153.36;530;10058951974;B
20240408;100110;153.36;10000;10058951975;B
20240408;100110;153.38;160;10058951976;B
20240408;100110;153.4;40;10058951977;B
20240408;100110;153.44;50;10058952101;S
20240408;100110;153.44;50;10058952157;S
20240408;100111;153.5;90;10058952407;B
20240408;100111;153.52;30;10058952408;B
20240408;100111;153.52;880;10058952409;B
20240408;100111;153.58;50;10058952459;B
20240408;100111;153.58;280;10058952460;B
20240408;100111;153.58;20;10058952463;B
20240408;100111;153.52;10;10058952509;S
20240408;100111;153.56;100;10058952645;B
20240408;100111;153.56;1900;10058952649;B
20240408;100111;153.58;2360;10058952650;B
20240408;100111;153.58;250;10058952674;B
20240408;100111;153.58;10;10058952685;B
20240408;100111;153.58;20;10058952694;B
20240408;100111;153.58;5610;10058952715;B
20240408;100112;153.58;20;10058952995;B
20240408;100112;153.58;20;10058953163;B
20240408;100113;153.58;20;10058953441;B
20240408;100113;153.56;200;10058953496;S
20240408;100113;153.58;10;10058953545;B
20240408;100113;153.56;350;10058953561;S
20240408;100113;153.56;10;10058953562;S
20240408;100113;153.54;40;10058953563;S
20240408;100113;153.52;100;10058953564;S
20240408;100113;153.58;20;10058953611;B
20240408;100114;153.58;450;10058953809;B
20240408;100114;153.56;200;10058953868;S
20240408;100114;153.56;500;10058953934;S
20240408;100114;153.58;20;10058953974;B
20240408;100114;153.58;10;10058954012;B
20240408;100114;153.58;2000;10058954025;B
20240408;100114;153.58;250;10058954119;B
20240408;100114;153.58;10;10058954151;B
20240408;100114;153.58;10;10058954189;B
20240408;100115;153.58;2500;10058954268;B
20240408;100115;153.58;840;10058954274;B
20240408;100115;153.58;100;10058954314;B
20240408;100115;153.6;10;10058954315;B
20240408;100115;153.82;10;10058954318;B
20240408;100115;153.82;100;10058954350;B
20240408;100115;153.82;10;10058954418;B
20240408;100115;153.82;190;10058954625;B
20240408;100115;153.82;810;10058954626;B
20240408;100115;153.88;330;10058954641;B
20240408;100115;153.88;1620;10058954642;B
20240408;100115;153.88;200;10058954659;B
20240408;100116;153.88;120;10058954676;B
20240408;100116;153.86;200;10058954722;S
20240408;100116;153.88;20;10058954753;B
20240408;100116;153.88;10000;10058954759;B
20240408;100116;153.86;100;10058954763;S
20240408;100116;153.88;500;10058954779;B
20240408;100116;153.88;3200;10058954785;B
20240408;100116;153.88;50;10058954824;B
20240408;100116;153.88;40;10058954831;B
20240408;100116;153.88;10;10058954868;B
20240408;100116;153.88;350;10058954894;B
20240408;100117;153.86;300;10058954994;S
20240408;100117;153.86;10;10058954995;S
20240408;100117;153.74;190;10058954996;S
20240408;100117;153.88;20;10058954997;B
20240408;100117;153.88;30;10058955001;B
20240408;100117;153.88;10;10058955006;B
20240408;100117;153.78;500;10058955089;S
20240408;100117;153.74;170;10058955090;S
20240408;100117;153.88;10;10058955152;B
20240408;100117;153.84;20;10058955274;B
20240408;100118;153.84;30;10058955380;B
20240408;100118;153.84;150;10058955408;B
20240408;100118;153.84;850;10058955409;B
20240408;100118;153.84;50;10058955416;B
20240408;100118;153.78;10;10058955523;B
20240408;100118;153.8;50;10058955524;B
20240408;100118;153.8;10;10058955559;B
20240408;100118;153.8;10;10058955572;B
20240408;100118;153.76;10;10058955581;S
20240408;100119;153.8;20;10058955736;B
20240408;100119;153.76;20;10058955932;B
20240408;100120;153.76;10;10058955963;B
20240408;100120;153.72;40;10058955969;S
20240408;100120;153.72;560;10058955970;S
20240408;100120;153.76;10;10058956003;B
20240408;100120;153.76;50;10058956034;B
20240408;100120;153.72;100;10058956036;S
20240408;100120;153.76;10;10058956037;B
20240408;100120;153.76;100;10058956084;B
20240408;100120;153.76;100;10058956085;B
20240408;100120;153.76;60;10058956118;B
20240408;100120;153.76;500;10058956137;B
20240408;100120;153.74;10;10058956164;B
20240408;100120;153.74;10;10058956256;B
20240408;100121;153.74;10;10058956347;B
20240408;100121;153.74;70;10058956371;B
20240408;100121;153.72;20;10058956524;S
20240408;100121;153.74;810;10058956550;B
20240408;100121;153.76;190;10058956551;B
20240408;100121;153.76;330;10058956624;B
20240408;100121;153.76;10000;10058956651;B
20240408;100121;153.76;2000;10058956710;B
20240408;100122;153.76;100;10058956734;B
20240408;100122;153.76;10000;10058956746;B
20240408;100122;153.76;2070;10058956764;B
20240408;100122;153.78;10;10058956765;B
20240408;100122;153.76;4000;10058956851;B
20240408;100122;153.76;1000;10058956944;B
20240408;100122;153.76;100;10058956956;B
20240408;100123;153.76;50;10058957052;B
20240408;100123;153.76;10;10058957077;B
20240408;100123;153.76;10000;10058957116;B
20240408;100123;153.76;330;10058957117;B
20240408;100123;153.78;320;10058957118;B
20240408;100123;153.86;330;10058957119;B
20240408;100123;153.96;330;10058957120;B
20240408;100123;153.98;500;10058957121;B
20240408;100123;154;200;10058957122;B
20240408;100123;154;100;10058957123;B
20240408;100124;154.02;170;10058957255;S
20240408;100124;154.1;10;10058957257;B
20240408;100124;154.08;130;10058957281;B
20240408;100124;154.08;30;10058957318;B
20240408;100124;154.1;320;10058957319;B
20240408;100124;154.1;650;10058957320;B
20240408;100124;154.16;200;10058957430;B
20240408;100124;154.16;10;10058957504;B
20240408;100124;154.16;990;10058957505;B
20240408;100125;154.16;1000;10058957526;B
20240408;100125;154.16;200;10058957609;B
20240408;100125;154.16;50;10058957610;B
20240408;100125;154.16;1150;10058957633;B
20240408;100125;154.16;850;10058957634;B
20240408;100125;154.16;50;10058957636;B
20240408;100125;154.16;30;10058957648;B
20240408;100125;154.16;200;10058957654;B
20240408;100125;154.14;50;10058957658;S
20240408;100125;154.14;10;10058957659;S
20240408;100125;154.12;50;10058957660;S
20240408;100125;154.1;100;10058957661;S
20240408;100125;154.08;100;10058957662;S
20240408;100125;154.04;50;10058957663;S
20240408;100125;154.04;200;10058957664;S
20240408;100125;154.02;160;10058957665;S
20240408;100125;154.02;20;10058957666;S
20240408;100125;154;460;10058957667;S
20240408;100125;154.14;40;10058957672;B
20240408;100125;154.14;120;10058957684;B
20240408;100125;154.16;30;10058957685;B
20240408;100125;154.14;10;10058957717;B
20240408;100125;154.16;40;10058957718;B
20240408;100126;154.14;10;10058957791;B
20240408;100126;154.16;310;10058957792;B
20240408;100126;154.12;40;10058957876;B
20240408;100126;154.08;200;10058957990;S
20240408;100126;154.04;200;10058957991;S
20240408;100126;154.04;100;10058957992;S
20240408;100126;154.02;160;10058957993;S
20240408;100126;154.02;140;10058957994;S
20240408;100126;154.1;10;10058957995;B
20240408;100126;154.02;60;10058958009;S
20240408;100126;154.02;160;10058958010;S
20240408;100126;154;1180;10058958011;S
20240408;100126;154.1;100;10058958030;B
20240408;100127;154.1;50;10058958113;B
20240408;100127;154.1;10;10058958133;B
20240408;100127;154.1;10;10058958134;B
20240408;100127;154.12;180;10058958135;B
20240408;100127;154.08;10;10058958285;B
20240408;100127;154.08;90;10058958320;B
20240408;100127;154.08;10000;10058958321;B
20240408;100127;154.1;160;10058958322;B
20240408;100127;154.12;330;10058958323;B
20240408;100127;154.18;330;10058958324;B
20240408;100127;154.2;330;10058958325;B
20240408;100127;154.38;10;10058958328;B
20240408;100127;154.32;10;10058958345;S
20240408;100128;154.32;1000;10058958382;S
20240408;100128;154.38;10;10058958442;B
20240408;100128;154.38;10;10058958443;B
20240408;100128;154.38;10000;10058958444;B
20240408;100128;154.4;10;10058958445;B
20240408;100128;154.46;100;10058958446;B
20240408;100128;154.46;10;10058958447;B
20240408;100128;154.46;860;10058958448;B
20240408;100128;154.46;540;10058958455;B
20240408;100128;154.46;220;10058958456;B
20240408;100128;154.48;20;10058958457;B
20240408;100128;154.32;200;10058958459;S
20240408;100128;154.46;1000;10058958581;B
20240408;100128;154.46;1000;10058958619;B
20240408;100128;154.46;10;10058958645;B
20240408;100128;154.46;1000;10058958652;B
20240408;100129;154.46;6470;10058958656;B
20240408;100129;154.4;10;10058958679;B
20240408;100129;154.4;990;10058958680;B
20240408;100129;154.48;10;10058958720;B
20240408;100129;154.48;50;10058958721;B
20240408;100129;154.48;940;10058958722;B
20240408;100129;154.48;60;10058958727;B
20240408;100129;154.48;1600;10058958728;B
20240408;100129;154.48;3340;10058958729;B
20240408;100129;154.48;600;10058958730;B
20240408;100129;154.42;1180;10058958761;B
20240408;100129;154.5;300;10058958764;B
20240408;100129;154.5;700;10058958765;B
20240408;100129;154.5;1000;10058958797;B
20240408;100129;154.5;1000;10058958828;B
20240408;100129;154.5;10;10058958973;B
20240408;100129;154.5;5000;10058958978;B
20240408;100130;154.5;170;10058959071;B
20240408;100130;154.5;100;10058959107;B
20240408;100130;154.48;20;10058959287;S
20240408;100130;154.48;80;10058959288;S
20240408;100130;154.5;1000;10058959299;B
20240408;100131;154.5;300;10058959312;B
20240408;100131;154.5;30;10058959318;B
20240408;100131;154.5;20;10058959319;B
20240408;100131;154.5;100;10058959327;B
20240408;100131;154.5;750;10058959391;B
20240408;100131;154.5;10;10058959401;B
20240408;100131;154.5;1000;10058959403;B
20240408;100131;154.48;10;10058959429;S
20240408;100131;154.5;40;10058959504;B
20240408;100131;154.5;30;10058959507;B
20240408;100131;154.5;300;10058959541;B
20240408;100132;154.48;10;10058959655;S
20240408;100132;154.46;10;10058959656;S
20240408;100132;154.44;80;10058959657;S
20240408;100132;154.44;90;10058959701;S
20240408;100132;154.42;310;10058959702;S
20240408;100132;154.44;100;10058959832;S
20240408;100133;154.46;30;10058959956;B
20240408;100133;154.46;40;10058959962;B
20240408;100133;154.46;30;10058959994;B
20240408;100133;154.46;20;10058959995;B
20240408;100133;154.46;10;10058959996;B
20240408;100133;154.46;10;10058960108;B
20240408;100133;154.48;80;10058960110;B
20240408;100133;154.48;100;10058960111;B
20240408;100133;154.5;150;10058960112;B
20240408;100133;154.44;100;10058960249;B
20240408;100133;154.44;230;10058960250;B
20240408;100133;154.44;100;10058960274;B
20240408;100133;154.44;250;10058960275;B
20240408;100134;154.42;10;10058960300;S
20240408;100134;154.5;20;10058960314;B
20240408;100134;154.5;100;10058960345;B
20240408;100134;154.5;10;10058960434;B
20240408;100134;154.5;50;10058960446;B
20240408;100134;154.5;170;10058960447;B
20240408;100134;154.5;9780;10058960448;B
20240408;100134;154.48;100;10058960451;S
20240408;100134;154.42;60;10058960452;S
20240408;100134;154.42;1130;10058960453;S
20240408;100134;154.48;10;10058960529;B
20240408;100134;154.42;100;10058960538;S
20240408;100134;154.48;10;10058960548;B
20240408;100134;154.5;6970;10058960549;B
20240408;100135;154.5;1000;10058960573;B
20240408;100135;154.5;20;10058960580;B
20240408;100135;154.44;200;10058960586;S
20240408;100135;154.42;1400;10058960587;S
20240408;100135;154.48;10;10058960594;B
20240408;100135;154.5;20;10058960597;B
20240408;100135;154.5;130;10058960794;B
20240408;100135;154.5;530;10058960842;B
20240408;100136;154.48;10;10058960889;B
20240408;100136;154.5;390;10058960890;B
20240408;100136;154.48;10;10058961037;S
20240408;100136;154.48;80;10058961121;S
20240408;100136;154.5;100;10058961227;B
20240408;100136;154.5;140;10058961234;B
20240408;100136;154.5;320;10058961235;B
20240408;100137;154.48;10;10058961309;S
20240408;100137;154.42;50;10058961310;S
20240408;100137;154.5;160;10058961318;B
20240408;100137;154.5;2940;10058961319;B
20240408;100137;154.48;10;10058961372;B
20240408;100137;154.48;90;10058961396;B
20240408;100137;154.5;600;10058961397;B
20240408;100137;154.5;10;10058961398;B
20240408;100137;154.5;300;10058961399;B
20240408;100137;154.42;200;10058961497;S
20240408;100138;154.42;1650;10058961606;S
20240408;100138;154.38;170;10058961607;S
20240408;100138;154.36;100;10058961608;S
20240408;100138;154.36;20;10058961609;S
20240408;100138;154.36;100;10058961610;S
20240408;100138;154.34;500;10058961611;S
20240408;100138;154.34;20;10058961612;S
20240408;100138;154.32;4440;10058961613;S
20240408;100138;154.46;100;10058961618;B
20240408;100138;154.46;30;10058961689;B
20240408;100138;154.46;10;10058961696;B
20240408;100139;154.44;10;10058961812;B
20240408;100139;154.4;30;10058961838;B
20240408;100139;154.42;70;10058961839;B
20240408;100139;154.42;10;10058961840;B
20240408;100139;154.42;10;10058961852;B
20240408;100139;154.42;10;10058961898;B
20240408;100139;154.42;290;10058961899;B
20240408;100139;154.44;100;10058961900;B
20240408;100139;154.42;500;10058961908;B
20240408;100139;154.42;320;10058961998;B
20240408;100140;154.4;10;10058962046;B
20240408;100140;154.34;170;10058962083;S
20240408;100140;154.34;150;10058962123;B
20240408;100140;154.34;100;10058962150;B
20240408;100140;154.34;20;10058962162;B
20240408;100140;154.32;500;10058962202;S
20240408;100140;154.32;5000;10058962210;S
20240408;100140;154.34;60;10058962213;B
20240408;100140;154.34;1940;10058962214;B
20240408;100140;154.34;8060;10058962215;B
20240408;100140;154.4;170;10058962216;B
20240408;100140;154.4;50;10058962217;B
20240408;100140;154.42;1720;10058962218;B
20240408;100140;154.34;170;10058962259;S
20240408;100140;154.32;830;10058962260;S
20240408;100141;154.34;170;10058962285;S
20240408;100141;154.32;4830;10058962286;S
20240408;100141;154.32;1000;10058962312;S
20240408;100141;154.32;50;10058962319;S
20240408;100141;154.4;10;10058962326;B
20240408;100141;154.32;10000;10058962343;S
20240408;100141;154.4;30;10058962351;B
20240408;100141;154.32;500;10058962364;S
20240408;100141;154.4;10;10058962381;B
20240408;100141;154.32;17130;10058962539;S
20240408;100141;154.34;10;10058962541;B
20240408;100141;154.34;350;10058962542;B
20240408;100141;154.32;50;10058962568;S
20240408;100142;154.32;50;10058962642;S
20240408;100142;154.32;1600;10058962664;S
20240408;100142;154.32;2000;10058962665;S
20240408;100142;154.32;600;10058962666;S
20240408;100142;154.32;5000;10058962673;S
20240408;100142;154.32;5000;10058962675;S
20240408;100142;154.32;400;10058962676;S
20240408;100142;154.34;50;10058962679;B
20240408;100142;154.32;650;10058962681;S
20240408;100142;154.32;2000;10058962695;S
20240408;100142;154.32;600;10058962746;S
20240408;100142;154.32;490;10058962751;S
20240408;100142;154.32;2500;10058962765;S
20240408;100142;154.32;500;10058962768;S
20240408;100142;154.32;50;10058962783;S
20240408;100142;154.32;1000;10058962786;S
20240408;100142;154.34;10;10058962798;B
20240408;100142;154.32;780;10058962872;S
20240408;100142;154.32;20;10058962873;S
20240408;100142;154.32;200;10058962874;S
20240408;100142;154.32;200;10058962875;S
20240408;100142;154.32;100;10058962956;S
20240408;100142;154.32;10;10058962957;S
20240408;100142;154.32;20;10058962958;S
20240408;100143;154.28;50;10058963094;B
20240408;100143;154.28;200;10058963096;B
20240408;100143;154.28;360;10058963097;B
20240408;100143;154.26;1000;10058963156;S
20240408;100143;154.2;10;10058963157;S
20240408;100143;154.16;10;10058963158;S
20240408;100143;154.16;20;10058963159;S
20240408;100143;154.16;10;10058963160;S
20240408;100143;154.12;200;10058963161;S
20240408;100143;154.1;10;10058963162;S
20240408;100143;154.1;650;10058963163;S
20240408;100143;154.1;2200;10058963217;B
20240408;100143;154.08;40;10058963230;S
20240408;100143;154.06;10;10058963231;S
20240408;100143;154.06;1500;10058963232;S
20240408;100143;154.04;300;10058963233;S
20240408;100143;154.04;100;10058963234;S
20240408;100143;154.04;10;10058963235;S
20240408;100143;154.04;100;10058963236;S
20240408;100143;154.02;170;10058963237;S
20240408;100143;154;8070;10058963238;S
20240408;100143;154;100;10058963247;S
20240408;100143;154.1;1900;10058963276;B
20240408;100143;154.1;40;10058963286;B
20240408;100144;154.04;100;10058963528;B
20240408;100144;154.04;70;10058963603;B
20240408;100145;154.04;10;10058963684;B
20240408;100145;154.04;10;10058963688;B
20240408;100145;154.02;10;10058963854;B
20240408;100145;154.04;10;10058963878;B
20240408;100145;154.04;230;10058963879;B
20240408;100145;154.04;50;10058963927;B
20240408;100145;154.04;90;10058963968;B
20240408;100146;154.02;10;10058964100;B
20240408;100146;154.04;1430;10058964101;B
20240408;100146;154.04;170;10058964102;B
20240408;100146;154.04;2390;10058964103;B
20240408;100146;154.04;70;10058964118;B
20240408;100146;154.04;10;10058964163;B
20240408;100146;154.04;50;10058964170;B
20240408;100146;154.04;70;10058964288;B
20240408;100146;154.04;30;10058964289;B
20240408;100146;154.04;70;10058964311;B
20240408;100147;154.04;30;10058964444;B
20240408;100147;154.02;20;10058964463;S
20240408;100147;154;20;10058964464;S
20240408;100147;154.04;10;10058964487;B
20240408;100147;154.04;10;10058964529;B
20240408;100147;154.04;10;10058964546;B
20240408;100147;154.04;10;10058964571;B
20240408;100147;154.04;90;10058964572;B
20240408;100147;154.08;10;10058964619;B
20240408;100148;154.08;10;10058964639;B
20240408;100148;154.08;90;10058964648;B
20240408;100148;154.08;10;10058964650;B
20240408;100148;154.1;60;10058964651;B
20240408;100148;154.1;40;10058964668;B
20240408;100148;154.1;10;10058964671;B
20240408;100148;154.02;800;10058964741;S
20240408;100148;154.1;10;10058964742;B
20240408;100148;154.1;10;10058964795;B
20240408;100148;154.1;100;10058964798;B
20240408;100148;154.1;10;10058964855;B
20240408;100148;154.02;1090;10058964856;S
20240408;100148;154.02;170;10058964857;S
20240408;100148;154.02;250;10058964858;S
20240408;100148;154;1690;10058964859;S
20240408;100148;154.1;30;10058964867;B
20240408;100148;154.08;20;10058964896;B
20240408;100148;154.08;10;10058964901;B
20240408;100149;154.08;10;10058964957;B
20240408;100149;154.08;30;10058964982;B
20240408;100149;154.08;10;10058965025;B
20240408;100149;154.02;10;10058965031;S
20240408;100149;154.02;160;10058965055;S
20240408;100149;154;340;10058965056;S
20240408;100149;154.08;10;10058965064;B
20240408;100149;154.08;80;10058965074;B
20240408;100149;154.1;2100;10058965075;B
20240408;100149;154.1;6910;10058965076;B
20240408;100149;154.12;10;10058965140;S
20240408;100149;154.06;170;10058965158;B
20240408;100149;154.08;240;10058965159;B
20240408;100149;154.08;350;10058965160;B
20240408;100150;154.18;10;10058965203;B
20240408;100150;154.18;60;10058965204;B
20240408;100150;154.18;40;10058965215;B
20240408;100150;154.18;10;10058965217;B
20240408;100150;154.18;400;10058965239;B
20240408;100150;154.18;100;10058965250;B
20240408;100150;154.18;30;10058965345;B
20240408;100150;154.18;10;10058965378;B
20240408;100150;154.16;10;10058965410;S
20240408;100150;154.14;10;10058965411;S
20240408;100150;154.14;10;10058965412;S
20240408;100150;154.14;10;10058965413;S
20240408;100150;154.14;10;10058965414;S
20240408;100150;154.08;50;10058965415;S
20240408;100150;154.16;50;10058965426;B
20240408;100150;154.18;50;10058965427;B
20240408;100151;154.18;10;10058965444;B
20240408;100151;154.2;30;10058965446;B
20240408;100151;154.18;10;10058965511;B
20240408;100151;154.18;10;10058965593;B
20240408;100151;154.18;10;10058965623;B
20240408;100151;154.14;10;10058965661;B
20240408;100151;154.14;50;10058965663;B
20240408;100151;154.14;100;10058965667;B
20240408;100152;154.14;10;10058965709;B
20240408;100152;154.14;30;10058965782;B
20240408;100152;154.14;70;10058965783;B
20240408;100152;154.2;260;10058965786;B
20240408;100152;154.2;240;10058965787;B
20240408;100153;154.2;50;10058965956;B
20240408;100153;154.2;50;10058965957;B
20240408;100153;154.18;10;10058965985;B
20240408;100153;154.18;10;10058965991;B
20240408;100153;154.28;10;10058966006;B
20240408;100153;154.28;10;10058966040;B
20240408;100153;154.28;10;10058966056;B
20240408;100153;154.16;220;10058966084;S
20240408;100153;154.08;100;10058966085;S
20240408;100153;154.08;170;10058966086;S
20240408;100153;154.08;100;10058966087;S
20240408;100153;154.06;410;10058966088;S
20240408;100153;154.28;20;10058966091;B
20240408;100153;154.26;20;10058966114;B
20240408;100153;154.26;10;10058966119;B
20240408;100154;154.26;10;10058966198;B
20240408;100154;154.26;130;10058966211;B
20240408;100154;154.28;10000;10058966212;B
20240408;100154;154.3;100;10058966213;B
20240408;100154;154.32;1000;10058966214;B
20240408;100154;154.34;1000;10058966215;B
20240408;100154;154.36;1000;10058966216;B
20240408;100154;154.4;50;10058966217;B
20240408;100154;154.4;20;10058966218;B
20240408;100154;154.46;40;10058966219;B
20240408;100154;154.48;90;10058966220;B
20240408;100154;154.48;500;10058966221;B
20240408;100154;154.48;1000;10058966222;B
20240408;100154;154.5;500;10058966223;B
20240408;100154;154.52;570;10058966224;B
20240408;100154;154.52;500;10058966225;B
20240408;100154;154.54;10;10058966226;B
20240408;100154;154.54;10;10058966227;B
20240408;100154;154.56;10;10058966228;B
20240408;100154;154.56;100;10058966229;B
20240408;100154;154.56;100;10058966230;B
20240408;100154;154.56;14500;10058966231;B
20240408;100154;154.58;100;10058966232;B
20240408;100154;154.58;670;10058966233;B
20240408;100154;154.52;20;10058966377;B
20240408;100154;154.46;10;10058966380;S
20240408;100154;154.3;30;10058966381;S
20240408;100154;154.28;60;10058966382;S
20240408;100155;154.5;20;10058966461;B
20240408;100155;154.5;30;10058966462;B
20240408;100155;154.48;10;10058966473;S
20240408;100155;154.48;10;10058966474;S
20240408;100155;154.38;10;10058966475;S
20240408;100155;154.32;270;10058966476;S
20240408;100155;154.32;50;10058966486;S
20240408;100155;154.48;10;10058966491;B
20240408;100155;154.32;50;10058966532;S
20240408;100155;154.48;50;10058966533;B
20240408;100155;154.48;180;10058966534;B
20240408;100155;154.5;100;10058966535;B
20240408;100155;154.5;170;10058966536;B
20240408;100155;154.5;10;10058966551;S
20240408;100155;154.32;20;10058966552;S
20240408;100155;154.32;50;10058966555;S
20240408;100155;154.52;30;10058966605;S
20240408;100155;154.58;60;10058966625;B
20240408;100155;154.5;10;10058966641;S
20240408;100155;154.48;10;10058966687;S
20240408;100156;154.4;10;10058966769;S
20240408;100156;154.44;10;10058966779;B
20240408;100156;154.44;10;10058966807;B
20240408;100156;154.44;10;10058966876;B
20240408;100156;154.42;30;10058966919;S
20240408;100156;154.42;10;10058966938;B
20240408;100156;154.42;10;10058967007;B
20240408;100157;154.42;10;10058967086;B
20240408;100157;154.42;20;10058967149;B
20240408;100157;154.4;790;10058967153;S
20240408;100157;154.42;10;10058967171;B
20240408;100157;154.42;10;10058967175;B
20240408;100157;154.44;10;10058967176;B
20240408;100157;154.44;580;10058967177;B
20240408;100157;154.42;50;10058967210;S
20240408;100157;154.44;10;10058967222;B
20240408;100157;154.44;10;10058967225;B
20240408;100157;154.44;30;10058967266;B
20240408;100157;154.44;260;10058967267;B
20240408;100157;154.44;100;10058967278;S
20240408;100157;154.42;500;10058967279;S
20240408;100157;154.52;10;10058967298;S
20240408;100157;154.46;40;10058967299;S
20240408;100157;154.56;100;10058967315;B
20240408;100157;154.56;3520;10058967316;B
20240408;100157;154.52;10;10058967319;S
20240408;100157;154.46;40;10058967320;S
20240408;100158;154.56;380;10058967402;B
20240408;100158;154.56;20;10058967403;B
20240408;100158;154.52;10;10058967426;S
20240408;100158;154.46;20;10058967506;S
20240408;100158;154.46;10;10058967507;S
20240408;100158;154.48;10;10058967545;B
20240408;100159;154.46;30;10058967631;S
20240408;100159;154.46;50;10058967632;S
20240408;100159;154.42;190;10058967633;S
20240408;100159;154.4;40;10058967634;S
20240408;100159;154.4;50;10058967635;S
20240408;100159;154.4;170;10058967636;S
20240408;100159;154.38;2000;10058967637;S
20240408;100159;154.38;20;10058967638;S
20240408;100159;154.32;560;10058967639;S
20240408;100159;154.32;10;10058967640;S
20240408;100159;154.32;500;10058967641;S
20240408;100159;154.3;10;10058967642;S
20240408;100159;154.3;1370;10058967643;S
20240408;100159;154.48;10;10058967664;B
20240408;100159;154.48;30;10058967695;B
20240408;100159;154.48;70;10058967696;B
20240408;100159;154.48;100;10058967744;B
20240408;100159;154.38;10;10058967775;S
20240408;100200;154.38;10;10058967920;B
20240408;100200;154.38;30;10058967943;B
20240408;100200;154.38;120;10058967944;B
20240408;100200;154.36;50;10058967961;S
20240408;100200;154.32;370;10058967962;S
20240408;100200;154.3;360;10058967963;S
20240408;100200;154.44;270;10058968049;B
20240408;100200;154.3;1000;10058968097;S
20240408;100200;154.44;230;10058968200;B
20240408;100200;154.44;220;10058968201;B
20240408;100201;154.44;10;10058968231;B
20240408;100201;154.36;50;10058968302;S
20240408;100201;154.44;230;10058968443;B
20240408;100201;154.44;10;10058968493;B
20240408;100201;154.36;50;10058968504;S
20240408;100201;154.36;30;10058968527;S
20240408;100201;154.36;200;10058968536;S
20240408;100201;154.36;200;10058968537;S
20240408;100201;154.44;10;10058968539;B
20240408;100202;154.38;10;10058968593;B
20240408;100202;154.38;40;10058968595;B
20240408;100202;154.38;160;10058968596;B
20240408;100202;154.46;50;10058968600;B
20240408;100202;154.46;50;10058968601;B
20240408;100202;154.42;10;10058968701;S
20240408;100202;154.4;40;10058968707;B
20240408;100202;154.4;60;10058968708;B
20240408;100203;154.48;10;10058968788;B
20240408;100203;154.38;100;10058968803;S
20240408;100203;154.38;50;10058968814;S
20240408;100203;154.48;30;10058968857;B
20240408;100203;154.48;30;10058968886;B
20240408;100203;154.48;20;10058968887;B
20240408;100203;154.46;10;10058968903;S
20240408;100203;154.46;10;10058968904;S
20240408;100203;154.4;10;10058968935;B
20240408;100203;154.4;10;10058968950;B
20240408;100203;154.4;10;10058968972;B
20240408;100203;154.4;10;10058968980;B
20240408;100203;154.48;10;10058968981;B
20240408;100203;154.38;30;10058968996;S
20240408;100203;154.36;70;10058968997;S
20240408;100203;154.48;350;10058969005;B
20240408;100203;154.48;910;10058969015;B
20240408;100203;154.48;10000;10058969016;B
20240408;100203;154.5;310;10058969017;B
20240408;100204;154.46;10;10058969052;S
20240408;100204;154.48;40;10058969202;B
20240408;100205;154.48;10;10058969251;B
20240408;100205;154.48;10;10058969260;B
20240408;100205;154.46;10;10058969306;S
20240408;100205;154.46;10;10058969307;S
20240408;100205;154.42;10;10058969308;S
20240408;100205;154.42;20;10058969309;S
20240408;100205;154.46;10;10058969410;B
20240408;100205;154.46;30;10058969441;B
20240408;100206;154.46;60;10058969541;B
20240408;100206;154.48;30;10058969542;B
20240408;100206;154.48;3010;10058969543;B
20240408;100206;154.48;11000;10058969562;B
20240408;100206;154.48;10000;10058969563;B
20240408;100206;154.5;690;10058969564;B
20240408;100206;154.5;10;10058969565;B
20240408;100206;154.5;50;10058969566;B
20240408;100206;154.54;1000;10058969733;B
20240408;100206;154.52;100;10058969754;S
20240408;100207;154.54;300;10058969807;B
20240408;100207;154.54;10;10058969808;B
20240408;100207;154.56;30;10058969809;B
20240408;100207;154.54;10000;10058969826;B
20240408;100207;154.56;100;10058969829;B
20240408;100207;154.56;200;10058969830;B
20240408;100207;154.56;20;10058969831;B
20240408;100207;154.58;4680;10058969832;B
20240408;100207;154.58;1080;10058969839;B
20240408;100207;154.58;100;10058969840;B
20240408;100207;154.58;820;10058969841;B
20240408;100207;154.58;10;10058969877;B
20240408;100207;154.58;400;10058969900;B
20240408;100207;154.58;10;10058969936;B
20240408;100207;154.58;1000;10058969938;B
20240408;100207;154.58;10;10058969963;B
20240408;100207;154.58;10;10058969985;B
20240408;100207;154.58;100;10058969990;B
20240408;100207;154.58;4130;10058970000;B
20240408;100207;154.58;870;10058970001;B
20240408;100207;154.58;100;10058970005;B
20240408;100207;154.58;2500;10058970014;B
20240408;100207;154.58;8420;10058970017;B
20240408;100207;154.58;50;10058970028;B
20240408;100207;154.58;10;10058970030;B
20240408;100207;154.58;250;10058970036;B
20240408;100207;154.58;100;10058970046;B
20240408;100207;154.58;10;10058970059;B
20240408;100208;154.58;10;10058970068;B
20240408;100208;154.58;50;10058970069;B
20240408;100208;154.58;50;10058970070;B
20240408;100208;154.58;600;10058970073;B
20240408;100208;154.58;100;10058970084;B
20240408;100208;154.58;10;10058970085;B
20240408;100208;154.58;1000;10058970096;B
20240408;100208;154.6;80;10058970097;B
20240408;100208;154.6;1000;10058970098;B
20240408;100208;154.6;100;10058970099;B
20240408;100208;154.6;300;10058970100;B
20240408;100208;154.64;200;10058970101;B
20240408;100208;154.64;460;10058970102;B
20240408;100208;154.6;30;10058970104;B
20240408;100208;154.6;10;10058970106;B
20240408;100208;154.6;80;10058970110;B
20240408;100208;154.64;6040;10058970111;B
20240408;100208;154.64;1500;10058970112;B
20240408;100208;154.66;100;10058970113;B
20240408;100208;154.7;50;10058970117;B
20240408;100208;154.7;200;10058970130;B
20240408;100208;154.74;50;10058970131;B
20240408;100208;154.76;50;10058970132;B
20240408;100208;154.74;1000;10058970146;B
20240408;100208;154.74;10;10058970150;B
20240408;100208;154.74;100;10058970192;B
20240408;100208;154.74;50;10058970225;B
20240408;100208;154.74;1000;10058970229;B
20240408;100208;154.74;50;10058970260;B
20240408;100208;154.74;20;10058970263;B
20240408;100208;154.72;10;10058970268;S
20240408;100208;154.7;250;10058970269;S
20240408;100208;154.68;190;10058970270;S
20240408;100208;154.68;10;10058970271;S
20240408;100208;154.68;50;10058970272;S
20240408;100208;154.68;10;10058970273;S
20240408;100208;154.68;10;10058970274;S
