<DATE>;<TIME>;<LAST>;<VOL>;<ID>;<OPER>
20241023;095954;3.815;2700;11328176489;S
20241023;095954;3.815;100;11328176490;S
20241023;095954;3.815;600;11328176491;S
20241023;095954;3.815;100;11328176492;S
20241023;095954;3.815;300;11328176493;S
20241023;095954;3.815;100;11328176494;S
20241023;095954;3.815;100;11328176495;B
20241023;095954;3.815;100;11328176496;B
20241023;095954;3.815;100;11328176497;B
20241023;095954;3.815;300;11328176498;B
20241023;095954;3.815;21700;11328176499;S
20241023;095954;3.815;900;11328176500;S
20241023;095954;3.815;100;11328176501;S
20241023;095954;3.815;22800;11328176502;S
20241023;095954;3.815;100;11328176503;S
20241023;095954;3.815;2100;11328176504;S
20241023;095954;3.815;100;11328176505;S
20241023;095954;3.815;300;11328176506;B
20241023;095954;3.815;200;11328176507;S
20241023;095954;3.815;2500;11328176508;S
20241023;095954;3.815;100;11328176509;S
20241023;095954;3.815;100;11328176510;S
20241023;095954;3.815;300;11328176511;S
20241023;095954;3.815;100;11328176512;B
20241023;095954;3.815;600;11328176513;S
20241023;095954;3.815;200;11328176514;S
20241023;100004;3.8115;100;11328180481;B
20241023;100004;3.8115;100;11328180483;B
20241023;100004;3.8115;100;11328180486;B
20241023;100004;3.8115;100;11328181628;B
20241023;100004;3.809;100;11328181729;S
20241023;100004;3.8095;2000;11328181944;B
20241023;100004;3.8095;7300;11328181953;B
20241023;100005;3.809;1300;11328182807;S
20241023;100005;3.809;200;11328182896;S
20241023;100005;3.809;600;11328182897;S
20241023;100005;3.809;100;11328182898;S
20241023;100005;3.809;100;11328182899;S
20241023;100005;3.809;300;11328182900;S
20241023;100005;3.809;300;11328182901;S
20241023;100005;3.809;300;11328182902;S
20241023;100005;3.809;900;11328182903;S
20241023;100005;3.8085;500;11328183007;S
20241023;100005;3.808;4000;11328183008;S
20241023;100005;3.807;200;11328183009;S
20241023;100005;3.807;100;11328183010;S
20241023;100005;3.807;2600;11328183011;S
20241023;100005;3.807;200;11328183012;S
20241023;100005;3.805;4000;11328183013;S
20241023;100005;3.8045;25300;11328183014;S
20241023;100005;3.8045;100;11328183016;S
20241023;100005;3.8095;100;11328183022;B
20241023;100005;3.8095;100;11328183024;B
20241023;100006;3.804;200;11328183802;S
20241023;100006;3.804;300;11328184100;S
20241023;100006;3.803;2000;11328184101;S
20241023;100006;3.8025;600;11328184102;S
20241023;100006;3.8025;400;11328184497;S
20241023;100008;3.8025;10400;11328185537;S
20241023;100010;3.8025;100;11328185885;S
20241023;100010;3.8025;900;11328185922;S
20241023;100010;3.807;2300;11328185927;B
20241023;100010;3.807;100;11328185975;B
20241023;100010;3.8025;12500;11328185992;S
20241023;100010;3.8025;4000;11328186057;S
20241023;100010;3.8025;10400;11328186126;S
20241023;100013;3.8025;12500;11328186665;S
20241023;100013;3.8025;900;11328186689;S
20241023;100013;3.802;10700;11328186690;S
20241023;100016;3.8095;10000;11328187078;B
20241023;100025;3.802;1400;11328189157;S
20241023;100027;3.802;40600;11328189658;S
20241023;100027;3.802;20000;11328189659;S
20241023;100027;3.8015;32100;11328189685;S
20241023;100027;3.801;32300;11328189707;B
20241023;100028;3.803;400;11328189977;B
20241023;100031;3.801;300;11328191275;S
20241023;100042;3.8015;4000;11328194034;B
20241023;100044;3.801;600;11328194538;S
20241023;100047;3.8015;600;11328195561;B
20241023;100048;3.8015;300;11328195691;B
20241023;100051;3.801;30000;11328196322;S
20241023;100051;3.801;20000;11328196323;B
20241023;100051;3.801;12300;11328196420;S
20241023;100051;3.801;32300;11328196421;B
20241023;100051;3.801;12700;11328196422;B
20241023;100052;3.8015;7900;11328196552;B
20241023;100053;3.801;200;11328196786;S
20241023;100056;3.8;2000;11328197475;S
20241023;100056;3.8;1000;11328197476;S
20241023;100056;3.8;7100;11328197477;S
20241023;100109;3.8015;300;11328200629;B
20241023;100113;3.8005;10000;11328201181;S
20241023;100119;3.8015;4200;11328202073;B
20241023;100121;3.801;800;11328202484;S
20241023;100121;3.8005;1700;11328202485;S
20241023;100122;3.8015;14800;11328202653;B
20241023;100127;3.8005;5100;11328203408;S
20241023;100128;3.8015;28000;11328203663;B
20241023;100128;3.8015;200;11328203664;B
20241023;100131;3.801;3300;11328204169;S
20241023;100138;3.802;3300;11328205202;S
20241023;100143;3.8035;1000;11328206349;B
20241023;100145;3.802;10500;11328206688;S
20241023;100146;3.8035;300;11328206842;B
20241023;100146;3.8035;1900;11328206929;B
20241023;100146;3.8035;1900;11328206999;B
20241023;100147;3.8035;1900;11328207129;B
20241023;100149;3.802;12900;11328207657;S
20241023;100154;3.8015;3000;11328208722;S
20241023;100156;3.802;300;11328209062;B
20241023;100205;3.8015;100;11328210636;S
20241023;100206;3.8015;2900;11328210940;S
20241023;100206;3.801;1700;11328210941;S
20241023;100210;3.8015;900;11328211826;S
20241023;100212;3.802;100;11328212236;B
20241023;100234;3.801;100;11328216340;S
20241023;100234;3.8005;9600;11328216341;S
20241023;100234;3.802;100;11328216386;B
20241023;100242;3.801;100;11328217671;S
20241023;100242;3.801;100;11328217672;S
20241023;100249;3.802;6400;11328218685;B
20241023;100249;3.802;16900;11328218732;B
20241023;100249;3.802;4300;11328218809;B
20241023;100249;3.802;2700;11328218865;B
20241023;100249;3.802;100;11328218866;B
20241023;100251;3.802;200;11328219205;B
20241023;100256;3.8025;3100;11328220201;B
20241023;100257;3.8025;5300;11328220291;B
20241023;100259;3.8025;100;11328220578;B
20241023;100301;3.802;100;11328220928;S
20241023;100320;3.8025;1000;11328224378;B
20241023;100337;3.8025;500;11328227715;B
20241023;100340;3.802;10000;11328228070;S
20241023;100344;3.802;4000;11328228588;S
20241023;100422;3.8025;11700;11328234299;B
20241023;100423;3.803;13500;11328234471;B
20241023;100423;3.8035;9100;11328234553;B
20241023;100424;3.8035;200;11328234608;B
20241023;100425;3.8035;200;11328234808;B
20241023;100449;3.8035;100;11328238608;B
20241023;100453;3.8035;200;11328239191;B
20241023;100456;3.8025;300;11328239704;S
20241023;100502;3.8025;100;11328240733;S
20241023;100505;3.8025;100;11328241228;S
20241023;100510;3.8025;1000;11328242127;S
20241023;100518;3.803;4600;11328243601;B
20241023;100518;3.803;12400;11328243602;B
20241023;100518;3.8035;15400;11328243603;B
20241023;100518;3.8035;21700;11328243604;B
20241023;100518;3.8035;4600;11328243605;B
20241023;100518;3.804;41300;11328243606;B
20241023;100521;3.8035;300;11328244177;B
20241023;100528;3.8035;10000;11328245605;S
20241023;100528;3.8035;12400;11328245606;S
20241023;100528;3.8035;4800;11328245607;S
20241023;100528;3.8035;8000;11328245608;S
20241023;100540;3.8035;100;11328247915;B
20241023;100550;3.803;100;11328250345;S
20241023;100550;3.803;100;11328250389;S
20241023;100550;3.803;1000;11328250402;B
20241023;100553;3.803;8000;11328251336;B
20241023;100557;3.803;1200;11328252046;B
20241023;100558;3.8025;1500;11328252285;S
20241023;100600;3.803;100;11328252618;B
20241023;100605;3.8025;30300;11328253723;S
20241023;100609;3.803;100;11328254713;B
20241023;100610;3.8025;10000;11328255094;S
20241023;100612;3.8025;3600;11328255662;S
20241023;100617;3.8025;10000;11328256823;S
20241023;100618;3.803;2000;11328257118;B
20241023;100621;3.803;100;11328258001;B
20241023;100625;3.803;100;11328259135;B
20241023;100632;3.803;1300;11328260896;B
20241023;100633;3.803;1300;11328261132;B
20241023;100634;3.803;1400;11328261329;B
20241023;100634;3.803;600;11328261412;B
20241023;100634;3.803;1100;11328261440;B
20241023;100638;3.803;100;11328262407;B
20241023;100638;3.803;500;11328262487;B
20241023;100642;3.803;29400;11328263143;B
20241023;100642;3.8035;4600;11328263144;B
20241023;100642;3.803;4200;11328263301;B
20241023;100646;3.803;1100;11328263897;B
20241023;100650;3.803;400;11328264507;B
20241023;100656;3.803;1100;11328265309;B
20241023;100656;3.803;9500;11328265353;B
20241023;100712;3.803;800;11328268152;B
20241023;100728;3.8025;3000;11328271963;S
20241023;100732;3.803;300;11328272609;B
20241023;100732;3.803;100;11328272777;B
20241023;100732;3.803;7100;11328272828;B
20241023;100732;3.803;100;11328272869;B
20241023;100734;3.8025;40000;11328273262;S
20241023;100745;3.8025;1600;11328275561;S
20241023;100745;3.8025;100;11328275562;S
20241023;100745;3.8025;700;11328275563;S
20241023;100745;3.802;100;11328275564;S
20241023;100745;3.802;100;11328275565;S
20241023;100745;3.8005;900;11328275566;S
20241023;100745;3.8005;100;11328275594;B
20241023;100746;3.8;100;11328275710;S
20241023;100746;3.8;1000;11328275711;S
20241023;100746;3.8;2000;11328275712;S
20241023;100746;3.8;300;11328275713;S
20241023;100746;3.8;100;11328275714;S
20241023;100746;3.8;300;11328275715;S
20241023;100746;3.7985;100;11328275716;S
20241023;100746;3.7985;200;11328275717;S
20241023;100746;3.7985;800;11328275718;B
20241023;100746;3.7975;4000;11328275722;S
20241023;100753;3.799;400;11328277150;B
20241023;100753;3.799;4900;11328277151;B
20241023;100758;3.798;100;11328278027;S
20241023;100813;3.8005;100;11328281265;B
20241023;100819;3.798;40000;11328282249;S
20241023;100819;3.798;20000;11328282250;S
20241023;100819;3.798;2000;11328282251;S
20241023;100819;3.798;700;11328282252;S
20241023;100819;3.798;7300;11328282253;S
20241023;100840;3.7995;500;11328286018;B
20241023;100842;3.7985;700;11328286377;S
20241023;100842;3.798;600;11328286378;S
20241023;100842;3.7975;1000;11328286379;S
20241023;100842;3.797;1600;11328286380;S
20241023;100842;3.797;1700;11328286381;S
20241023;100842;3.797;100;11328286382;S
20241023;100842;3.797;5300;11328286383;S
20241023;100842;3.7965;19000;11328286384;S
20241023;100842;3.7965;5300;11328286385;S
20241023;100842;3.796;500;11328286386;S
20241023;100842;3.796;100;11328286387;S
20241023;100842;3.796;100;11328286388;S
20241023;100842;3.796;100;11328286389;S
20241023;100842;3.796;12400;11328286390;S
20241023;100842;3.7955;1000;11328286391;S
20241023;100842;3.7955;20500;11328286392;S
20241023;100846;3.797;100;11328287118;B
20241023;100848;3.797;200;11328287748;B
20241023;100852;3.797;100;11328288252;B
20241023;100852;3.797;100;11328288285;B
20241023;100855;3.797;100;11328288880;B
20241023;100856;3.797;400;11328288932;B
20241023;100910;3.796;600;11328292290;S
20241023;100910;3.796;100;11328292291;S
20241023;100911;3.7955;15000;11328292512;S
20241023;100913;3.796;1600;11328293177;B
20241023;100913;3.796;400;11328293178;B
20241023;100916;3.796;200;11328294872;B
20241023;100916;3.797;1900;11328294873;B
20241023;100916;3.797;300;11328294874;B
20241023;100917;3.798;200;11328295124;B
20241023;100923;3.798;800;11328296193;B
20241023;100923;3.798;100;11328296425;B
20241023;100924;3.7975;100;11328296558;S
20241023;100924;3.7975;100;11328296559;B
20241023;100932;3.797;5300;11328298409;B
20241023;100934;3.797;1000;11328298890;B
20241023;100935;3.7975;1100;11328299306;B
20241023;100937;3.7975;5300;11328299730;B
20241023;100942;3.797;400;11328300702;B
20241023;100954;3.7995;2700;11328303614;B
20241023;100954;3.7995;200;11328303615;B
20241023;100956;3.7995;2300;11328304156;S
20241023;101002;3.7995;100;11328305713;S
20241023;101002;3.7995;2900;11328305714;S
20241023;101004;3.798;100;11328306062;B
20241023;101004;3.7975;2300;11328306065;S
20241023;101004;3.798;800;11328306071;B
20241023;101005;3.7985;3300;11328306361;B
20241023;101010;3.798;2400;11328308408;B
20241023;101018;3.799;3800;11328310005;B
20241023;101023;3.797;500;11328310953;S
20241023;101023;3.796;500;11328310954;S
20241023;101023;3.796;1000;11328310955;S
20241023;101023;3.7955;2000;11328310956;S
20241023;101023;3.7955;4700;11328310957;S
20241023;101023;3.795;3200;11328310958;S
20241023;101030;3.7965;500;11328311942;B
20241023;101040;3.7955;200;11328313813;S
20241023;101042;3.7955;100;11328314068;S
20241023;101042;3.795;1800;11328314069;S
20241023;101042;3.795;100;11328314070;S
20241023;101042;3.795;100;11328314071;S
20241023;101042;3.795;500;11328314072;S
20241023;101042;3.794;100;11328314073;S
20241023;101042;3.794;3300;11328314074;S
20241023;101042;3.7935;2300;11328314075;S
20241023;101044;3.7955;800;11328314614;B
20241023;101047;3.7935;100;11328315079;S
20241023;101047;3.7925;17900;11328315080;S
20241023;101050;3.7955;200;11328315791;B
20241023;101053;3.7925;400;11328316221;S
20241023;101053;3.7925;100;11328316222;S
20241023;101053;3.792;100;11328316223;S
20241023;101053;3.792;300;11328316224;S
20241023;101053;3.792;40300;11328316225;S
20241023;101053;3.7915;200;11328316226;S
20241023;101053;3.7915;12400;11328316227;S
20241023;101053;3.7915;36800;11328316228;S
20241023;101053;3.791;9400;11328316229;S
20241023;101053;3.7915;3000;11328316288;S
20241023;101054;3.7945;2000;11328316538;B
20241023;101054;3.7945;11800;11328316539;B
20241023;101059;3.7965;100;11328317754;B
20241023;101100;3.795;10000;11328317882;S
20241023;101107;3.7985;12400;11328319318;B
20241023;101107;3.7985;2000;11328319319;B
20241023;101107;3.799;1200;11328319320;B
20241023;101108;3.7965;100;11328319434;S
20241023;101116;3.7965;400;11328320717;S
20241023;101116;3.7965;2600;11328320718;S
20241023;101119;3.7995;2000;11328321061;B
20241023;101119;3.7995;100;11328321062;B
20241023;101120;3.7965;300;11328321221;S
20241023;101120;3.796;100;11328321222;S
20241023;101125;3.7955;100;11328322155;S
20241023;101125;3.7955;100;11328322156;S
20241023;101141;3.796;100;11328324622;B
20241023;101142;3.796;800;11328324681;B
20241023;101146;3.7955;400;11328325426;S
20241023;101149;3.796;1000;11328325868;B
20241023;101151;3.796;300;11328326108;B
20241023;101206;3.7955;300;11328328399;S
20241023;101207;3.7955;300;11328328569;S
20241023;101207;3.7955;100;11328328570;S
20241023;101207;3.795;800;11328328571;S
20241023;101207;3.795;1800;11328328572;S
20241023;101214;3.796;300;11328329465;B
20241023;101220;3.796;200;11328330204;B
20241023;101220;3.796;100;11328330311;B
20241023;101221;3.796;200;11328330376;B
20241023;101236;3.796;2700;11328332203;B
20241023;101236;3.796;2000;11328332213;B
20241023;101240;3.796;100;11328332633;B
20241023;101246;3.796;100;11328333601;B
20241023;101249;3.7955;500;11328333972;S
20241023;101250;3.7955;100;11328334210;S
20241023;101254;3.796;100;11328334690;B
20241023;101259;3.796;100;11328335151;B
20241023;101304;3.796;7000;11328335957;B
20241023;101313;3.7955;100;11328337179;S
20241023;101313;3.796;200;11328337210;B
20241023;101314;3.7955;170300;11328337334;S
20241023;101314;3.7955;20000;11328337335;S
20241023;101314;3.7955;100;11328337336;S
20241023;101314;3.7955;30000;11328337337;S
20241023;101314;3.7955;100;11328337338;S
20241023;101314;3.7955;390000;11328337339;S
20241023;101314;3.796;3000;11328337418;B
20241023;101324;3.796;100;11328338895;B
20241023;101326;3.796;100;11328339174;B
20241023;101327;3.796;500;11328339331;B
20241023;101327;3.796;9500;11328339332;B
20241023;101329;3.7955;400;11328339523;S
20241023;101350;3.796;100;11328342518;B
20241023;101352;3.7955;2000;11328342706;S
20241023;101354;3.796;600;11328342944;B
20241023;101400;3.7955;100;11328343578;S
20241023;101445;3.7955;100;11328349996;S
20241023;101454;3.796;11500;11328351391;B
20241023;101454;3.796;18600;11328351392;B
20241023;101456;3.7955;100;11328351725;S
20241023;101510;3.796;2000;11328354281;B
20241023;101510;3.796;1300;11328354283;B
20241023;101513;3.7955;300;11328355264;S
20241023;101513;3.7955;100;11328355339;S
20241023;101515;3.7955;100;11328355933;S
20241023;101515;3.7955;100;11328356127;S
20241023;101516;3.7955;800;11328356402;S
20241023;101516;3.796;100;11328356531;B
20241023;101517;3.7955;100;11328356836;S
20241023;101519;3.796;10500;11328357354;B
20241023;101519;3.796;100;11328357390;B
20241023;101519;3.7955;100;11328357561;S
20241023;101519;3.796;10000;11328357563;B
20241023;101520;3.7955;7100;11328357605;S
20241023;101520;3.796;400;11328357627;B
20241023;101520;3.796;200;11328357718;B
20241023;101522;3.796;1000;11328358336;B
20241023;101523;3.796;100;11328358552;B
20241023;101531;3.7955;100;11328360751;S
20241023;101533;3.796;8200;11328361232;B
20241023;101534;3.7955;500;11328361468;S
20241023;101539;3.796;100;11328362765;B
20241023;101539;3.796;100;11328362780;B
20241023;101540;3.796;100;11328363052;B
20241023;101542;3.796;100;11328363425;B
20241023;101543;3.7955;100;11328363588;S
20241023;101544;3.796;500;11328363780;B
20241023;101545;3.796;600;11328363986;B
20241023;101546;3.796;1000;11328364261;B
20241023;101547;3.796;200;11328364404;B
20241023;101547;3.796;100;11328364516;B
20241023;101547;3.796;100;11328364590;B
20241023;101549;3.796;100;11328364841;B
20241023;101549;3.796;300;11328365019;B
20241023;101555;3.7955;100;11328366297;S
20241023;101557;3.796;5000;11328366551;B
20241023;101558;3.796;100;11328366701;B
20241023;101600;3.7955;200;11328367097;S
20241023;101601;3.796;300;11328367249;B
20241023;101601;3.796;100;11328367288;B
20241023;101601;3.796;100;11328367323;B
20241023;101602;3.796;300;11328367435;B
20241023;101604;3.796;300;11328367712;B
20241023;101604;3.796;2300;11328367736;B
20241023;101606;3.796;1000;11328368066;B
20241023;101608;3.796;2500;11328368592;B
20241023;101609;3.796;100;11328368871;B
20241023;101610;3.796;600;11328369000;B
20241023;101610;3.796;400;11328369007;B
20241023;101610;3.796;500;11328369036;B
20241023;101613;3.796;1300;11328369531;B
20241023;101614;3.796;200;11328369685;B
20241023;101615;3.796;2400;11328369831;B
20241023;101619;3.796;800;11328370538;B
20241023;101620;3.796;100;11328370553;B
20241023;101620;3.796;800;11328370554;B
20241023;101631;3.796;56700;11328372310;B
20241023;101631;3.7965;300;11328372311;B
20241023;101631;3.7965;4200;11328372312;B
20241023;101631;3.797;4200;11328372313;B
20241023;101631;3.798;12400;11328372314;B
20241023;101631;3.7995;65700;11328372315;B
20241023;101631;3.7995;90000;11328372316;B
20241023;101631;3.7995;47400;11328372317;B
20241023;101631;3.7995;13500;11328372318;B
20241023;101631;3.8;3000;11328372319;B
20241023;101631;3.8;44700;11328372320;B
20241023;101631;3.7995;90000;11328372421;S
20241023;101631;3.7995;12400;11328372422;S
20241023;101631;3.7995;20000;11328372423;S
20241023;101631;3.7995;2000;11328372424;S
20241023;101631;3.799;6700;11328372425;S
20241023;101631;3.799;600;11328372426;S
20241023;101644;3.7985;100;11328374259;B
20241023;101644;3.7985;10000;11328374271;B
20241023;101648;3.7985;300;11328374793;B
20241023;101649;3.7985;2000;11328374894;B
20241023;101656;3.7985;200;11328375775;B
20241023;101707;3.7985;3000;11328377051;B
20241023;101746;3.7975;100;11328383336;B
20241023;101749;3.7975;600;11328383714;B
20241023;101753;3.7975;400;11328384292;B
20241023;101803;3.7975;100;11328386159;B
20241023;101804;3.7975;100;11328386307;B
20241023;101805;3.7975;200;11328386339;B
20241023;101814;3.797;200;11328387263;S
20241023;101814;3.797;100;11328387264;S
20241023;101814;3.796;100;11328387265;S
20241023;101814;3.796;2600;11328387266;S
20241023;101826;3.796;500;11328388553;S
20241023;101827;3.796;1900;11328388604;S
20241023;101831;3.7955;100;11328389066;S
20241023;101833;3.7955;100;11328389280;S
20241023;101839;3.796;5000;11328390032;B
20241023;101842;3.7955;1500;11328390473;S
20241023;101847;3.796;100;11328391243;B
20241023;101849;3.7955;1100;11328391460;S
20241023;101850;3.796;1100;11328391717;B
20241023;101859;3.796;100;11328393025;B
20241023;101859;3.796;100;11328393096;B
20241023;101905;3.7955;5100;11328393824;S
20241023;101914;3.7955;8700;11328395690;S
20241023;101916;3.796;1700;11328396194;B
20241023;101916;3.796;3300;11328396195;B
20241023;101916;3.796;200;11328396237;B
20241023;101917;3.796;100;11328396398;B
20241023;101923;3.7955;100;11328397454;S
20241023;101924;3.796;2700;11328397553;B
20241023;101927;3.7955;200;11328398107;S
20241023;101937;3.796;300;11328401317;B
20241023;101938;3.796;200;11328401613;B
20241023;101944;3.796;100;11328403125;B
20241023;101948;3.796;2000;11328403511;B
20241023;101953;3.796;4600;11328404335;B
20241023;101953;3.7955;100;11328404446;S
20241023;101954;3.796;100;11328404596;B
20241023;101959;3.796;100;11328405132;B
20241023;102002;3.7955;9600;11328405654;S
20241023;102002;3.7955;400;11328405655;S
20241023;102004;3.796;6900;11328405927;B
20241023;102008;3.7955;6000;11328406830;S
20241023;102014;3.796;500;11328408149;B
20241023;102020;3.796;9700;11328409660;B
20241023;102020;3.796;2000;11328409845;B
20241023;102030;3.7955;500;11328415110;S
20241023;102035;3.796;1500;11328417616;B
20241023;102036;3.796;1600;11328418207;B
20241023;102036;3.796;200;11328418363;B
20241023;102036;3.796;1900;11328418833;B
20241023;102037;3.796;1900;11328419751;B
20241023;102039;3.796;500;11328420626;B
20241023;102040;3.796;100;11328421262;B
20241023;102049;3.796;10600;11328427030;B
20241023;102050;3.7955;100;11328427570;S
20241023;102058;3.796;100;11328431657;B
20241023;102107;3.796;100;11328435188;B
20241023;102108;3.796;100;11328435929;B
20241023;102113;3.796;100;11328438591;B
20241023;102116;3.796;100;11328440045;B
20241023;102118;3.7955;300;11328440877;S
20241023;102118;3.7955;2700;11328441174;S
20241023;102121;3.7955;7900;11328442523;S
20241023;102122;3.7955;68000;11328443004;S
20241023;102128;3.796;1000;11328444836;B
20241023;102130;3.7955;1000;11328445119;S
20241023;102143;3.7955;10000;11328446924;S
20241023;102145;3.796;15100;11328447132;B
20241023;102149;3.796;15100;11328447695;B
20241023;102151;3.796;100;11328448244;B
20241023;102154;3.796;200;11328448683;B
20241023;102154;3.7955;10000;11328448684;S
20241023;102156;3.7955;500;11328449052;S
20241023;102202;3.796;100;11328450005;B
20241023;102202;3.796;5500;11328450083;B
20241023;102205;3.7955;200;11328450585;S
20241023;102206;3.7955;5000;11328450722;S
20241023;102206;3.7955;24800;11328450772;S
20241023;102206;3.7955;200;11328450773;S
20241023;102206;3.7955;100;11328450774;S
20241023;102206;3.7955;100;11328450775;S
20241023;102206;3.7955;100;11328450776;S
20241023;102206;3.7955;50000;11328450777;S
20241023;102206;3.7955;10000;11328450778;S
20241023;102206;3.7955;100;11328450779;S
20241023;102206;3.7955;100;11328450780;S
20241023;102209;3.7955;300;11328451371;S
20241023;102219;3.796;200;11328452918;B
20241023;102230;3.7955;50000;11328454360;S
20241023;102233;3.796;1300;11328454677;B
20241023;102234;3.796;7500;11328454807;B
20241023;102256;3.7955;100;11328457378;S
20241023;102308;3.796;100;11328459498;B
20241023;102313;3.7955;500;11328460269;S
20241023;102315;3.7955;100;11328460625;S
20241023;102327;3.7955;2100;11328462822;S
20241023;102335;3.796;200;11328464361;B
20241023;102336;3.796;100;11328464606;B
20241023;102349;3.7955;5400;11328466141;S
20241023;102412;3.7955;1000;11328468645;S
20241023;102434;3.7955;200;11328472009;S
20241023;102450;3.796;10500;11328474769;B
20241023;102452;3.796;3900;11328475122;B
20241023;102453;3.796;300;11328475226;B
20241023;102453;3.796;300;11328475341;B
20241023;102454;3.796;300;11328475456;B
20241023;102455;3.796;300;11328475682;B
20241023;102455;3.796;5500;11328475745;B
20241023;102455;3.796;12500;11328475767;B
20241023;102509;3.7955;1100;11328477751;S
20241023;102512;3.7955;144300;11328478330;S
20241023;102512;3.7955;50000;11328478331;S
20241023;102512;3.7955;10000;11328478332;S
20241023;102512;3.7955;100;11328478333;S
20241023;102512;3.7955;100;11328478334;S
20241023;102512;3.7955;200;11328478335;S
20241023;102512;3.7955;200;11328478336;S
20241023;102512;3.7955;100;11328478337;S
20241023;102512;3.7955;300;11328478338;S
20241023;102512;3.7955;12400;11328478339;S
20241023;102516;3.7955;200;11328478948;S
20241023;102524;3.796;100;11328480444;B
20241023;102535;3.7955;300;11328482052;S
20241023;102540;3.796;100;11328482760;B
20241023;102543;3.796;100;11328483115;B
20241023;102543;3.796;100;11328483302;B
20241023;102543;3.796;100;11328483303;B
20241023;102543;3.796;800;11328483304;B
20241023;102544;3.796;700;11328483329;B
20241023;102544;3.796;200;11328483377;B
20241023;102544;3.796;17500;11328483473;B
20241023;102544;3.796;61500;11328483474;B
20241023;102544;3.796;121000;11328483475;B
20241023;102544;3.796;10700;11328483476;B
20241023;102544;3.796;9100;11328483477;B
20241023;102545;3.796;800;11328483656;B
20241023;102554;3.796;5200;11328484897;B
20241023;102554;3.796;15900;11328484898;B
20241023;102615;3.796;200;11328487925;B
20241023;102615;3.796;10600;11328488021;B
20241023;102618;3.7955;200;11328488415;S
20241023;102628;3.796;100;11328489999;B
20241023;102628;3.796;900;11328490054;B
20241023;102630;3.796;7800;11328490409;B
20241023;102631;3.796;100;11328490615;B
20241023;102633;3.796;1800;11328490810;B
20241023;102636;3.796;100;11328491194;B
20241023;102638;3.796;500;11328491380;B
20241023;102647;3.7955;2500;11328492616;S
20241023;102655;3.796;6700;11328493510;B
20241023;102655;3.7955;100;11328493513;S
20241023;102700;3.796;1100;11328494060;B
20241023;102702;3.7955;200;11328494475;S
20241023;102706;3.7955;25000;11328495002;S
20241023;102706;3.7955;400;11328495019;S
20241023;102710;3.796;200;11328495522;B
20241023;102713;3.7955;100;11328495931;S
20241023;102714;3.7955;100;11328496061;S
20241023;102718;3.796;100;11328496637;B
20241023;102739;3.796;600;11328499782;B
20241023;102759;3.796;200;11328502556;B
20241023;102759;3.796;1300;11328502575;B
20241023;102800;3.796;3100;11328502817;B
20241023;102807;3.7955;12800;11328504041;S
20241023;102807;3.796;800;11328504098;B
20241023;102808;3.796;100;11328504192;B
20241023;102812;3.796;1000;11328504687;B
20241023;102821;3.7955;1300;11328505663;S
20241023;102821;3.7955;1300;11328505791;S
20241023;102824;3.7955;1300;11328506185;S
20241023;102828;3.7955;1700;11328506563;S
20241023;102828;3.7955;5900;11328506564;S
20241023;102834;3.7955;600;11328507377;S
20241023;102840;3.796;5200;11328508083;B
20241023;102846;3.7955;300;11328508934;S
20241023;102847;3.796;3200;11328509053;B
20241023;102850;3.796;100;11328509435;B
20241023;102858;3.796;10000;11328510346;B
20241023;102859;3.796;1500;11328510582;B
20241023;102902;3.796;1000;11328511156;B
20241023;102902;3.796;2000;11328511196;B
20241023;102904;3.796;4900;11328511650;B
20241023;102906;3.796;2000;11328511833;B
20241023;102906;3.796;300;11328511852;B
20241023;102918;3.796;100;11328513623;B
20241023;102924;3.796;600;11328514519;B
20241023;102927;3.7955;100;11328514757;S
20241023;102939;3.796;600;11328516012;B
20241023;102942;3.7955;500;11328516292;S
20241023;102950;3.7955;300;11328517120;S
20241023;102957;3.796;4000;11328517688;B
20241023;103002;3.796;100;11328518369;B
20241023;103006;3.796;100;11328519032;B
20241023;103013;3.796;100;11328520436;B
20241023;103024;3.796;200;11328521828;B
20241023;103033;3.796;500;11328522924;B
20241023;103035;3.7955;100;11328523191;S
20241023;103038;3.796;100;11328523447;B
20241023;103046;3.796;100;11328524338;B
20241023;103047;3.7955;100;11328524406;S
20241023;103047;3.796;500;11328524408;B
20241023;103047;3.7955;100;11328524452;S
20241023;103057;3.7955;100;11328525829;S
20241023;103057;3.796;300;11328525835;B
20241023;103110;3.796;100;11328527362;B
20241023;103119;3.796;100;11328528124;B
20241023;103121;3.796;18100;11328528389;B
20241023;103125;3.796;7600;11328528732;B
20241023;103130;3.796;100;11328529246;B
20241023;103130;3.796;15000;11328529343;B
20241023;103130;3.796;85000;11328529344;B
20241023;103132;3.796;100;11328529513;B
20241023;103134;3.796;100;11328529760;B
20241023;103137;3.796;90000;11328530070;B
20241023;103145;3.796;200;11328531721;B
20241023;103146;3.7955;25000;11328531844;S
20241023;103146;3.7955;16900;11328531948;S
20241023;103146;3.7955;3200;11328531949;S
20241023;103146;3.7955;700;11328531950;S
20241023;103146;3.7955;4200;11328531951;S
20241023;103147;3.796;200;11328532014;B
20241023;103148;3.7955;26300;11328532110;S
20241023;103150;3.7955;13000;11328532334;S
20241023;103209;3.7955;100;11328534678;S
20241023;103209;3.796;100;11328534695;B
20241023;103213;3.796;500;11328535172;B
20241023;103215;3.796;100;11328535310;B
20241023;103232;3.796;700;11328536493;B
20241023;103240;3.7955;1000;11328537113;S
20241023;103240;3.7955;9600;11328537117;S
20241023;103245;3.7955;1300;11328537503;S
20241023;103247;3.796;900;11328537798;B
20241023;103259;3.796;100;11328539426;B
20241023;103304;3.7955;1200;11328540097;S
20241023;103308;3.7955;46800;11328540975;S
20241023;103308;3.7955;100;11328541131;S
20241023;103308;3.796;500;11328541180;B
20241023;103317;3.796;50000;11328542757;B
20241023;103322;3.7955;100;11328543464;S
20241023;103328;3.7955;1500;11328544386;S
20241023;103342;3.7955;700;11328546200;S
20241023;103346;3.796;100;11328546587;B
20241023;103353;3.796;200;11328547292;B
20241023;103403;3.796;100;11328549339;B
20241023;103413;3.796;3300;11328550628;B
20241023;103413;3.7955;200;11328550674;S
20241023;103424;3.7955;500;11328552177;S
20241023;103429;3.7955;2700;11328552709;S
20241023;103435;3.796;100;11328553573;B
20241023;103435;3.7955;1600;11328553574;S
20241023;103440;3.796;11700;11328554329;B
20241023;103443;3.796;100;11328554716;B
20241023;103446;3.796;200;11328555139;B
20241023;103452;3.796;1500;11328555891;B
20241023;103458;3.796;100;11328556637;B
20241023;103512;3.796;100;11328558550;B
20241023;103513;3.7955;100;11328558668;S
20241023;103525;3.7955;300;11328560110;S
20241023;103529;3.7955;300;11328560591;S
20241023;103532;3.7955;100;11328561096;S
20241023;103533;3.7955;300;11328561219;S
20241023;103535;3.7955;300;11328561386;S
20241023;103543;3.7955;100;11328562231;S
20241023;103543;3.796;2700;11328562267;B
20241023;103543;3.796;5300;11328562319;B
20241023;103546;3.796;200;11328562563;B
20241023;103601;3.796;300;11328564637;B
20241023;103606;3.796;100;11328565325;B
20241023;103611;3.7955;100;11328566369;S
20241023;103621;3.7955;17500;11328567815;S
20241023;103621;3.7955;1000;11328567816;S
20241023;103621;3.7955;200;11328567817;S
20241023;103621;3.7955;1300;11328567818;S
20241023;103621;3.7955;1500;11328567819;S
20241023;103626;3.7955;100;11328568341;S
20241023;103626;3.7955;8000;11328568407;S
20241023;103626;3.7955;600;11328568446;S
20241023;103630;3.796;1000;11328568946;B
20241023;103632;3.796;200;11328569099;B
20241023;103636;3.7955;3500;11328569816;S
20241023;103639;3.796;1000;11328570168;B
20241023;103639;3.7955;100;11328570171;S
20241023;103639;3.796;100;11328570189;B
20241023;103642;3.7955;200;11328570403;S
20241023;103643;3.796;2000;11328570556;B
20241023;103644;3.796;6500;11328570650;B
20241023;103700;3.796;100;11328572458;B
20241023;103731;3.7955;13500;11328577099;S
20241023;103732;3.796;600;11328577244;B
20241023;103733;3.7955;700;11328577323;S
20241023;103733;3.796;15000;11328577418;B
20241023;103734;3.796;2100;11328577533;B
20241023;103734;3.796;2100;11328577537;B
20241023;103734;3.796;2100;11328577541;B
20241023;103734;3.796;2100;11328577556;B
20241023;103734;3.796;2100;11328577567;B
20241023;103734;3.796;2100;11328577574;B
20241023;103734;3.796;2100;11328577586;B
20241023;103734;3.796;2100;11328577592;B
20241023;103735;3.796;2100;11328577595;B
20241023;103735;3.796;1700;11328577597;B
20241023;103738;3.7955;2000;11328578151;S
20241023;103745;3.7955;8000;11328579019;S
20241023;103808;3.796;300;11328582025;B
20241023;103813;3.796;100;11328582623;B
20241023;103826;3.796;500;11328584171;B
20241023;103830;3.7955;1000;11328585081;S
20241023;103836;3.7955;800;11328585901;S
20241023;103837;3.796;700;11328586036;B
20241023;103840;3.7955;300;11328587174;S
20241023;103841;3.796;300;11328587335;B
20241023;103843;3.7955;2000;11328587482;S
20241023;103850;3.796;200;11328588782;B
20241023;103904;3.7955;100;11328590849;S
20241023;103913;3.796;1500;11328592085;B
20241023;103913;3.796;2200;11328592086;B
20241023;103913;3.796;11300;11328592087;B
20241023;103917;3.7955;200;11328592593;S
20241023;103919;3.7955;5000;11328593092;S
20241023;103925;3.796;400;11328593707;B
20241023;103931;3.7955;1100;11328594393;S
20241023;103931;3.7955;200;11328594394;S
20241023;103931;3.7955;7000;11328594395;S
20241023;103931;3.7955;130000;11328594396;S
20241023;103931;3.7955;20000;11328594397;S
20241023;103931;3.7955;500;11328594398;S
20241023;103931;3.7955;148200;11328594399;S
20241023;103937;3.7955;200;11328595039;S
20241023;103940;3.796;120000;11328595355;B
20241023;103940;3.796;500;11328595356;B
20241023;103940;3.796;2000;11328595357;B
20241023;103940;3.796;100;11328595358;B
20241023;103940;3.796;12400;11328595359;B
20241023;103940;3.796;21200;11328595360;B
20241023;103940;3.796;1000;11328595361;B
20241023;103940;3.796;1000;11328595362;B
20241023;103940;3.796;1000;11328595363;B
20241023;103940;3.796;1000;11328595364;B
20241023;103940;3.796;1000;11328595365;B
20241023;103940;3.796;700;11328595366;S
20241023;103941;3.796;131700;11328595417;S
20241023;103947;3.7965;200;11328596177;B
20241023;103947;3.7965;200;11328596178;B
20241023;103950;3.7965;1800;11328596666;B
20241023;103951;3.7965;8200;11328596697;S
20241023;103951;3.796;123500;11328596698;S
20241023;103951;3.7965;100000;11328596792;B
20241023;103959;3.796;100;11328597662;S
20241023;104000;3.7965;26300;11328597877;B
20241023;104000;3.7965;5400;11328597878;B
20241023;104008;3.7965;1500;11328599095;B
20241023;104012;3.7965;900;11328599821;B
20241023;104014;3.7965;1100;11328600403;B
20241023;104016;3.796;2000;11328600691;S
20241023;104016;3.796;2000;11328600821;S
20241023;104027;3.796;200;11328602460;S
20241023;104028;3.7965;100;11328602664;B
20241023;104033;3.7965;90000;11328603900;B
20241023;104033;3.7965;38100;11328603935;B
20241023;104033;3.7965;100;11328603936;B
20241023;104033;3.7965;25000;11328603937;B
20241023;104033;3.797;10000;11328603938;B
20241023;104033;3.797;12400;11328603939;B
20241023;104033;3.797;10000;11328604064;S
20241023;104033;3.7965;90000;11328604196;S
20241023;104033;3.7965;12400;11328604197;S
20241023;104033;3.7965;20000;11328604198;S
20241023;104037;3.7965;200;11328605081;B
20241023;104041;3.796;4000;11328605813;S
20241023;104041;3.796;6000;11328605918;S
20241023;104042;3.796;6000;11328606065;S
20241023;104043;3.796;12000;11328606168;S
20241023;104046;3.7965;300;11328606628;B
20241023;104047;3.7965;100;11328606847;B
20241023;104048;3.796;10000;11328607081;S
20241023;104059;3.7965;100;11328609366;B
20241023;104059;3.7965;1000;11328609521;B
20241023;104107;3.7965;1000;11328610799;B
20241023;104109;3.7965;100;11328611112;B
20241023;104112;3.7965;6500;11328611466;B
20241023;104112;3.7965;20000;11328611467;B
20241023;104112;3.7965;13500;11328611555;S
20241023;104113;3.796;14000;11328611643;S
20241023;104114;3.796;20000;11328611826;S
20241023;104126;3.796;1200;11328613601;S
20241023;104127;3.7965;100;11328613754;B
20241023;104130;3.7965;1000;11328614124;B
20241023;104132;3.796;14000;11328614484;S
20241023;104133;3.796;28000;11328614590;S
20241023;104133;3.796;2000;11328614592;S
20241023;104134;3.796;6800;11328614819;S
20241023;104134;3.796;100;11328614820;S
20241023;104134;3.796;2000;11328614925;S
20241023;104136;3.7965;5000;11328615475;B
20241023;104136;3.7965;300;11328615536;B
20241023;104141;3.796;2000;11328616459;S
20241023;104142;3.796;100;11328616738;S
20241023;104143;3.7965;100;11328616946;B
20241023;104144;3.7965;400;11328616989;B
20241023;104145;3.7965;100;11328617071;B
20241023;104149;3.796;25000;11328617863;S
20241023;104151;3.7965;300;11328618200;B
20241023;104154;3.7965;100;11328618495;B
20241023;104155;3.7965;100;11328618621;B
20241023;104200;3.796;5500;11328619507;S
20241023;104205;3.796;2000;11328620169;S
20241023;104218;3.7965;300;11328623317;B
20241023;104220;3.7965;1000;11328623947;B
20241023;104224;3.796;2000;11328624454;S
20241023;104230;3.796;14000;11328625227;S
20241023;104238;3.7965;100;11328626048;B
20241023;104238;3.796;1200;11328626058;S
20241023;104239;3.7965;800;11328626336;B
20241023;104241;3.796;600;11328626700;S
20241023;104247;3.7965;100;11328627704;B
20241023;104249;3.796;2000;11328627941;S
20241023;104252;3.796;1700;11328628312;S
20241023;104253;3.7965;100;11328628471;B
20241023;104255;3.796;100;11328628707;S
20241023;104259;3.796;32000;11328629286;S
20241023;104300;3.796;100;11328629346;S
20241023;104300;3.7965;100;11328629445;B
20241023;104300;3.796;50000;11328629446;S
20241023;104302;3.796;8000;11328629652;S
20241023;104309;3.796;3000;11328630445;S
20241023;104309;3.796;50000;11328630506;S
20241023;104315;3.796;3000;11328631395;S
20241023;104318;3.796;40000;11328631813;S
20241023;104319;3.7965;400;11328631898;B
20241023;104331;3.796;500;11328633518;S
20241023;104332;3.796;500;11328633643;S
20241023;104343;3.796;200;11328635080;S
20241023;104349;3.7965;100;11328635835;B
20241023;104359;3.7965;100;11328637220;B
20241023;104407;3.796;10200;11328638548;S
20241023;104421;3.7965;500;11328640639;B
20241023;104429;3.7965;100;11328641716;B
20241023;104430;3.7965;1000;11328641780;B
20241023;104431;3.7965;100;11328642007;B
20241023;104438;3.796;5000;11328642805;S
20241023;104446;3.7965;100;11328643666;B
20241023;104459;3.7965;100;11328645182;B
20241023;104501;3.796;200;11328645380;S
20241023;104505;3.7965;1000;11328645740;B
20241023;104512;3.7965;100;11328646440;B
20241023;104514;3.796;200;11328646639;S
20241023;104519;3.7965;5000;11328647196;B
20241023;104525;3.7965;500;11328648129;B
20241023;104528;3.796;100;11328648406;S
20241023;104538;3.7965;600;11328649548;B
20241023;104538;3.7965;100;11328649560;B
20241023;104538;3.796;600;11328649594;S
20241023;104546;3.796;100;11328650688;S
20241023;104548;3.7965;600;11328651022;B
20241023;104554;3.796;27000;11328651999;S
20241023;104554;3.796;15000;11328652000;S
20241023;104606;3.7965;500;11328654340;B
20241023;104615;3.7965;100;11328655463;B
20241023;104617;3.7965;66300;11328655764;B
20241023;104617;3.7965;10000;11328655765;B
20241023;104617;3.7965;12400;11328655766;B
20241023;104617;3.7965;1000;11328655767;B
20241023;104617;3.7965;100;11328655768;B
20241023;104617;3.7965;210200;11328655769;B
20241023;104621;3.7965;40000;11328656170;B
20241023;104624;3.796;6000;11328656445;S
20241023;104628;3.7965;100;11328656840;B
20241023;104630;3.7965;800;11328657072;B
20241023;104638;3.7965;200;11328658221;B
20241023;104649;3.7965;300;11328659450;B
20241023;104650;3.796;144600;11328659547;S
20241023;104650;3.796;100;11328659548;S
20241023;104650;3.796;400;11328659549;S
20241023;104650;3.796;4900;11328659550;S
20241023;104650;3.796;100;11328659555;S
20241023;104650;3.796;2700;11328659556;S
20241023;104650;3.796;100;11328659557;S
20241023;104650;3.796;10500;11328659558;S
20241023;104650;3.796;100;11328659559;S
20241023;104650;3.796;100;11328659560;S
20241023;104650;3.796;100;11328659561;S
20241023;104650;3.796;300;11328659562;S
20241023;104650;3.796;1000;11328659563;S
20241023;104658;3.796;200;11328660284;S
20241023;104658;3.796;100;11328660285;S
20241023;104658;3.796;100;11328660286;S
20241023;104658;3.7955;6000;11328660287;S
20241023;104659;3.796;100;11328660416;B
20241023;104706;3.7955;2000;11328661223;S
20241023;104708;3.796;100;11328661483;B
20241023;104709;3.796;100;11328661540;B
20241023;104709;3.796;39700;11328661576;B
20241023;104709;3.796;12000;11328661577;B
20241023;104709;3.796;12000;11328661599;S
20241023;104709;3.796;11900;11328661619;S
20241023;104710;3.796;10800;11328661690;S
20241023;104710;3.796;9700;11328661705;S
20241023;104710;3.796;8700;11328661726;S
20241023;104710;3.796;7900;11328661745;S
20241023;104711;3.796;7100;11328661767;S
20241023;104711;3.796;6400;11328661804;S
20241023;104711;3.7965;600;11328661860;B
20241023;104711;3.796;5800;11328661871;S
20241023;104711;3.796;5200;11328661888;S
20241023;104712;3.796;4700;11328661958;S
20241023;104712;3.796;4200;11328661978;S
20241023;104712;3.796;3800;11328662020;S
20241023;104712;3.796;3400;11328662045;S
20241023;104713;3.796;3100;11328662087;S
20241023;104713;3.796;2800;11328662107;S
20241023;104713;3.796;2500;11328662124;S
20241023;104713;3.796;2300;11328662152;S
20241023;104714;3.796;2000;11328662213;S
20241023;104714;3.796;1800;11328662232;S
20241023;104714;3.796;1700;11328662252;S
20241023;104714;3.796;1500;11328662272;S
20241023;104715;3.796;1300;11328662309;S
20241023;104721;3.796;500;11328662993;S
20241023;104734;3.796;100;11328664969;S
20241023;104739;3.796;100;11328665575;S
20241023;104740;3.796;100;11328665764;S
20241023;104755;3.796;17100;11328667251;S
20241023;104805;3.7965;100;11328668109;B
20241023;104819;3.796;1600;11328669403;S
20241023;104834;3.7965;1000;11328671223;B
20241023;104844;3.796;300;11328672510;S
20241023;104857;3.7965;100;11328673898;B
20241023;104920;3.796;9000;11328676267;S
20241023;104923;3.7965;100;11328676575;B
20241023;104929;3.796;13000;11328677163;S
20241023;104930;3.796;800;11328677336;S
20241023;105001;3.796;800;11328681970;S
20241023;105005;3.7965;100;11328682321;B
20241023;105023;3.7965;300;11328684419;B
20241023;105030;3.7965;300;11328685281;B
20241023;105038;3.7965;1300;11328686205;B
20241023;105041;3.7965;100;11328686764;B
20241023;105051;3.7965;100;11328688030;B
20241023;105052;3.7965;300;11328688283;B
20241023;105057;3.7965;100;11328688967;B
20241023;105107;3.796;300;11328690833;S
20241023;105107;3.796;100;11328690846;S
20241023;105109;3.7965;8000;11328691155;B
20241023;105109;3.796;7000;11328691219;S
20241023;105111;3.7965;40000;11328691526;B
20241023;105111;3.7965;6900;11328691527;B
20241023;105111;3.7965;100;11328691528;B
20241023;105111;3.7965;100;11328691529;B
20241023;105112;3.7965;17500;11328691591;S
20241023;105113;3.797;100;11328691721;B
20241023;105119;3.797;700;11328692401;B
20241023;105119;3.797;600;11328692402;B
20241023;105119;3.797;1200;11328692403;B
20241023;105120;3.797;12400;11328692481;S
20241023;105120;3.797;7600;11328692482;S
20241023;105128;3.799;100;11328693545;B
20241023;105129;3.799;100;11328693610;B
20241023;105140;3.799;100;11328694794;B
20241023;105141;3.7985;100;11328694985;B
20241023;105144;3.7985;2000;11328695345;B
20241023;105203;3.7985;500;11328697752;B
20241023;105211;3.7985;1400;11328698648;B
20241023;105219;3.7985;12000;11328699583;B
20241023;105219;3.799;1100;11328699584;B
20241023;105253;3.798;100;11328703193;B
20241023;105306;3.798;100;11328704517;B
20241023;105311;3.796;10000;11328705093;S
20241023;105331;3.798;100;11328706985;B
20241023;105332;3.798;100;11328706996;B
20241023;105338;3.798;100;11328707509;B
20241023;105345;3.7975;600;11328708373;S
20241023;105402;3.797;2800;11328709831;B
20241023;105408;3.796;8000;11328710496;S
20241023;105409;3.796;2700;11328710690;S
20241023;105420;3.797;400;11328711764;B
20241023;105456;3.797;200;11328720765;B
20241023;105505;3.7975;300;11328730118;B
20241023;105509;3.7975;100;11328734862;B
20241023;105509;3.7975;200;11328734868;B
20241023;105512;3.7975;100;11328738423;B
20241023;105519;3.796;10000;11328745982;S
20241023;105524;3.797;1000;11328751497;B
20241023;105532;3.797;500;11328758939;B
20241023;105539;3.797;100;11328765148;B
20241023;105614;3.797;200;11328799000;B
20241023;105625;3.796;30000;11328812017;S
20241023;105625;3.796;16200;11328812018;S
20241023;105625;3.796;200;11328812020;S
20241023;105627;3.796;300;11328813379;S
20241023;105627;3.797;100;11328813947;B
20241023;105651;3.796;1000;11328842130;S
20241023;105651;3.796;100;11328842131;S
20241023;105651;3.796;2000;11328842132;S
20241023;105651;3.796;200;11328842133;S
20241023;105651;3.796;1000;11328842134;S
20241023;105651;3.796;500;11328842135;S
20241023;105651;3.796;1000;11328842136;S
20241023;105651;3.796;1500;11328842137;S
20241023;105651;3.796;500;11328842138;S
20241023;105651;3.796;400;11328842139;S
20241023;105651;3.796;100;11328842140;S
20241023;105651;3.796;400;11328842141;S
20241023;105651;3.7955;1100;11328842984;S
20241023;105651;3.7955;50000;11328842985;S
20241023;105651;3.7955;10200;11328842986;S
20241023;105653;3.7955;16000;11328845132;S
20241023;105658;3.7955;5500;11328850893;S
20241023;105659;3.796;100;11328852209;B
20241023;105701;3.796;12300;11328853742;B
20241023;105701;3.796;14000;11328853743;B
20241023;105711;3.7955;50000;11328864551;S
20241023;105716;3.796;200;11328870946;B
20241023;105718;3.7955;1000;11328873717;S
20241023;105720;3.7955;18000;11328875643;S
20241023;105720;3.7955;48400;11328875844;S
20241023;105720;3.7955;50000;11328875845;S
20241023;105720;3.7955;100;11328875846;S
20241023;105729;3.796;4900;11328885665;S
20241023;105729;3.7955;45100;11328885666;S
20241023;105730;3.7955;100;11328886338;S
20241023;105735;3.7965;200;11328892051;B
20241023;105742;3.796;200;11328900958;S
20241023;105742;3.7955;49800;11328900959;S
20241023;105744;3.7965;7500;11328902355;B
20241023;105744;3.7965;1100;11328902356;B
20241023;105744;3.7965;1400;11328902357;B
20241023;105808;3.7965;100;11328929719;B
20241023;105808;3.7955;100;11328929957;S
20241023;105814;3.7955;300;11328936031;S
20241023;105833;3.7955;100;11328953178;S
20241023;105834;3.7955;19500;11328954239;S
20241023;105834;3.7955;500;11328954240;S
20241023;105834;3.796;2100;11328954656;B
20241023;105847;3.7955;20000;11328968206;S
20241023;105857;3.7955;28000;11328980189;S
20241023;105859;3.796;100;11328982154;B
20241023;105900;3.796;100;11328983767;B
20241023;105903;3.7955;5000;11328986647;S
20241023;105916;3.796;1000;11329000214;B
20241023;105922;3.7955;12900;11329007674;S
20241023;105933;3.7955;500;11329019621;B
20241023;105933;3.7955;1400;11329019750;B
20241023;105936;3.795;2700;11329022190;S
20241023;105936;3.795;500;11329022191;S
20241023;105936;3.795;100;11329022192;S
20241023;105936;3.795;100;11329022193;S
20241023;105936;3.795;1000;11329022194;S
20241023;105936;3.795;600;11329022195;S
20241023;105936;3.795;100;11329022196;S
20241023;105936;3.795;500;11329022197;S
20241023;105936;3.795;100;11329022198;S
20241023;105936;3.795;100;11329022199;S
20241023;105936;3.795;200;11329022200;S
20241023;105936;3.795;400;11329022276;S
20241023;105936;3.795;100;11329022277;S
20241023;105936;3.795;100;11329022278;S
20241023;105936;3.795;300;11329022279;S
20241023;105936;3.795;1100;11329022280;S
20241023;105939;3.7955;100;11329026641;B
20241023;105943;3.7955;100;11329029977;B
20241023;105947;3.7955;100;11329035234;B
20241023;105949;3.795;600;11329036894;S
20241023;105953;3.795;100;11329041979;S
20241023;110011;3.7955;1000;11329062021;B
20241023;110015;3.7955;100;11329066636;B
20241023;110041;3.7955;3800;11329096023;B
20241023;110041;3.7955;500;11329096024;B
20241023;110041;3.7955;500;11329096025;B
20241023;110041;3.7955;3000;11329096026;B
20241023;110041;3.7955;7000;11329096518;S
20241023;110052;3.7955;100;11329108467;S
20241023;110057;3.796;100;11329113107;B
20241023;110057;3.796;100;11329113108;B
20241023;110057;3.796;100;11329113109;B
20241023;110059;3.796;100;11329114884;B
20241023;110112;3.796;100;11329126435;B
20241023;110115;3.796;1000;11329128765;B
20241023;110122;3.796;900;11329135273;B
20241023;110126;3.796;500;11329139548;B
20241023;110130;3.796;100;11329143297;B
20241023;110133;3.796;100;11329146522;B
20241023;110133;3.7955;400;11329147217;S
20241023;110142;3.796;300;11329156326;B
20241023;110143;3.7955;7500;11329156869;S
20241023;110147;3.7955;400;11329161046;B
20241023;110147;3.7955;100;11329161222;B
20241023;110148;3.7955;200;11329162229;B
20241023;110149;3.7955;1000;11329164095;B
20241023;110158;3.796;200;11329172595;B
20241023;110201;3.796;100;11329176380;B
20241023;110202;3.796;100;11329177022;B
20241023;110211;3.795;1700;11329185983;S
20241023;110211;3.795;100;11329185984;S
20241023;110211;3.795;100;11329185985;S
20241023;110212;3.7945;200;11329186868;S
20241023;110212;3.7945;100;11329186869;S
20241023;110212;3.7945;100;11329186870;S
20241023;110212;3.7945;100;11329186871;S
20241023;110212;3.7945;100;11329186872;S
20241023;110212;3.794;900;11329186873;S
20241023;110212;3.794;1500;11329187310;S
20241023;110218;3.794;200;11329192962;S
20241023;110232;3.795;200;11329206974;B
20241023;110236;3.795;200;11329211493;B
20241023;110237;3.794;200;11329212159;S
20241023;110259;3.794;7200;11329233425;S
20241023;110259;3.794;10000;11329233426;S
20241023;110259;3.794;2800;11329233427;S
20241023;110311;3.795;100;11329245838;B
20241023;110313;3.794;100;11329247126;S
20241023;110314;3.795;100;11329248524;B
20241023;110332;3.794;100;11329268189;S
20241023;110353;3.794;3000;11329290591;S
20241023;110356;3.795;100;11329293691;B
20241023;110404;3.795;100;11329300072;B
20241023;110424;3.794;200;11329318682;S
20241023;110425;3.794;100;11329319853;S
20241023;110426;3.795;100;11329320321;B
20241023;110428;3.7945;200;11329322881;S
20241023;110430;3.795;100;11329324179;B
20241023;110441;3.7945;100;11329336842;S
20241023;110443;3.7945;8000;11329338948;S
20241023;110443;3.7945;2000;11329338949;S
20241023;110444;3.794;4700;11329339947;S
20241023;110447;3.794;1200;11329343401;S
20241023;110452;3.7945;100;11329348983;B
20241023;110456;3.794;1500;11329352935;S
20241023;110504;3.7945;100;11329361150;B
20241023;110513;3.7945;100;11329370502;B
20241023;110517;3.7945;500;11329375090;B
20241023;110519;3.7945;200;11329377155;B
20241023;110527;3.7945;300;11329384792;B
20241023;110527;3.7945;200;11329384793;B
20241023;110528;3.794;5300;11329385897;S
20241023;110528;3.794;300;11329385898;S
20241023;110528;3.794;100;11329385899;S
20241023;110528;3.794;700;11329385900;S
20241023;110528;3.794;100;11329385901;S
20241023;110528;3.794;100;11329385902;S
20241023;110528;3.794;1200;11329385903;S
20241023;110528;3.7945;100;11329387049;B
20241023;110530;3.7945;100;11329388279;B
20241023;110532;3.7945;500;11329391213;B
20241023;110533;3.794;7400;11329392385;S
20241023;110537;3.7945;100;11329396225;B
20241023;110542;3.794;200;11329401343;S
20241023;110546;3.7945;500;11329405325;B
20241023;110552;3.7945;200;11329412149;B
20241023;110556;3.7945;100;11329416472;B
20241023;110601;3.7945;100;11329421364;B
20241023;110609;3.794;1200;11329429212;S
20241023;110609;3.794;2800;11329429213;S
20241023;110610;3.7945;100;11329429873;B
20241023;110611;3.794;900;11329430941;S
20241023;110614;3.7945;2000;11329434433;B
20241023;110622;3.7945;12000;11329443417;B
20241023;110623;3.7945;1100;11329444177;B
20241023;110638;3.7945;100;11329460693;B
20241023;110648;3.7945;700;11329471345;B
20241023;110648;3.7945;11100;11329471346;B
20241023;110649;3.7945;3200;11329471578;S
20241023;110649;3.7945;6800;11329471579;S
20241023;110705;3.7945;200;11329485849;B
20241023;110707;3.7945;200;11329487176;B
20241023;110713;3.7945;500;11329493219;B
20241023;110718;3.7945;100;11329497970;B
20241023;110728;3.7945;1000;11329508502;B
20241023;110729;3.7945;300;11329509646;B
20241023;110733;3.7945;100;11329513880;B
20241023;110737;3.794;900;11329517924;S
20241023;110749;3.7945;200;11329531143;B
20241023;110801;3.7945;8800;11329542821;B
20241023;110801;3.795;1200;11329542822;B
20241023;110815;3.7945;100;11329557107;B
20241023;110815;3.7945;100;11329557233;B
20241023;110850;3.7945;100;11329593801;B
20241023;110854;3.794;5400;11329598217;S
20241023;110854;3.794;100;11329598218;S
20241023;110854;3.794;100;11329598219;S
20241023;110854;3.794;1000;11329598220;S
20241023;110854;3.794;100;11329598221;S
20241023;110854;3.794;100;11329598222;S
20241023;110854;3.794;3200;11329598223;S
20241023;110856;3.794;100;11329599934;S
20241023;110857;3.7945;500;11329601280;B
20241023;110858;3.7945;1000;11329602581;B
20241023;110859;3.7945;100;11329603088;B
20241023;110923;3.7945;100;11329627411;B
20241023;110923;3.7945;500;11329628128;B
20241023;110938;3.7945;800;11329642746;B
20241023;110944;3.7945;7700;11329647785;B
20241023;110947;3.794;1200;11329650393;S
20241023;110949;3.794;5000;11329652130;S
20241023;111000;3.794;4500;11329660722;S
20241023;111002;3.7945;500;11329662437;B
20241023;111016;3.7945;100;11329675564;B
20241023;111016;3.794;2000;11329675845;S
20241023;111021;3.794;3000;11329681791;S
20241023;111021;3.794;2500;11329681792;S
20241023;111023;3.7945;100;11329682838;B
20241023;111025;3.7945;100;11329685515;B
20241023;111032;3.7945;300;11329692187;B
20241023;111035;3.7945;100;11329694953;B
20241023;111037;3.794;1500;11329697642;S
20241023;111042;3.7945;100;11329702699;B
20241023;111100;3.7945;100;11329720921;B
20241023;111101;3.794;100;11329722210;S
20241023;111131;3.794;5900;11329751945;S
20241023;111131;3.794;5300;11329751946;S
20241023;111142;3.7945;2500;11329763906;B
20241023;111157;3.794;500;11329778584;S
20241023;111157;3.794;2000;11329779372;S
20241023;111216;3.794;2100;11329797886;S
20241023;111227;3.794;100;11329809641;S
20241023;111245;3.7945;1500;11329826963;B
20241023;111251;3.7945;100;11329831357;B
20241023;111254;3.794;1900;11329834965;S
20241023;111304;3.7945;300;11329843150;B
20241023;111326;3.7945;400;11329865305;B
20241023;111326;3.7945;6800;11329865306;B
20241023;111326;3.7945;200;11329865307;B
20241023;111326;3.7945;20000;11329865308;B
20241023;111326;3.7945;12400;11329865309;B
20241023;111326;3.7945;6100;11329865358;S
20241023;111327;3.7945;5500;11329865377;S
20241023;111328;3.794;700;11329865607;S
20241023;111329;3.7945;100;11329865723;B
20241023;111335;3.7945;200;11329866378;B
20241023;111336;3.7945;4900;11329866531;B
20241023;111336;3.7945;4500;11329866554;S
20241023;111336;3.7945;4000;11329866590;S
20241023;111336;3.7945;3200;11329866608;S
20241023;111336;3.7945;400;11329866609;S
20241023;111350;3.7945;1000;11329868350;B
20241023;111350;3.7945;100;11329868440;B
20241023;111352;3.7945;100;11329868695;B
20241023;111356;3.7945;500;11329869285;B
20241023;111357;3.795;400;11329869348;B
20241023;111400;3.7945;100;11329869853;B
20241023;111403;3.794;600;11329870352;S
20241023;111403;3.794;600;11329870353;S
20241023;111408;3.7945;3100;11329870936;B
20241023;111408;3.795;16900;11329870937;B
20241023;111408;3.7945;300;11329870990;B
20241023;111414;3.7945;200;11329871717;B
20241023;111416;3.7945;500;11329872015;B
20241023;111427;3.7945;100;11329873449;B
20241023;111438;3.794;100;11329874988;S
20241023;111438;3.7945;1900;11329874989;B
20241023;111442;3.7945;100;11329875428;B
20241023;111445;3.7945;1200;11329875735;B
20241023;111447;3.7945;100;11329876160;B
20241023;111456;3.7945;200;11329877418;B
20241023;111459;3.7945;1100;11329877747;B
20241023;111459;3.7945;1400;11329877748;B
20241023;111505;3.794;2500;11329878490;S
20241023;111505;3.794;100;11329878491;S
20241023;111505;3.794;900;11329878492;S
20241023;111511;3.794;500;11329879267;S
20241023;111514;3.7945;2300;11329879763;B
20241023;111514;3.7945;2100;11329879815;S
20241023;111514;3.7945;1900;11329879839;S
20241023;111514;3.7945;1700;11329879872;S
20241023;111515;3.7945;1600;11329879915;S
20241023;111515;3.7945;1400;11329879989;S
20241023;111515;3.7945;1300;11329880043;S
20241023;111515;3.795;50600;11329880064;B
20241023;111515;3.795;1000;11329880065;B
20241023;111515;3.795;500;11329880066;B
20241023;111515;3.795;1300;11329880067;B
20241023;111515;3.795;200;11329880068;B
20241023;111515;3.795;300;11329880069;B
20241023;111515;3.795;300;11329880070;B
20241023;111515;3.795;200;11329880071;B
20241023;111515;3.7955;6100;11329880072;B
20241023;111515;3.7955;1100;11329880073;B
20241023;111519;3.7955;8400;11329880521;S
20241023;111519;3.7955;11600;11329880522;S
20241023;111559;3.796;100;11329886481;B
20241023;111606;3.7955;300;11329887547;S
20241023;111607;3.796;1300;11329887834;B
20241023;111608;3.7965;100;11329887943;B
20241023;111610;3.7965;100;11329888209;B
20241023;111611;3.7965;600;11329888339;B
20241023;111611;3.7965;1000;11329888340;B
20241023;111611;3.797;400;11329888341;B
20241023;111611;3.798;1000;11329888342;B
20241023;111611;3.7985;10000;11329888343;B
20241023;111611;3.799;1600;11329888344;B
20241023;111621;3.797;100;11329889798;S
20241023;111630;3.7985;200;11329891061;B
20241023;111635;3.7985;700;11329891908;B
20241023;111640;3.797;10000;11329892694;S
20241023;111658;3.7985;500;11329895930;B
20241023;111711;3.7985;3800;11329897956;B
20241023;111711;3.7985;900;11329897957;B
20241023;111711;3.799;400;11329897958;B
20241023;111711;3.799;100;11329897959;B
20241023;111722;3.7985;800;11329899939;B
20241023;111722;3.799;500;11329899940;B
20241023;111722;3.799;12400;11329899941;B
20241023;111722;3.799;100;11329899942;B
20241023;111722;3.799;100;11329899943;B
20241023;111722;3.7995;2200;11329899944;B
20241023;111722;3.7995;35200;11329899945;B
20241023;111724;3.7995;300;11329900324;B
20241023;111729;3.7995;100;11329900975;B
20241023;111743;3.798;100;11329903104;S
20241023;111743;3.798;3100;11329903105;S
20241023;111743;3.7975;47300;11329903106;S
20241023;111743;3.7975;1900;11329903107;S
20241023;111800;3.798;100;11329905468;S
20241023;111800;3.798;200;11329905469;S
20241023;111806;3.798;100;11329906526;S
20241023;111813;3.798;100;11329908005;S
20241023;111813;3.798;400;11329908006;S
20241023;111813;3.797;1100;11329908007;S
20241023;111813;3.7965;2400;11329908008;S
20241023;111834;3.798;100;11329911507;S
20241023;111837;3.7985;500;11329911903;B
20241023;111839;3.7985;100;11329912361;B
20241023;111845;3.798;100;11329913373;S
20241023;111845;3.797;100;11329913374;S
20241023;111845;3.7965;200;11329913375;S
20241023;111845;3.7965;100;11329913376;S
20241023;111846;3.798;100;11329913559;B
20241023;111855;3.798;100;11329914956;B
20241023;111904;3.7975;100;11329916411;S
20241023;111919;3.798;1000;11329918850;B
20241023;111921;3.799;100;11329919181;B
20241023;111926;3.799;200;11329920099;B
20241023;111934;3.799;100;11329921328;B
20241023;111934;3.799;1700;11329921381;B
20241023;111934;3.799;8600;11329921382;B
20241023;111934;3.7995;2100;11329921383;B
20241023;111935;3.7995;100;11329921407;B
20241023;111939;3.799;100;11329921926;B
20241023;111946;3.799;800;11329923023;B
20241023;111947;3.799;2000;11329923133;B
20241023;111951;3.799;5000;11329923615;B
20241023;111956;3.799;3000;11329924347;B
20241023;112000;3.799;600;11329924943;B
20241023;112001;3.799;100;11329925092;B
20241023;112010;3.799;2600;11329926142;B
20241023;112012;3.7985;100;11329926449;S
20241023;112012;3.7985;900;11329926527;S
20241023;112012;3.798;100;11329926528;S
20241023;112020;3.798;100;11329927460;S
20241023;112029;3.799;400;11329928833;B
20241023;112037;3.799;800;11329929826;B
20241023;112037;3.799;6300;11329929827;B
20241023;112039;3.798;100;11329930037;S
20241023;112039;3.7975;800;11329930038;S
20241023;112039;3.797;1500;11329930039;S
20241023;112051;3.7965;2500;11329931838;S
20241023;112104;3.7965;1400;11329933703;S
20241023;112106;3.7965;100;11329933984;S
20241023;112107;3.7965;400;11329934112;S
20241023;112152;3.797;100;11329940523;S
20241023;112201;3.797;400;11329941830;B
20241023;112201;3.797;4600;11329941831;B
20241023;112202;3.798;100;11329941967;B
20241023;112208;3.7965;300;11329942835;S
20241023;112208;3.7965;1000;11329942836;S
20241023;112208;3.7965;1300;11329942837;S
20241023;112208;3.796;8400;11329942838;S
20241023;112212;3.796;1600;11329943401;S
20241023;112212;3.796;8400;11329943402;S
20241023;112214;3.798;100;11329943609;B
20241023;112222;3.796;700;11329944713;S
20241023;112223;3.796;600;11329944936;S
20241023;112223;3.796;700;11329945061;S
20241023;112243;3.798;5500;11329947891;B
20241023;112243;3.798;4900;11329947892;B
20241023;112243;3.798;12400;11329947893;B
20241023;112243;3.798;5000;11329947926;S
20241023;112244;3.798;4500;11329947945;S
20241023;112244;3.798;4000;11329947972;S
20241023;112244;3.798;3600;11329948015;S
20241023;112244;3.798;3300;11329948056;S
20241023;112245;3.798;3000;11329948090;S
20241023;112245;3.798;2700;11329948138;S
20241023;112245;3.798;2400;11329948167;S
20241023;112245;3.798;2200;11329948205;S
20241023;112246;3.798;4500;11329948213;S
20241023;112254;3.796;100;11329949504;S
20241023;112255;3.796;100;11329949635;S
20241023;112256;3.796;100;11329949764;S
20241023;112257;3.796;100;11329949876;S
20241023;112258;3.796;100;11329949956;S
20241023;112258;3.796;100;11329950032;S
20241023;112259;3.796;100;11329950124;S
20241023;112300;3.796;100;11329950283;S
20241023;112301;3.796;100;11329950350;S
20241023;112302;3.796;100;11329950452;S
20241023;112302;3.796;100;11329950509;S
20241023;112303;3.796;100;11329950623;S
20241023;112306;3.797;100;11329950939;B
20241023;112320;3.7965;100;11329952488;B
20241023;112331;3.7965;100;11329953728;B
20241023;112333;3.796;200;11329954502;S
20241023;112338;3.796;3600;11329955788;S
20241023;112401;3.796;1000;11329961129;S
20241023;112404;3.7965;100;11329961746;B
20241023;112408;3.7965;100;11329962317;B
20241023;112408;3.797;100;11329962318;B
20241023;112409;3.797;1900;11329962473;B
20241023;112409;3.797;1700;11329962536;S
20241023;112414;3.7975;100;11329963134;B
20241023;112419;3.798;100;11329963736;B
20241023;112425;3.798;1600;11329965007;B
20241023;112425;3.798;1600;11329965008;B
20241023;112425;3.7985;700;11329965009;B
20241023;112428;3.798;1300;11329965580;B
20241023;112440;3.797;3000;11329967553;S
20241023;112443;3.798;500;11329967942;B
20241023;112451;3.7975;12500;11329968826;B
20241023;112451;3.7975;12500;11329968858;B
20241023;112452;3.798;100;11329968913;B
20241023;112453;3.798;1200;11329969032;B
20241023;112453;3.7985;1800;11329969033;B
20241023;112453;3.7985;2800;11329969034;B
20241023;112453;3.799;800;11329969035;B
20241023;112459;3.797;6000;11329969562;S
20241023;112506;3.798;200;11329970047;B
20241023;112507;3.799;2200;11329970052;B
20241023;112507;3.799;3000;11329970053;B
20241023;112507;3.7995;7800;11329970054;B
20241023;112526;3.7995;1100;11329971674;B
20241023;112531;3.7995;100;11329972294;B
20241023;112548;3.7995;12400;11329973864;B
20241023;112549;3.7985;2000;11329974052;S
20241023;112556;3.7985;1000;11329974748;S
20241023;112606;3.7985;100;11329975863;S
20241023;112606;3.799;2500;11329975873;B
20241023;112618;3.799;1200;11329977025;B
20241023;112620;3.7995;300;11329977305;B
20241023;112620;3.799;100;11329977388;B
20241023;112621;3.7985;1300;11329977463;S
20241023;112625;3.799;6600;11329978069;B
20241023;112630;3.799;100;11329978717;B
20241023;112633;3.799;100;11329978991;B
20241023;112643;3.799;100;11329980129;B
20241023;112650;3.799;100;11329980700;B
20241023;112657;3.799;4500;11329981179;B
20241023;112657;3.799;800;11329981180;B
20241023;112657;3.7995;500;11329981181;B
20241023;112657;3.7995;900;11329981182;B
20241023;112657;3.7995;2900;11329981183;B
20241023;112657;3.7995;900;11329981184;B
20241023;112719;3.7985;2700;11329983664;S
20241023;112719;3.7985;600;11329983758;S
20241023;112719;3.7985;700;11329983824;S
20241023;112720;3.7985;700;11329984001;S
20241023;112720;3.7985;600;11329984078;S
20241023;112720;3.7985;300;11329984128;S
20241023;112720;3.7985;300;11329984129;S
20241023;112720;3.798;2100;11329984130;S
20241023;112720;3.798;700;11329984237;S
20241023;112732;3.799;100;11329985483;B
20241023;112733;3.7985;200;11329985615;S
20241023;112733;3.798;800;11329985616;S
20241023;112737;3.798;4300;11329985956;S
20241023;112737;3.798;2100;11329986086;S
20241023;112737;3.798;100;11329986087;S
20241023;112737;3.798;1000;11329986088;S
20241023;112737;3.7975;200;11329986089;S
20241023;112737;3.797;100;11329986133;S
20241023;112737;3.797;200;11329986134;S
20241023;112737;3.797;100;11329986135;S
20241023;112737;3.7965;100;11329986145;S
20241023;112737;3.796;9800;11329986147;S
20241023;112737;3.796;12200;11329986152;S
20241023;112737;3.796;5000;11329986153;S
20241023;112737;3.796;100;11329986154;S
20241023;112737;3.796;200;11329986155;S
20241023;112737;3.796;12500;11329986156;S
20241023;112742;3.7985;300;11329986623;B
20241023;112744;3.7985;100;11329986788;B
20241023;112756;3.797;200;11329988075;B
20241023;112756;3.797;100;11329988079;B
20241023;112756;3.797;200;11329988083;B
20241023;112803;3.7955;600;11329988882;S
20241023;112803;3.7955;100;11329988883;S
20241023;112803;3.795;600;11329988884;S
20241023;112803;3.795;1000;11329988885;S
20241023;112803;3.795;100;11329988886;S
20241023;112803;3.7945;5300;11329988981;S
20241023;112803;3.794;8600;11329988988;S
20241023;112803;3.794;600;11329988989;S
20241023;112804;3.794;12700;11329989172;S
20241023;112804;3.794;1000;11329989293;S
20241023;112809;3.796;100;11329989836;B
20241023;112836;3.796;100;11329994171;B
20241023;112836;3.796;100;11329994242;B
20241023;112841;3.7945;600;11329994827;S
20241023;112850;3.796;100;11329995656;B
20241023;112856;3.796;200;11329996107;B
20241023;112858;3.7965;100;11329996236;B
20241023;112904;3.7965;900;11329996967;B
20241023;112904;3.797;1700;11329996968;B
20241023;112904;3.7975;9100;11329996969;B
20241023;112912;3.7965;800;11329997718;B
20241023;112912;3.7975;100;11329997719;B
20241023;112914;3.7965;200;11329997828;B
20241023;112917;3.796;600;11329998123;S
20241023;112917;3.796;7400;11329998161;S
20241023;112918;3.798;500;11329998266;B
20241023;112920;3.7965;100;11329998621;S
20241023;112920;3.796;4000;11329998622;S
20241023;112927;3.795;2100;11329999334;S
20241023;112936;3.798;200;11330000277;B
20241023;112950;3.7945;100;11330001356;S
20241023;112957;3.7975;500;11330001857;B
20241023;113014;3.798;100;11330003520;B
20241023;113017;3.798;900;11330003829;B
20241023;113034;3.795;600;11330005499;S
20241023;113043;3.798;100;11330006505;B
20241023;113054;3.798;900;11330007482;B
20241023;113054;3.798;600;11330007483;B
20241023;113054;3.799;5000;11330007484;B
20241023;113058;3.798;100;11330007950;B
20241023;113104;3.798;600;11330008658;B
20241023;113107;3.799;200;11330008936;B
20241023;113108;3.799;900;11330009083;B
20241023;113125;3.799;100;11330010421;B
20241023;113145;3.799;100;11330012124;B
20241023;113154;3.8;300;11330013098;B
20241023;113226;3.8;1400;11330016151;B
20241023;113236;3.799;100;11330017023;S
20241023;113236;3.799;100;11330017024;S
20241023;113237;3.8;3000;11330017095;B
20241023;113253;3.8;100;11330018443;B
20241023;113305;3.8;100;11330019384;B
20241023;113317;3.8;400;11330020148;B
20241023;113317;3.8;300;11330020149;B
20241023;113317;3.8;500;11330020150;B
20241023;113317;3.8;300;11330020151;B
20241023;113323;3.798;100;11330020634;S
20241023;113333;3.798;2000;11330021612;S
20241023;113333;3.798;1300;11330021707;S
20241023;113335;3.8;100;11330021829;B
20241023;113341;3.798;9000;11330022412;S
20241023;113341;3.7975;1600;11330022413;S
20241023;113349;3.796;3200;11330023144;S
20241023;113427;3.7975;100;11330026487;B
20241023;113428;3.796;100;11330026561;S
20241023;113434;3.7975;100;11330027089;B
20241023;113441;3.7985;1300;11330027615;B
20241023;113447;3.798;100;11330028083;B
20241023;113447;3.7985;200;11330028130;B
20241023;113449;3.798;100;11330028239;B
20241023;113450;3.798;100;11330028377;B
20241023;113501;3.798;100;11330029342;B
20241023;113516;3.798;100;11330030784;B
20241023;113517;3.798;100;11330030849;B
20241023;113521;3.798;300;11330031317;B
20241023;113542;3.798;100;11330033223;B
20241023;113546;3.7975;100;11330033574;S
20241023;113546;3.7975;300;11330033575;S
20241023;113553;3.798;100;11330034162;B
20241023;113554;3.798;500;11330034240;B
20241023;113558;3.798;100;11330034590;B
20241023;113558;3.7985;200;11330034591;B
20241023;113559;3.7975;3200;11330034621;S
20241023;113612;3.7985;100;11330035745;B
20241023;113615;3.7985;100;11330035946;B
20241023;113617;3.7985;100;11330036094;B
20241023;113619;3.7985;100;11330036230;B
20241023;113633;3.7985;100;11330037776;B
20241023;113637;3.7985;100;11330038457;B
20241023;113641;3.798;1100;11330038732;S
20241023;113641;3.798;500;11330038733;S
20241023;113641;3.798;1000;11330038768;B
20241023;113642;3.797;2300;11330038785;S
20241023;113643;3.7965;1400;11330038860;S
20241023;113644;3.796;11400;11330038978;S
20241023;113645;3.796;300;11330039098;S
20241023;113646;3.796;100;11330039189;S
20241023;113649;3.797;500;11330039445;B
20241023;113701;3.797;300;11330040343;S
20241023;113701;3.7965;1200;11330040344;S
20241023;113714;3.7975;300;11330041575;B
20241023;113722;3.7965;100;11330042199;S
20241023;113722;3.7965;1100;11330042200;S
20241023;113722;3.796;500;11330042201;S
20241023;113722;3.796;200;11330042202;S
20241023;113722;3.796;100;11330042203;S
20241023;113722;3.796;100;11330042204;S
20241023;113722;3.796;1100;11330042205;S
20241023;113722;3.796;700;11330042206;S
20241023;113722;3.797;2400;11330042207;S
20241023;113742;3.7975;100;11330043855;B
20241023;113744;3.797;7600;11330044096;S
20241023;113744;3.797;100;11330044097;S
20241023;113744;3.797;100;11330044098;S
20241023;113756;3.7965;100;11330045480;S
20241023;113756;3.796;2300;11330045481;S
20241023;113756;3.7955;2100;11330045482;S
20241023;113757;3.796;100;11330045701;B
20241023;113759;3.796;1300;11330045885;B
20241023;113805;3.796;100;11330046741;B
20241023;113805;3.7955;1000;11330046755;S
20241023;113805;3.795;300;11330046756;S
20241023;113809;3.7945;100;11330047075;S
20241023;113812;3.7945;100;11330047379;S
20241023;113812;3.7945;300;11330047380;S
20241023;113812;3.794;3000;11330047381;S
20241023;113816;3.795;100;11330047609;B
20241023;113819;3.796;100;11330047842;B
20241023;113825;3.796;100;11330048335;B
20241023;113828;3.7945;500;11330048484;S
20241023;113833;3.796;100;11330048882;B
20241023;113833;3.7945;10400;11330048912;S
20241023;113835;3.7945;100;11330049090;S
20241023;113835;3.7945;300;11330049091;S
20241023;113856;3.795;100;11330050553;S
20241023;113858;3.796;200;11330050775;B
20241023;113915;3.795;9300;11330052202;S
20241023;113920;3.795;5400;11330052515;S
20241023;113931;3.796;2200;11330053354;B
20241023;113931;3.797;3000;11330053355;B
20241023;113938;3.796;200;11330053915;B
20241023;113939;3.796;100;11330053941;B
20241023;113949;3.796;300;11330054804;B
20241023;113957;3.796;100;11330055527;B
20241023;113959;3.796;100;11330055763;B
20241023;114002;3.796;500;11330055955;B
20241023;114014;3.796;1500;11330057053;B
20241023;114044;3.796;100;11330059483;B
20241023;114053;3.796;1000;11330060454;B
20241023;114104;3.7955;500;11330061592;S
20241023;114108;3.796;700;11330062159;B
20241023;114113;3.797;500;11330062595;B
20241023;114123;3.797;100;11330063552;B
20241023;114125;3.797;300;11330063722;B
20241023;114126;3.7965;100;11330063831;S
20241023;114126;3.7965;4900;11330063832;S
20241023;114126;3.7965;3000;11330063833;S
20241023;114126;3.7965;8000;11330063895;S
20241023;114129;3.797;300;11330064214;B
20241023;114130;3.797;100;11330064270;B
20241023;114135;3.797;3000;11330064639;B
20241023;114135;3.797;100;11330064666;B
20241023;114136;3.7965;18000;11330064689;S
20241023;114158;3.796;100;11330066574;S
20241023;114158;3.796;400;11330066575;S
20241023;114200;3.7965;100;11330066852;B
20241023;114211;3.7965;400;11330067821;B
20241023;114214;3.7965;500;11330068052;B
20241023;114215;3.7965;200;11330068138;B
20241023;114215;3.797;600;11330068139;B
20241023;114227;3.797;900;11330069094;B
20241023;114233;3.797;100;11330069571;B
20241023;114234;3.797;100;11330069647;B
20241023;114238;3.797;100;11330069948;B
20241023;114241;3.797;200;11330070208;B
20241023;114243;3.797;100;11330070334;B
20241023;114244;3.797;100;11330070425;B
20241023;114245;3.797;100;11330070491;B
20241023;114255;3.797;100;11330071328;B
20241023;114259;3.796;100;11330071651;S
20241023;114259;3.796;500;11330071652;S
20241023;114304;3.796;600;11330072117;S
20241023;114305;3.796;100;11330072277;S
20241023;114313;3.797;100;11330072902;B
20241023;114318;3.796;1400;11330073316;S
20241023;114321;3.797;100;11330073536;B
20241023;114323;3.796;1600;11330073624;S
20241023;114323;3.797;200;11330073685;B
20241023;114324;3.797;100;11330073791;B
20241023;114333;3.797;100;11330074455;B
20241023;114337;3.797;2300;11330074775;B
20241023;114337;3.797;1500;11330074776;B
20241023;114337;3.797;3500;11330074777;B
20241023;114337;3.7975;1700;11330074778;B
20241023;114346;3.796;5200;11330075431;S
20241023;114347;3.796;7400;11330075603;S
20241023;114348;3.797;200;11330075715;B
20241023;114352;3.796;1200;11330076086;S
20241023;114352;3.796;2000;11330076087;S
20241023;114352;3.7955;1000;11330076088;S
20241023;114352;3.7955;200;11330076089;S
20241023;114352;3.7955;3000;11330076090;S
20241023;114353;3.795;300;11330076252;S
20241023;114353;3.795;300;11330076253;S
20241023;114353;3.795;1000;11330076254;S
20241023;114353;3.7945;5000;11330076296;S
20241023;114353;3.7945;300;11330076297;S
20241023;114353;3.7945;500;11330076298;S
20241023;114358;3.7955;100;11330076848;B
20241023;114400;3.7955;200;11330077016;B
20241023;114402;3.7955;100;11330077220;B
20241023;114404;3.7955;600;11330077422;B
20241023;114406;3.7955;1200;11330077567;B
20241023;114406;3.796;100;11330077568;B
20241023;114406;3.796;600;11330077617;B
20241023;114414;3.796;100;11330078272;B
20241023;114417;3.7945;100;11330078524;S
20241023;114424;3.796;100;11330079038;B
20241023;114430;3.796;100;11330079577;B
20241023;114435;3.796;100;11330079929;B
20241023;114437;3.796;100;11330080131;B
20241023;114446;3.796;100;11330080862;B
20241023;114454;3.795;200;11330081614;B
20241023;114456;3.7945;400;11330081814;S
20241023;114503;3.7945;100;11330082700;S
20241023;114503;3.7945;200;11330082701;S
20241023;114503;3.7945;500;11330082702;S
20241023;114504;3.794;22700;11330082787;S
20241023;114504;3.794;100;11330082788;S
20241023;114504;3.794;100;11330082789;S
20241023;114504;3.794;19000;11330082790;S
20241023;114504;3.794;2700;11330082791;S
20241023;114504;3.794;10000;11330082792;S
20241023;114504;3.794;9000;11330082793;S
20241023;114504;3.794;500;11330082794;S
20241023;114504;3.794;200;11330082795;S
20241023;114504;3.794;100;11330082796;S
20241023;114504;3.794;500;11330082797;S
20241023;114504;3.794;100;11330082798;S
20241023;114504;3.794;6500;11330082799;S
20241023;114525;3.7945;100;11330084820;B
20241023;114527;3.7945;1900;11330085008;B
20241023;114527;3.795;800;11330085009;B
20241023;114527;3.795;9000;11330085010;B
20241023;114527;3.7955;800;11330085011;B
20241023;114528;3.7955;1200;11330085024;B
20241023;114528;3.796;100;11330085025;B
20241023;114528;3.796;11200;11330085026;B
20241023;114530;3.7945;2600;11330085209;B
20241023;114531;3.7945;1900;11330085331;B
20241023;114538;3.7945;200;11330085746;B
20241023;114544;3.794;100;11330086326;S
20241023;114549;3.7945;100;11330086721;B
20241023;114557;3.7945;100;11330087341;B
20241023;114600;3.7945;3400;11330087703;S
20241023;114606;3.795;100;11330088106;B
20241023;114637;3.796;100;11330090611;B
20241023;114637;3.796;400;11330090614;B
20241023;114642;3.796;100;11330090913;B
20241023;114645;3.796;100;11330091171;B
20241023;114654;3.796;1000;11330091819;B
20241023;114658;3.796;100;11330092097;B
20241023;114708;3.795;200;11330092893;S
20241023;114708;3.795;200;11330092894;S
20241023;114710;3.796;100;11330093022;B
20241023;114712;3.796;300;11330093213;B
20241023;114717;3.796;200;11330093671;B
20241023;114733;3.7945;300;11330094793;S
20241023;114747;3.796;100;11330095825;B
20241023;114749;3.796;100;11330095976;B
20241023;114751;3.796;100;11330096144;B
20241023;114757;3.796;200;11330096839;B
20241023;114800;3.796;400;11330097074;B
20241023;114802;3.796;10000;11330097244;B
20241023;114810;3.796;200;11330097952;B
20241023;114810;3.796;400;11330097980;B
20241023;114812;3.796;100;11330098053;B
20241023;114817;3.796;100;11330098375;B
20241023;114842;3.796;1000;11330100419;B
20241023;114842;3.796;600;11330100420;B
20241023;114844;3.796;100;11330100565;B
20241023;114853;3.7955;1000;11330101276;S
20241023;114853;3.795;1900;11330101277;S
20241023;114855;3.795;300;11330101363;S
20241023;114855;3.795;200;11330101364;S
20241023;114855;3.795;100;11330101365;S
20241023;114856;3.796;200;11330101436;B
20241023;114920;3.7965;100;11330103728;S
20241023;114926;3.7945;100;11330104154;S
20241023;114926;3.7945;100;11330104155;S
20241023;114926;3.7945;3000;11330104156;S
20241023;114926;3.7945;1100;11330104213;S
20241023;114927;3.7945;2100;11330104389;S
20241023;114929;3.796;200;11330104519;B
20241023;114931;3.7945;3300;11330104671;S
20241023;114931;3.7945;500;11330104672;S
20241023;114931;3.794;11200;11330104673;S
20241023;114933;3.7955;100;11330104842;B
20241023;114957;3.7945;300;11330106853;S
20241023;115000;3.796;1000;11330107013;B
20241023;115004;3.7955;100;11330107316;S
20241023;115009;3.796;200;11330107702;B
20241023;115011;3.7965;200;11330107894;B
20241023;115021;3.796;200;11330108639;S
20241023;115021;3.7965;900;11330108710;B
20241023;115022;3.797;100;11330108811;B
20241023;115024;3.797;200;11330108936;B
20241023;115031;3.797;100;11330109496;B
20241023;115036;3.797;200;11330109980;B
20241023;115039;3.796;300;11330110203;S
20241023;115039;3.796;75100;11330110204;S
20241023;115039;3.796;100;11330110205;S
20241023;115039;3.796;2800;11330110206;S
20241023;115039;3.7955;47400;11330110207;S
20241023;115039;3.7955;12400;11330110208;S
20241023;115039;3.7955;2800;11330110209;S
20241023;115039;3.794;2200;11330110210;S
20241023;115039;3.794;30600;11330110211;S
20241023;115039;3.794;1300;11330110212;S
20241023;115039;3.794;300;11330110213;S
20241023;115039;3.794;140600;11330110214;S
20241023;115039;3.794;31100;11330110215;S
20241023;115039;3.794;100;11330110216;S
20241023;115039;3.7935;100;11330110217;S
20241023;115039;3.7935;100;11330110218;S
20241023;115039;3.7935;1500;11330110219;S
20241023;115039;3.7935;100;11330110220;S
20241023;115039;3.7935;100;11330110221;S
20241023;115039;3.7935;100;11330110222;S
20241023;115039;3.7935;2000;11330110223;S
20241023;115039;3.7935;21100;11330110224;S
20241023;115039;3.7935;13500;11330110225;S
20241023;115039;3.7935;28900;11330110226;S
20241023;115039;3.7935;40000;11330110227;B
20241023;115039;3.7935;57700;11330110228;B
20241023;115048;3.7935;100;11330110856;B
20241023;115100;3.7935;100;11330111784;B
20241023;115106;3.793;100;11330112208;S
20241023;115108;3.793;100;11330112316;S
20241023;115108;3.7935;100;11330112387;B
20241023;115119;3.7935;300;11330113308;B
20241023;115124;3.7935;400;11330113640;B
20241023;115126;3.7935;500;11330113740;B
20241023;115130;3.7935;100;11330114009;B
20241023;115137;3.7935;300;11330114508;B
20241023;115139;3.7935;500;11330114676;B
20241023;115142;3.7935;100;11330114827;B
20241023;115143;3.7935;900;11330114871;B
20241023;115148;3.7935;100;11330115355;B
20241023;115156;3.7935;22000;11330115900;B
20241023;115157;3.7935;1000;11330115976;B
20241023;115157;3.7935;58000;11330116031;B
20241023;115157;3.7935;1200;11330116039;B
20241023;115157;3.7935;18000;11330116041;B
20241023;115157;3.793;1000;11330116069;S
20241023;115157;3.793;15900;11330116147;S
20241023;115200;3.7935;100;11330116502;B
20241023;115203;3.7935;100;11330116781;B
20241023;115208;3.793;14600;11330117244;S
20241023;115208;3.793;2200;11330117315;S
20241023;115208;3.793;11100;11330117358;S
20241023;115208;3.793;2100;11330117411;S
20241023;115211;3.793;600;11330117821;S
20241023;115212;3.793;1000;11330117901;S
20241023;115212;3.7935;400;11330117963;B
20241023;115216;3.7935;300;11330118268;B
20241023;115218;3.7935;100;11330118334;B
20241023;115218;3.7935;4300;11330118366;B
20241023;115221;3.7935;500;11330118605;B
20241023;115237;3.7935;100;11330119699;B
20241023;115238;3.7935;100;11330119734;B
20241023;115246;3.7935;500;11330120401;B
20241023;115256;3.7935;200;11330121086;B
20241023;115303;3.7935;500;11330121805;B
20241023;115304;3.7935;100;11330121860;B
20241023;115307;3.7935;300;11330122101;B
20241023;115308;3.7935;500;11330122168;B
20241023;115316;3.7935;300;11330122769;B
20241023;115316;3.793;2100;11330122806;S
20241023;115324;3.793;2700;11330123547;S
20241023;115325;3.7935;200;11330123587;B
20241023;115328;3.793;100;11330123833;S
20241023;115337;3.7935;100;11330124616;B
20241023;115349;3.7935;600;11330125786;B
20241023;115350;3.7935;700;11330125869;B
20241023;115355;3.7935;100;11330126428;B
20241023;115358;3.7935;500;11330126673;B
20241023;115400;3.7935;300;11330126912;B
20241023;115401;3.7935;100;11330126978;B
20241023;115402;3.7935;200;11330127046;B
20241023;115409;3.7935;100;11330127504;B
20241023;115409;3.7935;100;11330127507;B
20241023;115414;3.7935;100;11330127920;B
20241023;115414;3.7935;500;11330127932;B
20241023;115417;3.793;100;11330128182;S
20241023;115418;3.7935;300;11330128287;B
20241023;115418;3.7935;100;11330128316;B
20241023;115420;3.793;30000;11330128471;S
20241023;115422;3.7935;700;11330128555;B
20241023;115425;3.7935;1600;11330128753;B
20241023;115431;3.7935;100;11330129211;B
20241023;115434;3.7935;100;11330129429;B
20241023;115434;3.793;100;11330129468;S
20241023;115449;3.7935;100;11330130695;B
20241023;115449;3.7935;600;11330130757;B
20241023;115450;3.7935;100;11330130848;B
20241023;115451;3.7935;100;11330130923;B
20241023;115452;3.7935;200;11330131040;B
20241023;115458;3.7935;200;11330131440;B
20241023;115500;3.7935;500;11330131625;B
20241023;115503;3.7935;100;11330131841;B
20241023;115504;3.7935;100;11330131972;B
20241023;115508;3.7935;400;11330132220;B
20241023;115509;3.793;10200;11330132358;S
20241023;115509;3.793;58000;11330132359;S
20241023;115509;3.793;26000;11330132360;S
20241023;115509;3.793;10000;11330132361;S
20241023;115509;3.793;2700;11330132362;S
20241023;115512;3.7935;100;11330132543;B
20241023;115517;3.7935;300;11330132898;B
20241023;115522;3.793;600;11330133260;S
20241023;115527;3.7935;300;11330133713;B
20241023;115535;3.7935;100;11330134386;B
20241023;115537;3.7935;500;11330134559;B
20241023;115539;3.7935;100;11330134675;B
20241023;115541;3.793;6700;11330134805;S
20241023;115541;3.793;100;11330134806;S
20241023;115541;3.793;600;11330134807;S
20241023;115541;3.793;100;11330134808;S
20241023;115541;3.793;100;11330134809;S
20241023;115541;3.793;100;11330134810;S
20241023;115541;3.793;300;11330134811;S
20241023;115541;3.793;500;11330134812;S
20241023;115541;3.793;12400;11330134813;S
20241023;115541;3.793;100;11330134814;S
20241023;115541;3.793;100;11330134815;S
20241023;115541;3.793;500;11330134816;S
20241023;115541;3.793;100;11330134817;S
20241023;115541;3.793;9600;11330134818;S
20241023;115543;3.793;100;11330134946;S
20241023;115545;3.793;100;11330135050;S
20241023;115546;3.7935;500;11330135138;B
20241023;115547;3.793;2700;11330135246;S
20241023;115548;3.7935;200;11330135312;B
20241023;115549;3.793;4200;11330135483;S
20241023;115554;3.7935;400;11330135914;B
20241023;115554;3.7935;100;11330135929;B
20241023;115557;3.793;5300;11330136195;S
20241023;115557;3.793;32100;11330136280;S
20241023;115557;3.793;6300;11330136359;S
20241023;115557;3.793;1300;11330136441;S
20241023;115604;3.7935;100;11330137065;B
20241023;115610;3.7935;400;11330137510;B
20241023;115625;3.793;1000;11330138623;S
20241023;115628;3.7935;3800;11330138833;B
20241023;115629;3.7935;100;11330138891;B
20241023;115632;3.7935;100;11330139132;B
20241023;115638;3.793;100;11330139567;S
20241023;115640;3.793;100;11330139724;S
20241023;115643;3.7935;100;11330139970;B
20241023;115644;3.7935;300;11330140028;B
20241023;115650;3.7935;100;11330140513;B
20241023;115651;3.7935;1500;11330140590;B
20241023;115653;3.7935;500;11330140772;B
20241023;115656;3.7935;100;11330141023;B
20241023;115703;3.7935;300;11330141593;B
20241023;115708;3.7935;4000;11330142001;B
20241023;115714;3.7935;100;11330142380;B
20241023;115715;3.793;31100;11330142439;S
20241023;115715;3.793;58000;11330142440;S
20241023;115715;3.793;10900;11330142441;S
20241023;115717;3.7935;100;11330142581;B
20241023;115719;3.7935;500;11330142711;B
20241023;115721;3.7935;3000;11330142905;B
20241023;115725;3.7935;700;11330143181;B
20241023;115726;3.7935;200;11330143345;B
20241023;115735;3.7935;200;11330143986;B
20241023;115736;3.7935;100;11330144003;B
20241023;115736;3.7935;1700;11330144011;B
20241023;115741;3.793;100;11330144349;S
20241023;115742;3.7935;100;11330144528;B
20241023;115747;3.793;100;11330144827;S
20241023;115753;3.7935;100;11330145283;B
20241023;115755;3.7935;900;11330145425;B
20241023;115759;3.7935;700;11330145731;B
20241023;115804;3.793;100;11330146089;S
20241023;115805;3.793;100;11330146107;S
20241023;115808;3.7935;500;11330146353;B
20241023;115810;3.7935;500;11330146436;B
20241023;115813;3.7935;10000;11330146716;B
20241023;115814;3.7935;100;11330146740;B
20241023;115816;3.7935;200;11330146835;B
20241023;115817;3.7935;400;11330146903;B
20241023;115822;3.7935;100;11330147391;B
20241023;115825;3.7935;2000;11330147660;B
20241023;115827;3.793;14700;11330147848;S
20241023;115827;3.793;4400;11330147849;S
20241023;115829;3.7935;1000;11330148087;B
20241023;115832;3.7935;100;11330148329;B
20241023;115833;3.7935;500;11330148392;B
20241023;115834;3.7935;1000;11330148470;B
20241023;115835;3.7935;500;11330148532;B
20241023;115840;3.793;400;11330148962;S
20241023;115842;3.7935;1000;11330149278;B
20241023;115854;3.793;2100;11330150383;S
20241023;115855;3.7935;500;11330150524;B
20241023;115855;3.7935;400;11330150527;B
20241023;115900;3.7935;800;11330150948;B
20241023;115910;3.793;700;11330151791;S
20241023;115916;3.793;2400;11330152343;S
20241023;115916;3.793;300;11330152344;S
20241023;115918;3.7935;100;11330152487;B
20241023;115922;3.793;4200;11330152879;S
20241023;115923;3.7935;1000;11330152933;B
20241023;115924;3.7935;100;11330153014;B
20241023;115928;3.793;200;11330153368;S
20241023;115940;3.7935;14000;11330154781;B
20241023;115943;3.7935;500;11330155114;B
20241023;115944;3.7935;2000;11330155204;B
20241023;115946;3.7935;7700;11330155609;B
20241023;115946;3.7935;19000;11330155611;B
20241023;115947;3.7935;40500;11330155736;B
20241023;115950;3.7935;1000;11330155975;B
20241023;115952;3.7935;200;11330156191;B
20241023;115957;3.7935;100;11330156586;B
20241023;115957;3.7935;20700;11330156587;B
20241023;120001;3.793;2600;11330157178;S
20241023;120001;3.793;2100;11330157201;S
20241023;120001;3.793;600;11330157235;S
20241023;120001;3.793;100;11330157236;S
20241023;120001;3.793;1500;11330157237;S
20241023;120002;3.793;14800;11330157397;S
20241023;120002;3.793;4200;11330157429;S
20241023;120004;3.7935;100;11330158102;B
20241023;120005;3.793;2100;11330158389;S
20241023;120006;3.793;700;11330158696;S
20241023;120006;3.793;600;11330158814;S
20241023;120007;3.793;3200;11330159024;S
20241023;120008;3.793;10500;11330159308;S
20241023;120008;3.793;7400;11330159422;S
20241023;120009;3.7935;100;11330159604;B
20241023;120009;3.793;6300;11330159631;S
20241023;120010;3.793;4300;11330159991;S
20241023;120010;3.793;5200;11330160117;S
20241023;120013;3.793;1100;11330161069;S
20241023;120014;3.793;6100;11330161170;S
20241023;120016;3.793;200;11330161759;S
20241023;120019;3.7935;300;11330162208;B
20241023;120019;3.7935;500;11330162289;B
20241023;120019;3.7935;100;11330162315;B
20241023;120023;3.7935;100;11330162888;B
20241023;120033;3.793;100;11330164055;S
20241023;120042;3.7935;100;11330165225;B
20241023;120044;3.7935;100;11330165423;B
20241023;120046;3.793;100;11330166021;S
20241023;120051;3.7935;100;11330166709;B
20241023;120052;3.7935;500;11330167008;B
20241023;120052;3.7935;7000;11330167042;B
20241023;120053;3.7935;5000;11330167178;B
20241023;120054;3.7935;100;11330167333;B
20241023;120054;3.7935;500;11330167441;B
20241023;120057;3.7935;500;11330167954;B
20241023;120058;3.7935;100;11330168051;B
20241023;120100;3.7935;2600;11330168368;B
20241023;120100;3.7935;2500;11330168369;B
20241023;120100;3.7935;1000;11330168370;B
20241023;120100;3.7935;300;11330168371;B
20241023;120100;3.7935;43400;11330168372;B
20241023;120101;3.7945;300;11330168649;B
20241023;120101;3.7945;1200;11330168650;B
20241023;120101;3.797;200;11330168652;B
20241023;120101;3.797;100;11330168662;B
20241023;120101;3.7965;1100;11330168686;B
20241023;120103;3.797;2400;11330169339;B
20241023;120103;3.7975;300;11330169340;B
20241023;120103;3.7975;1000;11330169341;B
20241023;120110;3.798;5700;11330170369;B
20241023;120110;3.7985;1200;11330170370;B
20241023;120110;3.7985;4200;11330170371;B
20241023;120110;3.7985;1000;11330170372;B
20241023;120110;3.799;3300;11330170373;B
20241023;120110;3.799;900;11330170374;B
20241023;120110;3.799;1100;11330170375;B
20241023;120110;3.799;200;11330170512;B
20241023;120111;3.7995;100;11330170649;B
20241023;120114;3.7995;200;11330171205;B
20241023;120114;3.7995;200;11330171206;B
20241023;120114;3.7995;9600;11330171207;B
20241023;120121;3.7995;500;11330172773;B
20241023;120132;3.8;200;11330174730;B
20241023;120138;3.8;200;11330176027;B
20241023;120139;3.799;200;11330176175;S
20241023;120140;3.8;1000;11330176282;B
20241023;120143;3.799;100;11330176765;S
20241023;120143;3.7985;10500;11330176766;S
20241023;120143;3.7985;100;11330176865;S
20241023;120143;3.7975;5100;11330176903;S
20241023;120147;3.7975;4900;11330177406;S
20241023;120147;3.7975;100;11330177407;S
20241023;120157;3.7965;100;11330179093;B
20241023;120157;3.796;47300;11330179128;S
20241023;120201;3.7965;200;11330179733;B
20241023;120207;3.7965;3800;11330180772;S
20241023;120208;3.797;500;11330180862;B
20241023;120215;3.797;500;11330181801;B
20241023;120217;3.7965;1400;11330182195;S
20241023;120217;3.797;1900;11330182210;B
20241023;120217;3.797;100;11330182222;S
20241023;120217;3.7965;400;11330182241;S
20241023;120222;3.797;100;11330182816;B
20241023;120228;3.797;500;11330183398;B
20241023;120229;3.797;100;11330183583;B
20241023;120230;3.7965;41800;11330183641;S
20241023;120230;3.7965;1700;11330183642;S
20241023;120234;3.797;100;11330184317;B
20241023;120238;3.797;600;11330184818;B
20241023;120239;3.797;1400;11330185168;B
20241023;120240;3.797;100;11330185223;S
20241023;120240;3.797;1200;11330185224;S
20241023;120242;3.797;500;11330185616;B
20241023;120245;3.797;500;11330185929;B
20241023;120247;3.7965;26300;11330186165;S
20241023;120252;3.797;1000;11330186982;B
20241023;120252;3.797;900;11330187004;S
20241023;120256;3.7975;300;11330187451;B
20241023;120259;3.7985;200;11330187755;B
20241023;120306;3.7985;100;11330188990;B
20241023;120306;3.7985;300;11330188991;B
20241023;120307;3.7985;100;11330189059;B
20241023;120310;3.7985;100;11330189419;B
20241023;120317;3.7985;500;11330190320;B
20241023;120321;3.7985;100;11330191161;B
20241023;120324;3.7985;1400;11330191440;B
20241023;120324;3.7985;900;11330191441;B
20241023;120336;3.799;300;11330192838;B
20241023;120337;3.7985;3400;11330192954;S
20241023;120337;3.7985;100;11330192955;S
20241023;120337;3.7985;12400;11330192956;S
20241023;120337;3.7985;300;11330192957;S
20241023;120337;3.7985;100;11330192958;S
20241023;120339;3.799;500;11330193343;B
20241023;120340;3.799;500;11330193626;B
20241023;120341;3.799;1000;11330193770;B
20241023;120344;3.799;300;11330194215;B
20241023;120346;3.799;100;11330194857;B
20241023;120347;3.799;100;11330195041;B
20241023;120347;3.799;100;11330195219;B
20241023;120351;3.799;100;11330196074;B
20241023;120351;3.799;100;11330196075;B
20241023;120351;3.7995;200;11330196076;B
20241023;120355;3.8;100;11330196704;B
20241023;120405;3.7995;300;11330198468;B
20241023;120406;3.8;100;11330198712;B
20241023;120406;3.8;100;11330198913;B
20241023;120412;3.8;500;11330199594;B
20241023;120413;3.8;2000;11330199663;B
20241023;120415;3.8;300;11330199863;B
20241023;120421;3.8;100;11330200696;B
20241023;120422;3.8;300;11330200895;B
20241023;120424;3.7985;1500;11330201125;S
20241023;120428;3.7985;1000;11330201471;S
20241023;120428;3.7985;2800;11330201472;S
20241023;120428;3.7985;6800;11330201473;S
20241023;120433;3.8;300;11330202657;B
20241023;120433;3.8;300;11330202658;B
20241023;120434;3.8;100;11330202705;B
20241023;120436;3.798;300;11330203042;S
20241023;120442;3.7985;1900;11330203967;S
20241023;120442;3.8;100;11330203983;B
20241023;120442;3.8;400;11330203984;B
20241023;120444;3.7985;6000;11330204213;S
20241023;120445;3.8;100;11330204431;B
20241023;120449;3.8;100;11330204834;B
20241023;120449;3.7985;100;11330204856;S
20241023;120450;3.7985;1100;11330204975;S
20241023;120454;3.7995;200;11330205725;B
20241023;120455;3.7985;300;11330205804;S
20241023;120455;3.7975;100;11330205805;S
20241023;120455;3.7975;100;11330205806;S
20241023;120455;3.797;200;11330205825;S
20241023;120456;3.798;500;11330206007;B
20241023;120502;3.798;100;11330206875;B
20241023;120503;3.798;1100;11330206924;B
20241023;120504;3.799;1900;11330207127;B
20241023;120506;3.798;200;11330207392;S
20241023;120506;3.7975;3100;11330207393;S
20241023;120506;3.797;8600;11330207490;S
20241023;120506;3.797;8300;11330207491;S
20241023;120508;3.797;5400;11330207858;S
20241023;120510;3.798;500;11330208190;B
20241023;120512;3.798;500;11330208350;B
20241023;120512;3.797;700;11330208368;S
20241023;120512;3.797;9500;11330208408;S
20241023;120512;3.7965;100;11330208485;S
20241023;120512;3.7965;1000;11330208486;S
20241023;120513;3.7965;1300;11330208699;S
20241023;120520;3.7975;200;11330209500;B
20241023;120529;3.7975;3600;11330210575;B
20241023;120529;3.798;1000;11330210576;B
20241023;120529;3.798;5400;11330210577;B
20241023;120532;3.7965;200;11330210799;S
20241023;120535;3.798;600;11330211063;B
20241023;120542;3.798;400;11330211683;B
20241023;120543;3.798;800;11330211755;B
20241023;120544;3.799;500;11330211904;B
20241023;120544;3.799;4400;11330211905;B
20241023;120545;3.799;500;11330212009;B
20241023;120550;3.799;100;11330212505;B
20241023;120550;3.7995;400;11330212506;B
20241023;120557;3.798;100;11330213512;S
20241023;120608;3.7995;600;11330214693;B
20241023;120609;3.7995;100;11330214958;B
20241023;120611;3.7995;100;11330215189;B
20241023;120613;3.7995;300;11330215420;B
20241023;120615;3.7995;200;11330215594;B
20241023;120622;3.7995;100;11330216578;B
20241023;120625;3.7995;600;11330216961;B
20241023;120625;3.8;4000;11330216962;B
20241023;120625;3.8;3400;11330217019;B
20241023;120637;3.7985;200;11330218367;B
20241023;120638;3.7985;500;11330218531;B
20241023;120641;3.7985;7300;11330218892;B
20241023;120641;3.799;600;11330218893;B
20241023;120643;3.8;700;11330219190;B
20241023;120644;3.7995;100;11330219336;B
20241023;120647;3.798;100;11330219599;S
20241023;120656;3.7995;200;11330220585;B
20241023;120659;3.7995;100;11330220835;B
20241023;120659;3.8;1800;11330220836;B
20241023;120701;3.8;100;11330221029;B
20241023;120702;3.8;100;11330221132;B
20241023;120703;3.798;100;11330221358;S
20241023;120703;3.798;800;11330221359;S
20241023;120703;3.7975;6200;11330221360;S
20241023;120706;3.799;200;11330221805;B
20241023;120708;3.798;100;11330222009;S
20241023;120708;3.7975;6500;11330222010;S
20241023;120708;3.7975;1600;11330222011;S
20241023;120708;3.797;900;11330222012;S
20241023;120711;3.799;5000;11330222611;B
20241023;120712;3.799;100;11330222717;B
20241023;120714;3.799;100;11330222906;B
20241023;120716;3.797;5100;11330223158;S
20241023;120716;3.797;1100;11330223251;S
20241023;120717;3.797;1000;11330223359;S
20241023;120717;3.797;500;11330223409;S
20241023;120718;3.797;1100;11330223495;S
20241023;120718;3.799;200;11330223591;B
20241023;120719;3.797;1100;11330223688;S
20241023;120720;3.797;1000;11330223777;S
20241023;120720;3.797;1100;11330223887;S
20241023;120721;3.797;1000;11330223986;S
20241023;120722;3.797;2000;11330224177;S
20241023;120730;3.7985;1300;11330225062;B
20241023;120732;3.7985;500;11330225475;B
20241023;120746;3.7985;100;11330226843;B
20241023;120747;3.7985;100;11330226938;B
20241023;120747;3.7985;100;11330226943;B
20241023;120752;3.7985;700;11330227584;B
20241023;120753;3.797;100;11330227728;S
20241023;120757;3.799;500;11330228184;B
20241023;120757;3.799;100;11330228185;B
20241023;120800;3.8;7400;11330228676;B
20241023;120811;3.8;500;11330229677;B
20241023;120815;3.8;200;11330230041;B
20241023;120815;3.8;500;11330230059;B
20241023;120818;3.8;2000;11330230452;B
20241023;120821;3.8;400;11330230914;B
20241023;120823;3.8;14000;11330231240;B
20241023;120839;3.8;500;11330233028;B
20241023;120852;3.8;700;11330234609;B
20241023;120852;3.8;100;11330234629;B
20241023;120856;3.8;1200;11330235208;B
20241023;120859;3.8;500;11330235475;B
20241023;120906;3.8;100;11330236434;B
20241023;120908;3.8;100;11330236670;B
20241023;120914;3.8;100;11330237253;B
20241023;120918;3.8;200;11330237746;B
20241023;120918;3.799;700;11330237832;S
20241023;120918;3.799;4400;11330237833;S
20241023;120924;3.8;300;11330238513;B
20241023;120927;3.8;200;11330238872;B
20241023;120935;3.8;300;11330239878;B
20241023;120936;3.8;100;11330239935;B
20241023;120938;3.799;700;11330240361;S
20241023;120938;3.799;8400;11330240362;S
20241023;120939;3.8;100;11330240452;B
20241023;120941;3.799;100;11330240755;S
20241023;120941;3.799;700;11330240756;S
20241023;120941;3.799;100;11330240757;S
20241023;120941;3.799;700;11330240760;B
20241023;120941;3.799;700;11330240765;B
20241023;120941;3.799;700;11330240770;B
20241023;120941;3.799;700;11330240771;B
20241023;120941;3.799;700;11330240772;B
20241023;120942;3.799;700;11330240776;B
20241023;120942;3.799;700;11330240778;B
20241023;120947;3.799;100;11330241340;B
20241023;120950;3.799;100;11330241561;B
20241023;120950;3.8;100;11330241562;B
20241023;120952;3.8;100;11330241779;B
20241023;120952;3.8;1300;11330241791;B
20241023;120955;3.799;100;11330242111;S
20241023;121011;3.8;100;11330243788;B
20241023;121022;3.799;10100;11330244837;S
20241023;121022;3.799;1100;11330244914;S
20241023;121022;3.799;100;11330245047;S
20241023;121022;3.799;5200;11330245048;S
20241023;121032;3.8;200;11330246165;B
20241023;121037;3.8;100;11330246874;B
20241023;121042;3.8;100;11330247478;B
20241023;121044;3.8;300;11330247755;B
20241023;121046;3.8;300;11330247961;B
20241023;121102;3.8;6800;11330249794;B
20241023;121110;3.8;100;11330250620;B
20241023;121119;3.799;500;11330251539;S
20241023;121121;3.8;200;11330251873;B
20241023;121122;3.8;100;11330251931;B
20241023;121130;3.8;100;11330252676;B
20241023;121130;3.8;100;11330252690;B
20241023;121134;3.799;200;11330253001;S
20241023;121148;3.8;100;11330254494;B
20241023;121203;3.799;600;11330256022;S
20241023;121203;3.799;100;11330256023;S
20241023;121203;3.799;100;11330256024;S
20241023;121203;3.799;100;11330256025;S
20241023;121203;3.7985;2000;11330256026;S
20241023;121209;3.8;200;11330256883;B
20241023;121213;3.8;100;11330257413;B
20241023;121214;3.7985;2000;11330257557;S
20241023;121214;3.7995;100;11330257600;B
20241023;121215;3.7985;100;11330257839;S
20241023;121215;3.7995;100;11330257882;B
20241023;121217;3.7985;1300;11330258185;S
20241023;121220;3.7995;100;11330258691;B
20241023;121221;3.7995;1000;11330258847;B
20241023;121223;3.7995;500;11330259094;B
20241023;121229;3.7995;8700;11330259885;B
20241023;121231;3.7985;700;11330260261;S
20241023;121231;3.7985;1000;11330260303;S
20241023;121231;3.7995;100;11330260377;B
20241023;121235;3.8;3900;11330260963;B
20241023;121241;3.8;15500;11330262657;B
20241023;121241;3.8;100;11330262658;B
20241023;121241;3.8;1000;11330262659;B
20241023;121241;3.8;11500;11330262660;B
20241023;121241;3.8;1700;11330262661;B
20241023;121241;3.8;2000;11330262662;B
20241023;121241;3.8;200;11330262663;B
20241023;121241;3.8;12000;11330262664;B
20241023;121241;3.8;200;11330262665;B
20241023;121241;3.8;1600;11330262666;B
20241023;121241;3.8;2700;11330262667;B
20241023;121241;3.8;1000;11330262668;B
20241023;121241;3.8;3000;11330262669;B
20241023;121241;3.8;2000;11330262670;B
20241023;121241;3.8;300;11330262671;B
20241023;121241;3.8;3500;11330262672;B
20241023;121241;3.8;700;11330262673;B
20241023;121241;3.8;81000;11330262674;B
20241023;121244;3.8;100;11330263086;B
20241023;121248;3.8;100;11330263554;B
20241023;121250;3.8;500;11330263802;B
20241023;121255;3.7995;100;11330265057;B
