<DATE>;<TIME>;<LAST>;<VOL>;<ID>;<OPER>
20241024;095947;3.746;1400;11333321123;S
20241024;095947;3.746;100;11333321124;S
20241024;095947;3.746;1200;11333321125;B
20241024;095947;3.746;4300;11333321126;B
20241024;095947;3.746;100;11333321127;B
20241024;095947;3.746;100;11333321128;B
20241024;095947;3.746;100;11333321129;B
20241024;095947;3.746;600;11333321130;B
20241024;095947;3.746;200;11333321131;B
20241024;095947;3.746;100;11333321132;S
20241024;095947;3.746;2000;11333321133;B
20241024;095947;3.746;500;11333321134;B
20241024;095947;3.746;6600;11333321135;S
20241024;095947;3.746;600;11333321136;S
20241024;095947;3.746;2500;11333321137;S
20241024;100001;3.746;100;11333323678;S
20241024;100001;3.7485;40000;11333323808;B
20241024;100001;3.7465;3100;11333324010;S
20241024;100001;3.746;200;11333324011;S
20241024;100001;3.746;100;11333324012;S
20241024;100001;3.746;10000;11333324013;S
20241024;100001;3.746;300;11333324014;S
20241024;100001;3.746;100;11333324015;S
20241024;100001;3.746;100;11333324016;S
20241024;100001;3.746;100;11333324017;S
20241024;100001;3.746;100;11333324018;S
20241024;100001;3.746;100;11333324019;S
20241024;100001;3.746;2000;11333324020;S
20241024;100001;3.746;200;11333324021;S
20241024;100001;3.746;100;11333324022;S
20241024;100001;3.746;100;11333324023;S
20241024;100001;3.746;6000;11333324024;S
20241024;100001;3.746;4800;11333324025;S
20241024;100001;3.7455;100;11333324026;S
20241024;100001;3.7455;4100;11333324027;S
20241024;100001;3.745;9000;11333324028;S
20241024;100001;3.745;1500;11333324029;S
20241024;100001;3.745;2200;11333324030;S
20241024;100003;3.7475;300;11333324966;B
20241024;100003;3.7455;100;11333325484;S
20241024;100003;3.7475;100;11333325485;B
20241024;100003;3.7475;2600;11333325867;B
20241024;100004;3.7475;100;11333326044;B
20241024;100004;3.7455;100;11333326048;S
20241024;100004;3.7475;100;11333326931;B
20241024;100004;3.7455;100;11333328060;S
20241024;100004;3.7475;100;11333328449;B
20241024;100004;3.7475;100;11333328468;B
20241024;100004;3.7475;100;11333328483;B
20241024;100004;3.745;100;11333328597;S
20241024;100004;3.745;100;11333328602;S
20241024;100005;3.745;300;11333329091;S
20241024;100005;3.7475;300;11333329095;B
20241024;100006;3.7455;5200;11333330570;S
20241024;100007;3.7455;100;11333331755;S
20241024;100010;3.7455;100;11333333108;S
20241024;100010;3.7475;600;11333333308;B
20241024;100010;3.7475;5900;11333333310;B
20241024;100013;3.7475;500;11333334007;B
20241024;100018;3.746;10100;11333335439;S
20241024;100021;3.7475;2000;11333336341;B
20241024;100033;3.7495;36100;11333339446;B
20241024;100034;3.7485;1400;11333339654;S
20241024;100038;3.748;5400;11333340531;S
20241024;100038;3.748;200;11333340766;S
20241024;100046;3.749;200;11333342663;B
20241024;100046;3.749;5000;11333342664;B
20241024;100049;3.749;4000;11333343433;B
20241024;100052;3.746;100;11333344199;S
20241024;100052;3.746;4900;11333344200;S
20241024;100055;3.746;10000;11333345176;B
20241024;100056;3.7465;200;11333345379;B
20241024;100109;3.7465;6300;11333349463;B
20241024;100109;3.7465;1300;11333349464;B
20241024;100109;3.747;200;11333349465;B
20241024;100109;3.747;5300;11333349466;B
20241024;100109;3.747;13100;11333349526;B
20241024;100120;3.746;10000;11333351863;B
20241024;100127;3.7455;1300;11333353416;S
20241024;100132;3.7455;6000;11333354243;S
20241024;100141;3.746;700;11333356235;B
20241024;100141;3.746;11800;11333356236;B
20241024;100142;3.745;2000;11333356280;S
20241024;100143;3.7475;12400;11333356505;B
20241024;100143;3.748;100;11333356506;B
20241024;100143;3.749;700;11333356512;B
20241024;100147;3.7495;12500;11333357428;B
20241024;100147;3.75;800;11333357448;B
20241024;100147;3.75;11700;11333357449;B
20241024;100147;3.7505;300;11333357473;B
20241024;100149;3.75;12500;11333357872;B
20241024;100149;3.7505;6600;11333357976;B
20241024;100152;3.7505;10000;11333358396;B
20241024;100203;3.75;400;11333360823;S
20241024;100213;3.751;4000;11333362985;B
20241024;100213;3.751;1300;11333362986;B
20241024;100217;3.752;400;11333363920;B
20241024;100221;3.7515;300;11333364919;S
20241024;100221;3.75;100;11333364920;S
20241024;100221;3.75;1100;11333364921;S
20241024;100225;3.752;1000;11333365747;B
20241024;100225;3.7515;300;11333365950;B
20241024;100229;3.7525;500;11333366870;B
20241024;100233;3.7525;100;11333367610;B
20241024;100234;3.7515;20000;11333367892;S
20241024;100234;3.751;12400;11333367893;S
20241024;100234;3.749;14100;11333367894;S
20241024;100240;3.7515;2000;11333368800;B
20241024;100240;3.7515;11200;11333368801;B
20241024;100240;3.752;12400;11333368802;B
20241024;100240;3.752;4400;11333368803;B
20241024;100245;3.752;800;11333369712;B
20241024;100252;3.7505;10700;11333371372;B
20241024;100252;3.752;4200;11333371373;B
20241024;100252;3.7525;68300;11333371374;B
20241024;100257;3.752;100;11333372214;B
20241024;100301;3.752;100;11333372933;B
20241024;100308;3.751;3500;11333374411;B
20241024;100308;3.7515;300;11333374412;B
20241024;100308;3.7515;700;11333374589;B
20241024;100308;3.7515;300;11333374590;B
20241024;100311;3.7505;100;11333375325;S
20241024;100311;3.7505;300;11333375326;S
20241024;100312;3.75;1700;11333375362;S
20241024;100312;3.75;100;11333375363;S
20241024;100312;3.748;100;11333375456;S
20241024;100312;3.7475;200;11333375568;S
20241024;100312;3.747;3000;11333375569;S
20241024;100312;3.7465;100;11333375570;S
20241024;100312;3.7465;27000;11333375571;S
20241024;100314;3.7475;200;11333375975;B
20241024;100315;3.746;100;11333376464;S
20241024;100316;3.746;3900;11333376527;S
20241024;100316;3.746;7000;11333376528;S
20241024;100316;3.7455;300;11333376529;S
20241024;100316;3.7455;4000;11333376530;S
20241024;100324;3.7495;5000;11333378364;B
20241024;100327;3.7495;400;11333378893;B
20241024;100327;3.7495;100;11333378938;B
20241024;100328;3.7495;100;11333379036;B
20241024;100328;3.7495;100;11333379145;B
20241024;100331;3.7495;100;11333379582;B
20241024;100342;3.7515;12400;11333381562;B
20241024;100342;3.7515;14200;11333381563;B
20241024;100342;3.751;200;11333381651;B
20241024;100342;3.751;12400;11333381710;B
20241024;100342;3.7515;3900;11333381733;B
20241024;100351;3.752;5000;11333382990;B
20241024;100355;3.752;200;11333383525;B
20241024;100359;3.752;300;11333383905;B
20241024;100400;3.752;2000;11333384001;B
20241024;100400;3.752;100;11333384053;B
20241024;100400;3.7515;100;11333384106;S
20241024;100400;3.751;1000;11333384107;S
20241024;100400;3.7505;11700;11333384108;S
20241024;100400;3.75;2300;11333384126;S
20241024;100400;3.75;2600;11333384128;S
20241024;100400;3.75;7500;11333384130;S
20241024;100400;3.75;600;11333384131;S
20241024;100402;3.75;1400;11333384290;S
20241024;100402;3.7495;3700;11333384291;S
20241024;100402;3.749;12400;11333384293;S
20241024;100402;3.749;100;11333384294;S
20241024;100402;3.748;1800;11333384295;S
20241024;100404;3.75;12400;11333384563;S
20241024;100404;3.75;100;11333384564;S
20241024;100404;3.75;1900;11333384593;S
20241024;100404;3.749;10600;11333384594;S
20241024;100407;3.7475;1000;11333385006;S
20241024;100407;3.7475;4800;11333385007;S
20241024;100407;3.7475;4400;11333385008;S
20241024;100413;3.7515;12400;11333385813;B
20241024;100413;3.7515;1000;11333385814;B
20241024;100413;3.75;100;11333385925;S
20241024;100415;3.75;300;11333386224;S
20241024;100416;3.7495;700;11333386368;S
20241024;100416;3.749;3800;11333386369;S
20241024;100416;3.749;200;11333386370;S
20241024;100416;3.7485;9200;11333386372;S
20241024;100417;3.7485;1000;11333386490;S
20241024;100418;3.7495;100;11333386643;B
20241024;100418;3.7495;200;11333386644;B
20241024;100420;3.7495;400;11333387046;B
20241024;100426;3.7495;100;11333387922;B
20241024;100427;3.7495;200;11333388022;B
20241024;100429;3.749;6100;11333388448;S
20241024;100437;3.7485;3300;11333389870;S
20241024;100437;3.7485;800;11333389871;S
20241024;100437;3.7485;7600;11333389983;S
20241024;100437;3.7485;6000;11333389984;S
20241024;100441;3.7495;3000;11333390739;B
20241024;100447;3.7495;100;11333391848;B
20241024;100447;3.7495;100;11333391864;B
20241024;100451;3.7495;100;11333392483;B
20241024;100455;3.7495;100;11333393366;B
20241024;100500;3.7495;2200;11333394172;B
20241024;100500;3.7495;2600;11333394336;B
20241024;100500;3.7495;1500;11333394387;B
20241024;100500;3.7515;2700;11333394388;B
20241024;100500;3.752;1100;11333394389;B
20241024;100503;3.7515;47900;11333395384;S
20241024;100503;3.7515;12400;11333395385;S
20241024;100503;3.7515;2600;11333395386;S
20241024;100503;3.751;2100;11333395387;S
20241024;100503;3.751;2300;11333395388;S
20241024;100503;3.7495;28600;11333395389;S
20241024;100503;3.749;45000;11333395390;S
20241024;100503;3.748;100;11333395391;S
20241024;100503;3.748;8000;11333395392;S
20241024;100503;3.7475;500;11333395393;S
20241024;100503;3.747;2000;11333395394;S
20241024;100503;3.747;29500;11333395395;S
20241024;100503;3.752;3300;11333395399;B
20241024;100503;3.752;10600;11333395400;B
20241024;100504;3.7525;2200;11333395650;S
20241024;100504;3.7515;15700;11333395651;S
20241024;100506;3.753;100;11333396182;B
20241024;100513;3.752;1800;11333397608;S
20241024;100518;3.753;100;11333398821;B
20241024;100519;3.7515;400;11333399079;S
20241024;100519;3.7515;2100;11333399080;S
20241024;100519;3.7515;3400;11333399081;S
20241024;100520;3.7515;1900;11333399156;B
20241024;100524;3.7505;1000;11333399801;S
20241024;100525;3.7505;200;11333400083;S
20241024;100528;3.7515;400;11333400600;B
20241024;100529;3.7515;300;11333400771;B
20241024;100530;3.7505;100;11333400849;S
20241024;100536;3.7505;1600;11333401856;S
20241024;100536;3.7495;2400;11333401857;S
20241024;100536;3.7505;1400;11333402012;S
20241024;100536;3.749;4400;11333402013;S
20241024;100536;3.7485;200;11333402014;S
20241024;100536;3.7485;1800;11333402015;S
20241024;100536;3.7485;6800;11333402018;S
20241024;100538;3.749;100;11333402463;B
20241024;100538;3.749;100;11333402467;B
20241024;100541;3.751;100;11333402983;B
20241024;100542;3.7485;12400;11333403046;S
20241024;100542;3.7485;2000;11333403047;S
20241024;100542;3.7485;4700;11333403048;S
20241024;100542;3.748;1300;11333403049;S
20241024;100542;3.748;14600;11333403050;S
20241024;100543;3.747;600;11333403315;S
20241024;100543;3.747;1100;11333403316;S
20241024;100543;3.747;8000;11333403317;S
20241024;100543;3.7465;100;11333403318;S
20241024;100543;3.746;800;11333403319;S
20241024;100543;3.746;29400;11333403320;S
20241024;100543;3.746;37500;11333403321;S
20241024;100548;3.747;1000;11333404035;S
20241024;100548;3.747;8000;11333404036;S
20241024;100548;3.747;1700;11333404193;B
20241024;100549;3.747;2300;11333404333;S
20241024;100551;3.749;100;11333404663;B
20241024;100551;3.749;200;11333404664;B
20241024;100559;3.749;100;11333406286;B
20241024;100603;3.747;900;11333407126;S
20241024;100603;3.746;100;11333407127;S
20241024;100603;3.7455;4700;11333407128;S
20241024;100605;3.7455;500;11333407619;S
20241024;100606;3.745;1300;11333407868;S
20241024;100606;3.745;700;11333407869;S
20241024;100606;3.745;3100;11333407870;S
20241024;100607;3.745;1900;11333408091;S
20241024;100607;3.748;100;11333408193;B
20241024;100608;3.746;800;11333408523;S
20241024;100608;3.746;200;11333408524;S
20241024;100613;3.746;800;11333409648;S
20241024;100613;3.746;2300;11333409649;S
20241024;100617;3.748;100;11333410637;B
20241024;100617;3.746;700;11333410725;S
20241024;100617;3.7455;2300;11333410726;S
20241024;100620;3.7455;5300;11333411579;S
20241024;100620;3.7455;4300;11333411580;S
20241024;100620;3.7455;200;11333411581;S
20241024;100620;3.745;2700;11333411582;S
20241024;100621;3.745;3800;11333411820;S
20241024;100621;3.745;3000;11333411932;S
20241024;100625;3.745;25500;11333412794;S
20241024;100625;3.745;3300;11333412795;S
20241024;100625;3.745;1200;11333412796;S
20241024;100626;3.745;300;11333413002;S
20241024;100632;3.745;100;11333414102;S
20241024;100636;3.747;300;11333414905;B
20241024;100637;3.747;100;11333415125;B
20241024;100638;3.745;400;11333415155;S
20241024;100644;3.7455;3000;11333416544;S
20241024;100648;3.7455;3900;11333417283;S
20241024;100648;3.745;3000;11333417284;S
20241024;100648;3.745;1500;11333417285;S
20241024;100648;3.745;600;11333417286;S
20241024;100648;3.745;1200;11333417287;S
20241024;100649;3.7465;200;11333417389;B
20241024;100649;3.7465;200;11333417442;B
20241024;100650;3.745;600;11333417673;S
20241024;100650;3.7445;100;11333417674;S
20241024;100650;3.744;100;11333417675;S
20241024;100650;3.743;2000;11333417676;S
20241024;100650;3.743;12400;11333417679;S
20241024;100653;3.7445;1000;11333418247;B
20241024;100654;3.7445;2000;11333418306;B
20241024;100704;3.7465;100;11333419639;B
20241024;100706;3.7455;300;11333419870;S
20241024;100706;3.744;500;11333419871;S
20241024;100706;3.744;500;11333419872;S
20241024;100706;3.744;3000;11333419873;S
20241024;100706;3.7435;1700;11333419874;S
20241024;100709;3.743;100;11333420419;S
20241024;100709;3.743;3400;11333420420;S
20241024;100716;3.746;200;11333421445;B
20241024;100716;3.746;800;11333421446;B
20241024;100733;3.7455;200;11333424571;B
20241024;100737;3.7435;400;11333425267;S
20241024;100737;3.743;100;11333425268;S
20241024;100737;3.743;3700;11333425269;S
20241024;100737;3.7425;3700;11333425270;S
20241024;100737;3.7425;4800;11333425271;S
20241024;100742;3.744;10000;11333426208;B
20241024;100754;3.7455;1400;11333428370;B
20241024;100754;3.7455;6600;11333428427;B
20241024;100758;3.7455;2500;11333429273;B
20241024;100758;3.7455;3500;11333429274;B
20241024;100759;3.744;100;11333429582;S
20241024;100800;3.7455;1000;11333429781;B
20241024;100804;3.7455;1000;11333430518;B
20241024;100806;3.744;1900;11333430993;S
20241024;100809;3.7455;100;11333431430;B
20241024;100810;3.7455;100;11333431501;B
20241024;100811;3.744;100;11333431780;S
20241024;100813;3.7455;2100;11333432128;B
20241024;100816;3.7455;7000;11333432755;B
20241024;100820;3.745;700;11333433339;S
20241024;100820;3.7455;22000;11333433341;B
20241024;100821;3.7455;900;11333433546;B
20241024;100821;3.7455;6600;11333433578;B
20241024;100822;3.7455;200;11333433861;B
20241024;100826;3.7455;100;11333434505;B
20241024;100842;3.7455;2500;11333437918;B
20241024;100848;3.745;300;11333438836;S
20241024;100848;3.745;10400;11333438837;S
20241024;100850;3.7455;1000;11333439348;B
20241024;100851;3.7455;300;11333439461;B
20241024;100851;3.7455;900;11333439509;B
20241024;100855;3.7455;100;11333440521;B
20241024;100858;3.7455;200;11333441245;B
20241024;100900;3.7455;500;11333441796;B
20241024;100900;3.7455;100;11333441820;B
20241024;100904;3.7455;100;11333442516;B
20241024;100905;3.7455;6200;11333442664;B
20241024;100907;3.745;100;11333442919;S
20241024;100907;3.745;100;11333442920;S
20241024;100908;3.745;100;11333443192;S
20241024;100908;3.7445;6000;11333443194;S
20241024;100908;3.7455;500;11333443317;B
20241024;100912;3.7455;400;11333443866;B
20241024;100912;3.744;8100;11333444069;S
20241024;100912;3.744;8200;11333444181;S
20241024;100913;3.744;5000;11333444296;S
20241024;100915;3.744;3100;11333444882;S
20241024;100916;3.744;5100;11333445041;S
20241024;100916;3.744;10200;11333445251;S
20241024;100918;3.7455;100;11333445556;B
20241024;100919;3.7455;100;11333445879;B
20241024;100921;3.745;300;11333446260;S
20241024;100921;3.7445;8400;11333446261;S
20241024;100921;3.7445;5700;11333446262;S
20241024;100922;3.744;2800;11333446446;S
20241024;100925;3.743;100;11333447237;S
20241024;100925;3.743;400;11333447238;S
20241024;100925;3.743;1500;11333447239;S
20241024;100928;3.745;100;11333447887;B
20241024;100929;3.744;100;11333447946;S
20241024;100929;3.7435;400;11333447947;S
20241024;100930;3.743;200;11333448130;S
20241024;100932;3.743;400;11333448534;S
20241024;100932;3.743;1600;11333448535;S
20241024;100934;3.743;300;11333448967;S
20241024;100934;3.743;700;11333448968;S
20241024;100935;3.743;3100;11333449322;S
20241024;100936;3.743;12200;11333449602;S
20241024;100938;3.7445;400;11333450057;S
20241024;100941;3.7445;4000;11333450467;S
20241024;100941;3.745;100;11333450544;B
20241024;100944;3.745;100;11333451012;B
20241024;100948;3.7445;5600;11333451441;S
20241024;100948;3.7435;3400;11333451442;S
20241024;100954;3.745;1000;11333452148;B
20241024;100956;3.745;100;11333452555;B
20241024;101000;3.7445;200;11333453129;B
20241024;101001;3.7445;900;11333453254;B
20241024;101005;3.7435;400;11333453722;S
20241024;101005;3.743;300;11333453723;S
20241024;101005;3.743;100;11333453724;S
20241024;101005;3.7425;6000;11333453725;S
20241024;101005;3.7425;100;11333453726;S
20241024;101005;3.7425;4400;11333453727;S
20241024;101005;3.742;100;11333453728;S
20241024;101005;3.742;3000;11333453729;S
20241024;101005;3.742;600;11333453730;S
20241024;101006;3.744;600;11333453868;B
20241024;101011;3.744;100;11333454376;B
20241024;101013;3.744;100;11333454660;B
20241024;101021;3.742;200;11333455883;S
20241024;101021;3.742;100;11333455884;S
20241024;101021;3.742;100;11333455885;S
20241024;101021;3.742;700;11333455886;S
20241024;101038;3.743;400;11333458390;B
20241024;101040;3.742;15200;11333458739;S
20241024;101049;3.742;6600;11333460529;S
20241024;101049;3.742;7500;11333460530;S
20241024;101049;3.742;100;11333460531;S
20241024;101049;3.742;100;11333460532;S
20241024;101049;3.742;10000;11333460533;S
20241024;101053;3.7415;600;11333461345;S
20241024;101053;3.7415;100;11333461346;S
20241024;101053;3.7415;1500;11333461347;S
20241024;101054;3.7415;1300;11333461370;B
20241024;101054;3.7415;1200;11333461406;B
20241024;101054;3.7415;1100;11333461450;B
20241024;101054;3.7415;900;11333461465;S
20241024;101056;3.7415;700;11333461915;B
20241024;101058;3.7415;100;11333462235;B
20241024;101103;3.741;40000;11333463216;S
20241024;101103;3.741;100;11333463217;S
20241024;101103;3.741;3000;11333463218;S
20241024;101103;3.741;100;11333463219;S
20241024;101103;3.7405;500;11333463285;S
20241024;101103;3.7405;1000;11333463286;S
20241024;101103;3.7405;100;11333463287;S
20241024;101103;3.7405;100;11333463288;S
20241024;101103;3.7405;100;11333463289;S
20241024;101103;3.7405;1000;11333463290;S
20241024;101103;3.741;1000;11333463292;B
20241024;101103;3.74;100;11333463314;S
20241024;101103;3.74;100;11333463315;S
20241024;101103;3.74;300;11333463316;S
20241024;101103;3.74;2700;11333463317;S
20241024;101103;3.74;3000;11333463318;S
20241024;101103;3.74;1000;11333463319;S
20241024;101103;3.74;100;11333463320;S
20241024;101103;3.74;100;11333463321;S
20241024;101103;3.74;100;11333463322;S
20241024;101103;3.74;100;11333463323;S
20241024;101103;3.74;100;11333463324;S
20241024;101103;3.74;100;11333463325;S
20241024;101103;3.74;500;11333463326;S
20241024;101103;3.74;100;11333463327;S
20241024;101103;3.74;100;11333463328;S
20241024;101103;3.74;2500;11333463329;S
20241024;101103;3.74;100;11333463330;S
20241024;101103;3.74;8500;11333463331;S
20241024;101103;3.74;17000;11333463450;S
20241024;101103;3.74;100;11333463451;S
20241024;101103;3.74;100;11333463452;S
20241024;101103;3.74;300;11333463453;S
20241024;101103;3.74;300;11333463454;S
20241024;101103;3.7395;100;11333463455;S
20241024;101103;3.7395;100;11333463456;S
20241024;101103;3.7395;100;11333463457;S
20241024;101103;3.739;100;11333463458;S
20241024;101103;3.739;1500;11333463459;S
20241024;101103;3.739;2500;11333463460;S
20241024;101103;3.739;100;11333463461;S
20241024;101103;3.739;100;11333463462;S
20241024;101103;3.739;100;11333463463;S
20241024;101103;3.7385;100;11333463464;S
20241024;101103;3.7385;6000;11333463465;S
20241024;101103;3.738;100;11333463466;S
20241024;101103;3.738;12000;11333463467;S
20241024;101103;3.738;9300;11333463468;S
20241024;101103;3.738;900;11333463830;S
20241024;101103;3.7375;1000;11333463897;S
20241024;101103;3.7375;100;11333463898;S
20241024;101103;3.737;100;11333463899;S
20241024;101103;3.737;100;11333463900;S
20241024;101103;3.737;2900;11333463901;S
20241024;101103;3.737;3600;11333463902;S
20241024;101103;3.7375;100;11333463957;B
20241024;101103;3.737;6300;11333464100;S
20241024;101103;3.7365;300;11333464101;S
20241024;101104;3.7365;2200;11333464168;S
20241024;101104;3.7365;100;11333464169;S
20241024;101104;3.7365;100;11333464170;S
20241024;101104;3.7365;100;11333464171;S
20241024;101104;3.736;100;11333464172;S
20241024;101104;3.736;100;11333464173;S
20241024;101104;3.736;800;11333464174;S
20241024;101104;3.7355;100;11333464175;S
20241024;101104;3.7355;4000;11333464176;S
20241024;101104;3.735;100;11333464177;S
20241024;101104;3.7345;1200;11333464178;S
20241024;101104;3.7345;100;11333464179;S
20241024;101104;3.7345;1400;11333464180;S
20241024;101104;3.734;1000;11333464237;S
20241024;101104;3.734;3000;11333464238;S
20241024;101104;3.734;200;11333464239;S
20241024;101104;3.734;100;11333464240;S
20241024;101104;3.734;20000;11333464241;S
20241024;101104;3.734;100;11333464242;S
20241024;101104;3.7335;100;11333464243;S
20241024;101104;3.7335;5500;11333464244;S
20241024;101104;3.7335;42600;11333464303;S
20241024;101104;3.733;100;11333464304;S
20241024;101104;3.733;7300;11333464305;S
20241024;101104;3.736;100;11333464452;B
20241024;101106;3.736;500;11333464910;B
20241024;101106;3.736;100;11333464998;B
20241024;101110;3.736;3000;11333465522;B
20241024;101111;3.736;200;11333465594;B
20241024;101121;3.735;100;11333467295;B
20241024;101121;3.735;1000;11333467435;B
20241024;101122;3.735;11300;11333467567;B
20241024;101122;3.735;3800;11333467568;B
20241024;101123;3.735;100;11333467704;B
20241024;101124;3.735;15100;11333467742;B
20241024;101124;3.7345;200;11333467803;S
20241024;101124;3.7345;200;11333467804;S
20241024;101127;3.7345;100;11333468326;S
20241024;101129;3.735;100;11333468709;B
20241024;101132;3.7345;100;11333469220;B
20241024;101132;3.7345;11900;11333469221;B
20241024;101133;3.7345;1000;11333469395;B
20241024;101134;3.734;100;11333469554;S
20241024;101137;3.734;300;11333469900;S
20241024;101137;3.734;700;11333469901;S
20241024;101137;3.734;100;11333469902;S
20241024;101142;3.7335;2000;11333470653;B
20241024;101142;3.7325;100;11333470690;S
20241024;101142;3.732;200;11333470691;S
20241024;101142;3.7335;2700;11333470727;B
20241024;101143;3.7335;1000;11333470778;B
20241024;101143;3.733;200;11333470926;B
20241024;101143;3.7335;200;11333470930;B
20241024;101144;3.733;200;11333471035;S
20241024;101144;3.733;200;11333471036;S
20241024;101148;3.7325;100;11333471615;B
20241024;101149;3.7325;100;11333471903;B
20241024;101152;3.7325;4000;11333472291;B
20241024;101200;3.7325;100;11333473443;B
20241024;101200;3.7325;100;11333473458;B
20241024;101210;3.7325;100;11333475049;B
20241024;101211;3.7325;1000;11333475161;B
20241024;101219;3.7325;100;11333476770;B
20241024;101221;3.7325;1000;11333477027;B
20241024;101223;3.732;100;11333477367;S
20241024;101223;3.732;100;11333477368;S
20241024;101223;3.7315;500;11333477369;S
20241024;101223;3.7315;100;11333477370;S
20241024;101223;3.7315;600;11333477371;S
20241024;101223;3.7315;100;11333477372;S
20241024;101223;3.7315;200;11333477373;S
20241024;101223;3.731;1400;11333477374;S
20241024;101225;3.731;38600;11333477663;S
20241024;101225;3.731;1100;11333477664;S
20241024;101225;3.731;100;11333477665;S
20241024;101225;3.731;200;11333477666;S
20241024;101225;3.731;100;11333477667;S
20241024;101225;3.731;9900;11333477668;S
20241024;101229;3.731;900;11333478422;S
20241024;101233;3.731;29200;11333479082;S
20241024;101233;3.731;100;11333479083;S
20241024;101240;3.7305;1900;11333480118;B
20241024;101243;3.73;100;11333480689;S
20241024;101243;3.73;300;11333480690;S
20241024;101243;3.73;100;11333480691;S
20241024;101243;3.73;100;11333480692;S
20241024;101243;3.73;3000;11333480693;S
20241024;101243;3.7305;200;11333480851;B
20241024;101243;3.7305;2400;11333480852;B
20241024;101244;3.73;1000;11333480968;S
20241024;101244;3.7305;100;11333481026;B
20241024;101244;3.7305;100;11333481030;B
20241024;101244;3.7305;300;11333481041;B
20241024;101244;3.7305;200;11333481042;B
20241024;101244;3.7305;200;11333481044;B
20241024;101244;3.7305;200;11333481046;B
20241024;101244;3.7305;300;11333481049;B
20241024;101249;3.73;100;11333481754;S
20241024;101251;3.73;300;11333482312;S
20241024;101258;3.7305;1000;11333483280;B
20241024;101305;3.73;600;11333484506;S
20241024;101305;3.73;3300;11333484507;S
20241024;101308;3.73;500;11333484987;S
20241024;101308;3.7305;100;11333485120;B
20241024;101311;3.7305;200;11333485532;B
20241024;101312;3.73;300;11333485667;S
20241024;101314;3.73;2100;11333485973;S
20241024;101318;3.7305;100;11333486371;B
20241024;101327;3.7305;20000;11333487846;B
20241024;101327;3.7305;200;11333487935;B
20241024;101333;3.7305;1500;11333489119;B
20241024;101334;3.73;100;11333489396;S
20241024;101335;3.7305;300;11333489768;B
20241024;101335;3.7305;100;11333489856;B
20241024;101336;3.73;10000;11333489909;S
20241024;101342;3.7305;100;11333491280;B
20241024;101342;3.7305;300;11333491422;B
20241024;101355;3.7305;300;11333494386;B
20241024;101403;3.7305;11000;11333495775;B
20241024;101406;3.7305;100;11333496494;B
20241024;101407;3.7305;200;11333496540;B
20241024;101410;3.73;500;11333497003;S
20241024;101410;3.7305;8000;11333497070;B
20241024;101411;3.7305;2000;11333497154;B
20241024;101412;3.7305;20000;11333497415;B
20241024;101413;3.7305;100;11333497510;B
20241024;101414;3.73;11200;11333497684;S
20241024;101415;3.73;2000;11333497901;S
20241024;101415;3.73;100;11333497902;S
20241024;101415;3.73;5000;11333497903;S
20241024;101415;3.73;100;11333497904;S
20241024;101415;3.73;700;11333497905;S
20241024;101415;3.73;1000;11333497906;S
20241024;101415;3.73;100;11333497907;S
20241024;101415;3.73;1000;11333497908;S
20241024;101415;3.73;1100;11333497909;S
20241024;101416;3.73;1500;11333497983;S
20241024;101418;3.7305;100;11333498660;B
20241024;101418;3.7305;6100;11333498873;B
20241024;101420;3.7305;100;11333499411;B
20241024;101430;3.7305;4000;11333501028;B
20241024;101430;3.7305;1000;11333501131;B
20241024;101432;3.7305;6100;11333501662;B
20241024;101434;3.7305;2000;11333502127;B
20241024;101447;3.7305;2500;11333505055;B
20241024;101453;3.73;3500;11333506090;S
20241024;101456;3.7305;1000;11333506581;B
20241024;101459;3.7305;300;11333507013;B
20241024;101500;3.73;24800;11333507313;S
20241024;101501;3.73;13100;11333507593;S
20241024;101503;3.73;6000;11333507980;S
20241024;101503;3.73;300;11333507981;S
20241024;101503;3.73;100;11333507982;S
20241024;101503;3.73;100;11333507983;S
20241024;101503;3.73;1000;11333507984;S
20241024;101503;3.73;1500;11333507985;S
20241024;101503;3.73;100;11333507986;S
20241024;101503;3.73;1500;11333507987;S
20241024;101503;3.73;400;11333507988;S
20241024;101503;3.73;100;11333507989;S
20241024;101503;3.73;1000;11333507990;S
20241024;101503;3.73;1000;11333507991;S
20241024;101504;3.7305;100;11333508361;B
20241024;101505;3.73;1100;11333508411;S
20241024;101505;3.73;100;11333508412;S
20241024;101505;3.73;300;11333508413;S
20241024;101507;3.7305;100;11333508769;B
20241024;101513;3.73;100;11333510385;S
20241024;101516;3.7305;500;11333511359;B
20241024;101517;3.73;100;11333511767;S
20241024;101527;3.73;100;11333514658;S
20241024;101528;3.73;700;11333514890;S
20241024;101529;3.7305;7100;11333515186;B
20241024;101532;3.7305;20000;11333516015;B
20241024;101532;3.7305;3100;11333516024;B
20241024;101532;3.7305;10500;11333516062;B
20241024;101533;3.7305;5000;11333516104;B
20241024;101533;3.7305;1100;11333516105;B
20241024;101533;3.7305;100;11333516144;B
20241024;101533;3.7305;1200;11333516191;B
20241024;101534;3.7305;100;11333516447;B
20241024;101539;3.7305;100;11333517395;B
20241024;101539;3.7305;500;11333517470;B
20241024;101539;3.7305;100;11333517522;B
20241024;101539;3.7305;5000;11333517561;B
20241024;101540;3.7305;500;11333517811;B
20241024;101541;3.7305;1000;11333517978;B
20241024;101541;3.7305;100;11333518070;B
20241024;101542;3.7305;100;11333518270;B
20241024;101544;3.73;300;11333518609;S
20241024;101544;3.73;100;11333518610;S
20241024;101544;3.73;2500;11333518611;S
20241024;101544;3.73;8300;11333518612;S
20241024;101544;3.7305;100;11333518706;B
20241024;101545;3.7305;100;11333518810;B
20241024;101545;3.7305;200;11333518816;B
20241024;101545;3.7305;100;11333518817;B
20241024;101545;3.7305;200;11333518818;B
20241024;101547;3.7305;300;11333519118;B
20241024;101547;3.7305;500;11333519152;B
20241024;101547;3.7305;500;11333519216;B
20241024;101547;3.7305;2100;11333519242;B
20241024;101547;3.7305;100;11333519245;B
20241024;101549;3.7305;200;11333519600;B
20241024;101551;3.7305;500;11333519993;B
20241024;101554;3.7305;30000;11333520565;B
20241024;101554;3.7305;100;11333520642;B
20241024;101554;3.7305;100;11333520688;B
20241024;101556;3.7305;100;11333520883;B
20241024;101556;3.7305;7400;11333520992;B
20241024;101557;3.7305;100;11333521254;B
20241024;101558;3.7305;500;11333521349;B
20241024;101603;3.7305;2600;11333522271;B
20241024;101607;3.73;100;11333522946;S
20241024;101607;3.73;9000;11333523144;S
20241024;101607;3.7305;100;11333523203;B
20241024;101609;3.73;100;11333523474;S
20241024;101609;3.73;900;11333523475;S
20241024;101610;3.7305;100;11333523744;B
20241024;101610;3.7305;2500;11333523757;B
20241024;101612;3.7305;1000;11333523976;B
20241024;101613;3.73;4100;11333524610;S
20241024;101613;3.73;600;11333524611;S
20241024;101613;3.73;500;11333524612;S
20241024;101613;3.73;9400;11333524613;S
20241024;101613;3.73;15700;11333524724;S
20241024;101616;3.7295;200;11333525307;S
20241024;101619;3.7305;200;11333525749;B
20241024;101619;3.7305;200;11333525924;B
20241024;101619;3.7305;200;11333525925;B
20241024;101620;3.73;2100;11333525991;S
20241024;101621;3.7305;200;11333526212;B
20241024;101624;3.73;200;11333526651;S
20241024;101626;3.7305;100;11333526941;B
20241024;101626;3.73;1000;11333527266;S
20241024;101628;3.7305;100;11333527553;B
20241024;101631;3.73;1000;11333528281;S
20241024;101632;3.73;5100;11333528821;S
20241024;101633;3.73;1000;11333529078;S
20241024;101634;3.7305;300;11333529584;B
20241024;101635;3.7305;100;11333529882;B
20241024;101635;3.73;6100;11333529905;S
20241024;101636;3.73;9100;11333530183;S
20241024;101640;3.73;1000;11333531162;S
20241024;101646;3.73;5100;11333531926;S
20241024;101647;3.73;12200;11333532221;S
20241024;101650;3.73;3000;11333533058;S
20241024;101651;3.73;6100;11333533286;S
20241024;101651;3.73;9100;11333533454;S
20241024;101652;3.7305;100;11333533683;B
20241024;101655;3.73;4100;11333534696;S
20241024;101656;3.7305;5000;11333534864;B
20241024;101700;3.73;5300;11333535400;S
20241024;101700;3.7305;500;11333535461;B
20241024;101704;3.73;14200;11333536025;S
20241024;101705;3.73;2000;11333536162;S
20241024;101706;3.73;100;11333536299;S
20241024;101706;3.73;1000;11333536303;S
20241024;101712;3.73;100;11333537335;S
20241024;101714;3.73;700;11333537792;S
20241024;101714;3.73;100;11333537793;S
20241024;101714;3.73;300;11333537794;S
20241024;101714;3.73;10100;11333537795;S
20241024;101715;3.73;2200;11333537848;S
20241024;101716;3.7305;200;11333537985;B
20241024;101717;3.73;7700;11333538156;S
20241024;101717;3.73;20000;11333538157;S
20241024;101717;3.73;200;11333538158;S
20241024;101717;3.7295;1700;11333538159;S
20241024;101717;3.729;300;11333538160;S
20241024;101717;3.729;200;11333538161;S
20241024;101717;3.729;100;11333538162;S
20241024;101717;3.729;100;11333538163;S
20241024;101717;3.729;100;11333538164;S
20241024;101717;3.729;12400;11333538165;S
20241024;101717;3.729;7200;11333538166;S
20241024;101721;3.7295;2000;11333538978;B
20241024;101721;3.7295;1000;11333538979;B
20241024;101721;3.7295;200;11333539051;B
20241024;101721;3.7295;300;11333539057;B
20241024;101723;3.7295;10200;11333539607;B
20241024;101727;3.7295;100;11333543880;B
20241024;101735;3.7295;13800;11333547005;B
20241024;101736;3.7295;3100;11333547401;B
20241024;101742;3.7295;100;11333549363;B
20241024;101743;3.7295;100;11333549425;B
20241024;101746;3.7295;1000;11333550317;B
20241024;101750;3.7295;100;11333551349;B
20241024;101752;3.7295;400;11333551800;B
20241024;101756;3.7295;200;11333553298;B
20241024;101800;3.729;100;11333554761;S
20241024;101804;3.7295;500;11333556495;B
20241024;101805;3.7295;7100;11333556631;B
20241024;101806;3.729;100;11333556962;S
20241024;101807;3.7295;95800;11333557184;B
20241024;101807;3.7295;44700;11333557185;B
20241024;101807;3.7295;500;11333557186;B
20241024;101807;3.732;9100;11333557280;B
20241024;101807;3.7315;2000;11333557287;S
20241024;101807;3.7315;48200;11333557288;S
20241024;101807;3.7315;12400;11333557289;S
20241024;101807;3.731;1600;11333557290;S
20241024;101807;3.73;29400;11333557291;S
20241024;101807;3.73;40400;11333557292;S
20241024;101807;3.731;48200;11333557407;S
20241024;101807;3.731;1400;11333557408;S
20241024;101807;3.7305;12400;11333557409;S
20241024;101807;3.7295;72000;11333557410;S
20241024;101807;3.73;48200;11333557513;S
20241024;101807;3.7295;85800;11333557514;S
20241024;101807;3.7295;1200;11333557515;S
20241024;101807;3.732;900;11333557537;B
20241024;101807;3.732;5700;11333557538;B
20241024;101811;3.732;500;11333558469;B
20241024;101817;3.732;600;11333559700;B
20241024;101818;3.732;100;11333560078;B
20241024;101830;3.7315;100;11333562722;B
20241024;101830;3.7315;1800;11333562742;B
20241024;101834;3.7315;100;11333563529;B
20241024;101836;3.7315;8800;11333564001;B
20241024;101837;3.7315;11800;11333564301;B
20241024;101839;3.7305;100;11333564851;S
20241024;101844;3.7305;11200;11333565928;S
20241024;101845;3.7315;100;11333566281;B
20241024;101850;3.7315;1000;11333567826;B
20241024;101851;3.7315;4000;11333568112;B
20241024;101853;3.7315;4000;11333568745;B
20241024;101854;3.7315;500;11333568885;B
20241024;101855;3.7315;12200;11333569098;B
20241024;101858;3.7315;12000;11333570077;B
20241024;101859;3.7315;400;11333570450;B
20241024;101859;3.7315;17000;11333570451;B
20241024;101900;3.731;500;11333570713;S
20241024;101906;3.731;1900;11333571825;S
20241024;101907;3.731;400;11333571920;S
20241024;101908;3.7315;1200;11333572076;B
20241024;101921;3.7315;500;11333574313;B
20241024;101922;3.7315;100;11333574673;B
20241024;101923;3.7315;1000;11333574840;B
20241024;101927;3.731;100;11333575256;S
20241024;101931;3.731;12400;11333575858;S
20241024;101931;3.731;35200;11333575859;S
20241024;101931;3.731;22400;11333575860;S
20241024;101933;3.7315;1000;11333576209;B
20241024;101934;3.7315;100;11333576320;B
20241024;101935;3.7315;27000;11333576411;B
20241024;101935;3.7315;100;11333576438;B
20241024;101938;3.7315;3400;11333576859;B
20241024;101938;3.7315;1000;11333577000;B
20241024;101942;3.7315;100;11333577350;B
20241024;101944;3.7315;1000;11333577818;B
20241024;101949;3.7315;500;11333578416;B
20241024;101950;3.7315;1300;11333578647;B
20241024;101953;3.7315;1400;11333578978;B
20241024;101959;3.7315;2000;11333579614;B
20241024;102001;3.731;12200;11333579899;S
20241024;102001;3.731;100;11333579900;S
20241024;102001;3.731;3700;11333579901;S
20241024;102007;3.7315;1400;11333580721;B
20241024;102008;3.7315;100;11333580760;B
20241024;102010;3.7315;500;11333581147;B
20241024;102011;3.7315;11800;11333581419;B
20241024;102011;3.7315;6600;11333581420;B
20241024;102013;3.7315;500;11333581666;B
20241024;102013;3.7315;400;11333581667;B
20241024;102013;3.7315;10900;11333581668;B
20241024;102014;3.731;900;11333582093;S
20241024;102014;3.731;400;11333582094;S
20241024;102014;3.731;9900;11333582095;S
20241024;102033;3.7315;100;11333593152;B
20241024;102037;3.7315;2000;11333595894;B
20241024;102040;3.7315;100;11333597874;B
20241024;102045;3.7315;200;11333600553;B
20241024;102045;3.7315;120600;11333601027;B
20241024;102045;3.732;12400;11333601028;B
20241024;102045;3.7325;100;11333601029;B
20241024;102045;3.7325;12200;11333601030;B
20241024;102045;3.733;7300;11333601031;B
20241024;102045;3.7335;100;11333601032;B
20241024;102045;3.734;2000;11333601033;B
20241024;102046;3.7345;1300;11333601197;S
20241024;102046;3.734;125000;11333601198;S
20241024;102046;3.734;7600;11333601199;S
20241024;102046;3.734;133900;11333601331;S
20241024;102052;3.736;100;11333604601;B
20241024;102052;3.7345;100;11333605066;S
20241024;102057;3.7345;100;11333607706;S
20241024;102057;3.7345;100;11333607749;S
20241024;102057;3.734;100;11333607761;S
20241024;102057;3.734;100;11333607762;S
20241024;102057;3.734;100;11333607779;S
20241024;102057;3.734;100;11333607783;S
20241024;102057;3.734;100;11333607830;S
20241024;102057;3.734;100;11333607869;S
20241024;102057;3.7345;100;11333607920;S
20241024;102057;3.734;100;11333608008;S
20241024;102057;3.734;100;11333608069;S
20241024;102057;3.734;100;11333608101;S
20241024;102057;3.7345;100;11333608133;S
20241024;102059;3.7345;100;11333608788;S
20241024;102059;3.7345;100;11333609139;S
20241024;102101;3.7345;100;11333609986;S
20241024;102101;3.7345;100;11333610276;S
20241024;102103;3.7345;100;11333611158;S
20241024;102103;3.7345;100;11333611517;S
20241024;102103;3.7345;100;11333611533;S
20241024;102103;3.734;100;11333611537;S
20241024;102103;3.734;100;11333611584;S
20241024;102103;3.734;100;11333611585;S
20241024;102103;3.734;100;11333611608;S
20241024;102103;3.734;100;11333611609;S
20241024;102103;3.734;100;11333611646;S
20241024;102104;3.7345;100;11333612215;S
20241024;102105;3.7345;100;11333612391;S
20241024;102105;3.734;100;11333612431;S
20241024;102105;3.734;100;11333612463;S
20241024;102105;3.736;500;11333612555;B
20241024;102105;3.7345;100;11333612871;S
20241024;102105;3.734;100;11333612894;S
20241024;102105;3.734;100;11333612927;S
20241024;102107;3.7345;100;11333613738;S
20241024;102107;3.734;100;11333613762;S
20241024;102107;3.734;100;11333613776;S
20241024;102107;3.734;100;11333613801;S
20241024;102107;3.734;100;11333613845;S
20241024;102107;3.734;100;11333613899;S
20241024;102109;3.7345;100;11333614686;S
20241024;102109;3.734;100;11333614733;S
20241024;102109;3.734;100;11333614774;S
20241024;102109;3.734;100;11333614811;S
20241024;102109;3.734;100;11333614837;S
20241024;102109;3.7345;100;11333614876;S
20241024;102110;3.7345;100;11333615286;S
20241024;102110;3.734;100;11333615304;S
20241024;102110;3.734;100;11333615319;S
20241024;102110;3.734;100;11333615346;S
20241024;102110;3.734;100;11333615398;S
20241024;102112;3.7345;100;11333616910;S
20241024;102113;3.7345;100;11333617356;S
20241024;102113;3.734;100;11333617375;S
20241024;102113;3.736;100;11333617378;B
20241024;102113;3.734;100;11333617387;S
20241024;102113;3.734;100;11333617404;S
20241024;102114;3.7345;100;11333617804;S
20241024;102115;3.734;100;11333617825;S
20241024;102115;3.734;100;11333617844;S
20241024;102115;3.7345;100;11333617927;S
20241024;102115;3.734;100;11333617944;S
20241024;102115;3.734;100;11333617968;S
20241024;102115;3.734;100;11333617988;S
20241024;102115;3.7345;100;11333618042;S
20241024;102115;3.734;100;11333618066;S
20241024;102116;3.7345;100;11333618253;S
20241024;102117;3.7345;100;11333618404;S
20241024;102118;3.7345;100;11333618813;S
20241024;102119;3.734;100;11333618820;S
20241024;102119;3.734;100;11333618834;S
20241024;102119;3.734;100;11333618838;S
20241024;102119;3.734;100;11333618846;S
20241024;102119;3.734;100;11333618855;S
20241024;102119;3.7345;100;11333618860;S
20241024;102119;3.734;100;11333618863;S
20241024;102119;3.734;100;11333618869;S
20241024;102119;3.734;100;11333618877;S
20241024;102119;3.734;100;11333618880;S
20241024;102123;3.736;500;11333619414;B
20241024;102140;3.7355;100;11333622345;B
20241024;102143;3.7355;10000;11333622777;B
20241024;102144;3.7345;900;11333622876;S
20241024;102145;3.7345;700;11333622960;B
20241024;102146;3.7345;100;11333623208;B
20241024;102149;3.7345;200;11333623765;B
20241024;102150;3.734;100;11333623846;S
20241024;102154;3.7345;1300;11333624401;B
20241024;102200;3.734;3000;11333625342;S
20241024;102204;3.7345;2500;11333625968;B
20241024;102204;3.7345;5500;11333626060;B
20241024;102204;3.7345;8700;11333626061;B
20241024;102207;3.7345;2000;11333626685;B
20241024;102213;3.7345;7100;11333627695;B
20241024;102214;3.7345;1300;11333627845;B
20241024;102217;3.7345;5000;11333629150;B
20241024;102220;3.7345;100;11333629611;B
20241024;102221;3.7345;100;11333629757;B
20241024;102222;3.7345;300;11333629827;B
20241024;102236;3.7345;300;11333632031;B
20241024;102236;3.7345;100;11333632048;B
20241024;102241;3.7345;200;11333632987;B
20241024;102245;3.7345;200;11333633588;B
20241024;102249;3.7345;72500;11333634179;B
20241024;102256;3.7345;1900;11333635121;B
20241024;102259;3.734;400;11333635388;S
20241024;102259;3.7345;600;11333635400;B
20241024;102300;3.7345;400;11333635575;B
20241024;102302;3.7345;100;11333635850;B
20241024;102307;3.7345;5600;11333636467;B
20241024;102309;3.7345;3000;11333636647;B
20241024;102314;3.734;6700;11333637278;S
20241024;102314;3.734;1000;11333637279;S
20241024;102314;3.734;3500;11333637280;S
20241024;102314;3.734;300;11333637286;S
20241024;102320;3.7345;1400;11333638069;B
20241024;102324;3.7345;1000;11333638949;B
20241024;102327;3.7345;100;11333639234;B
20241024;102328;3.734;500;11333639639;S
20241024;102330;3.7345;20300;11333639898;B
20241024;102330;3.7345;1500;11333639900;B
20241024;102330;3.735;100;11333639957;B
20241024;102330;3.7365;2700;11333640024;S
20241024;102330;3.7365;500;11333640025;S
20241024;102330;3.736;300;11333640026;S
20241024;102330;3.7355;300;11333640027;S
20241024;102330;3.7355;48100;11333640028;S
20241024;102330;3.7345;12400;11333640029;S
20241024;102331;3.7345;100;11333640113;B
20241024;102339;3.7345;5000;11333642949;B
20241024;102343;3.7345;100;11333644035;B
20241024;102344;3.7345;100;11333644489;B
20241024;102344;3.7345;100;11333644499;B
20241024;102347;3.7345;900;11333645142;B
20241024;102348;3.7345;300;11333645368;B
20241024;102350;3.7345;100;11333645636;B
20241024;102356;3.7345;100;11333646630;B
20241024;102356;3.7345;100;11333646637;B
20241024;102356;3.7345;100;11333646649;B
20241024;102356;3.7345;100;11333646653;B
20241024;102356;3.7345;100;11333646660;B
20241024;102356;3.7345;100;11333646675;B
20241024;102356;3.7345;100;11333646686;B
20241024;102356;3.7345;100;11333646707;B
20241024;102356;3.7345;100;11333646712;B
20241024;102359;3.7345;500;11333647203;B
20241024;102401;3.734;2000;11333647489;S
20241024;102403;3.7345;17000;11333647693;B
20241024;102409;3.7345;100;11333648489;B
20241024;102410;3.7345;13900;11333648567;B
20241024;102414;3.7345;100;11333649050;B
20241024;102421;3.7345;200;11333650202;B
20241024;102425;3.7345;1200;11333650690;B
20241024;102428;3.7345;600;11333651511;B
20241024;102431;3.7345;20000;11333651943;B
20241024;102441;3.7345;5000;11333653523;B
20241024;102445;3.734;11200;11333654400;S
20241024;102449;3.7345;200;11333655357;B
20241024;102450;3.7345;100;11333655508;B
20241024;102454;3.7345;1200;11333656016;B
20241024;102458;3.7345;100;11333657234;B
20241024;102500;3.7345;1200;11333657536;B
20241024;102502;3.7345;500;11333657784;B
20241024;102502;3.735;500;11333657785;B
20241024;102502;3.7345;3900;11333657835;S
20241024;102502;3.7345;12400;11333657836;S
20241024;102503;3.7345;1000;11333658002;B
20241024;102507;3.7345;3600;11333658477;B
20241024;102514;3.7345;12300;11333659422;B
20241024;102519;3.735;300;11333660532;B
20241024;102520;3.735;100;11333660640;B
20241024;102532;3.735;100;11333663147;B
20241024;102532;3.735;400;11333663189;B
20241024;102533;3.7345;100;11333663277;S
20241024;102535;3.735;100;11333663605;B
20241024;102541;3.735;200;11333664786;B
20241024;102544;3.735;2500;11333665150;B
20241024;102548;3.7345;4100;11333665854;S
20241024;102549;3.7345;2000;11333666137;S
20241024;102551;3.7345;500;11333666393;S
20241024;102557;3.735;100;11333667450;B
20241024;102558;3.735;100;11333667466;B
20241024;102558;3.735;100;11333667481;B
20241024;102558;3.735;100;11333667515;B
20241024;102558;3.735;100;11333667529;B
20241024;102601;3.735;300;11333668011;B
20241024;102604;3.735;100;11333668405;S
20241024;102604;3.735;1600;11333668406;S
20241024;102609;3.736;100;11333669106;B
20241024;102609;3.737;2000;11333669107;B
20241024;102609;3.737;2000;11333669108;B
20241024;102614;3.7385;2400;11333669816;S
20241024;102628;3.7385;100;11333671451;B
20241024;102629;3.7385;1400;11333671716;B
20241024;102639;3.7385;100;11333672994;B
20241024;102640;3.7385;7200;11333673158;B
20241024;102640;3.739;100;11333673159;B
20241024;102640;3.739;1300;11333673160;B
20241024;102640;3.739;12400;11333673161;B
20241024;102640;3.7395;53600;11333673162;B
20241024;102640;3.7395;1300;11333673163;B
20241024;102640;3.74;70000;11333673164;B
20241024;102640;3.74;53600;11333673165;B
20241024;102640;3.74;600;11333673166;B
20241024;102640;3.74;500;11333673167;B
20241024;102640;3.7405;49400;11333673168;B
20241024;102656;3.7405;4200;11333675063;B
20241024;102656;3.7405;12400;11333675064;B
20241024;102656;3.7405;2000;11333675065;B
20241024;102656;3.741;1100;11333675066;B
20241024;102656;3.741;20300;11333675067;B
20241024;102702;3.741;33300;11333676125;B
20241024;102702;3.741;6700;11333676126;B
20241024;102708;3.7415;500;11333676862;B
20241024;102723;3.7415;100;11333679056;B
20241024;102726;3.7415;400;11333679571;B
20241024;102745;3.7405;2200;11333682391;S
20241024;102745;3.7405;300;11333682392;S
20241024;102745;3.7405;1900;11333682408;B
20241024;102745;3.7405;1700;11333682420;B
20241024;102745;3.7405;1600;11333682450;B
20241024;102746;3.7405;1400;11333682512;B
20241024;102746;3.7405;1300;11333682533;B
20241024;102746;3.7405;800;11333682565;B
20241024;102746;3.7405;400;11333682566;B
20241024;102748;3.7415;100;11333682762;B
20241024;102750;3.7415;13500;11333683152;B
20241024;102752;3.7415;1500;11333683424;B
20241024;102757;3.7415;100;11333684060;B
20241024;102758;3.7415;1000;11333684270;B
20241024;102759;3.7415;100;11333684398;B
20241024;102808;3.7415;600;11333686105;B
20241024;102813;3.7415;300;11333686752;B
20241024;102825;3.7415;100;11333688999;B
20241024;102828;3.7415;100;11333689488;B
20241024;102829;3.7405;1000;11333689700;S
20241024;102829;3.7405;4000;11333689701;S
20241024;102832;3.7405;100;11333690016;S
20241024;102834;3.7415;300;11333690323;B
20241024;102844;3.7415;100;11333691778;B
20241024;102850;3.741;300;11333693007;B
20241024;102857;3.7405;200;11333694183;S
20241024;102900;3.741;4600;11333694576;B
20241024;102911;3.7405;6100;11333695996;S
20241024;102911;3.7405;1000;11333696081;S
20241024;102911;3.7405;100;11333696125;S
20241024;102911;3.741;2000;11333696184;B
20241024;102914;3.7405;11100;11333696577;S
20241024;102916;3.7405;2400;11333696954;S
20241024;102916;3.7405;900;11333696955;S
20241024;102916;3.7405;2800;11333696956;S
20241024;102916;3.7405;2200;11333696967;S
20241024;102916;3.7405;1000;11333696968;S
20241024;102916;3.7405;300;11333696969;S
20241024;102918;3.741;400;11333697262;B
20241024;102918;3.74;400;11333697479;S
20241024;102920;3.741;100;11333698187;B
20241024;102921;3.74;600;11333698594;S
20241024;102921;3.74;200;11333698595;S
20241024;102921;3.74;200;11333698596;S
20241024;102923;3.74;100;11333699244;S
20241024;102923;3.74;100;11333699245;S
20241024;102923;3.74;300;11333699246;S
20241024;102923;3.74;300;11333699247;S
20241024;102923;3.739;900;11333699248;S
20241024;102923;3.7385;100;11333699249;S
20241024;102923;3.7375;300;11333699250;S
20241024;102930;3.738;2600;11333700729;B
20241024;102930;3.738;200;11333700772;B
20241024;102939;3.7375;3600;11333701907;B
20241024;102939;3.7375;200;11333701908;B
20241024;102939;3.7375;12400;11333701909;B
20241024;102947;3.7375;10100;11333702724;S
20241024;102951;3.738;100;11333703367;S
20241024;102951;3.7375;6900;11333703368;S
20241024;102951;3.7375;100;11333703369;S
20241024;102951;3.7375;9200;11333703573;S
20241024;102951;3.7375;2000;11333703740;S
20241024;102956;3.7375;2700;11333705010;S
20241024;102957;3.738;400;11333705210;B
20241024;103000;3.7375;300;11333705522;S
20241024;103002;3.738;8800;11333705797;B
20241024;103002;3.738;1100;11333705798;B
20241024;103017;3.741;6600;11333708577;B
20241024;103024;3.741;13500;11333709774;B
20241024;103024;3.7415;100;11333709775;B
20241024;103024;3.7415;12700;11333709776;B
20241024;103024;3.7415;100;11333709823;B
20241024;103038;3.742;100;11333712295;B
20241024;103041;3.742;500;11333713581;B
20241024;103041;3.742;100;11333713582;B
20241024;103041;3.743;7400;11333713584;B
20241024;103045;3.742;1300;11333714460;S
20241024;103047;3.742;100;11333714792;B
20241024;103053;3.742;500;11333716073;B
20241024;103059;3.742;100;11333716817;B
20241024;103111;3.742;300;11333717905;B
20241024;103115;3.741;200;11333718257;S
20241024;103117;3.742;2000;11333718433;B
20241024;103125;3.742;200;11333719264;B
20241024;103132;3.742;200;11333720498;B
20241024;103138;3.742;100;11333721207;B
20241024;103156;3.741;500;11333723093;S
20241024;103156;3.741;1700;11333723094;S
20241024;103156;3.7405;100;11333723095;S
20241024;103156;3.7405;400;11333723096;S
20241024;103156;3.74;100;11333723097;S
20241024;103156;3.74;2600;11333723098;S
20241024;103207;3.7415;300;11333724344;B
20241024;103209;3.7415;300;11333724559;B
20241024;103210;3.741;100;11333724700;S
20241024;103214;3.741;1500;11333725160;S
20241024;103214;3.74;100;11333725224;S
20241024;103214;3.7395;100;11333725225;S
20241024;103214;3.7395;500;11333725226;S
20241024;103214;3.7395;300;11333725227;S
20241024;103215;3.7395;1300;11333725342;S
20241024;103215;3.739;500;11333725343;S
20241024;103217;3.739;1000;11333725559;B
20241024;103228;3.738;100;11333726598;S
20241024;103235;3.739;200;11333727073;B
20241024;103244;3.738;100;11333727870;S
20241024;103244;3.738;100;11333727871;S
20241024;103244;3.738;1200;11333727872;S
20241024;103244;3.738;2000;11333727873;S
20241024;103244;3.7375;31200;11333727874;S
20241024;103244;3.7375;3300;11333728040;S
20241024;103246;3.739;100;11333728403;B
20241024;103254;3.739;4600;11333729197;B
20241024;103254;3.739;100;11333729198;B
20241024;103254;3.739;600;11333729199;B
20241024;103308;3.74;100;11333730784;B
20241024;103315;3.74;100;11333731686;S
20241024;103323;3.7405;100;11333732654;B
20241024;103329;3.7405;200;11333733630;B
20241024;103333;3.7405;9400;11333734066;B
20241024;103333;3.7405;200;11333734067;B
20241024;103333;3.7405;1200;11333734068;B
20241024;103358;3.74;600;11333736259;S
20241024;103358;3.74;200;11333736260;S
20241024;103358;3.7395;1100;11333736261;S
20241024;103358;3.7395;2900;11333736262;S
20241024;103358;3.739;9700;11333736263;S
20241024;103358;3.739;500;11333736264;S
20241024;103358;3.739;2900;11333736265;S
20241024;103358;3.739;4500;11333736266;S
20241024;103406;3.7405;1000;11333736850;B
20241024;103419;3.7405;100;11333738186;B
20241024;103429;3.7405;300;11333739125;B
20241024;103437;3.7405;300;11333740073;B
20241024;103456;3.7405;1000;11333743425;B
20241024;103459;3.7405;100;11333743786;B
20241024;103506;3.7405;100;11333744584;B
20241024;103507;3.7405;2700;11333744660;B
20241024;103514;3.739;100;11333745668;S
20241024;103514;3.739;2700;11333745669;S
20241024;103514;3.739;300;11333745679;S
20241024;103515;3.7385;900;11333745828;S
20241024;103515;3.7385;1300;11333745829;S
20241024;103515;3.7385;100;11333745830;S
20241024;103515;3.7385;1000;11333745831;S
20241024;103515;3.7385;300;11333745832;S
20241024;103519;3.7385;200;11333746223;B
20241024;103527;3.7385;100;11333747572;B
20241024;103530;3.7385;300;11333747881;B
20241024;103541;3.7385;100;11333748955;B
20241024;103550;3.7385;100;11333749564;B
20241024;103551;3.7385;200;11333749622;B
20241024;103554;3.7385;1000;11333750049;B
20241024;103554;3.739;400;11333750050;B
20241024;103555;3.738;200;11333750197;S
20241024;103603;3.7395;200;11333750933;B
20241024;103606;3.738;11200;11333751375;S
20241024;103629;3.738;12100;11333754374;S
20241024;103636;3.7385;12400;11333755382;B
20241024;103636;3.739;800;11333755383;B
20241024;103637;3.7395;500;11333755564;B
20241024;103644;3.738;11200;11333756398;S
20241024;103644;3.738;10500;11333756401;S
20241024;103645;3.7395;600;11333756454;B
20241024;103703;3.738;200000;11333758206;S
20241024;103704;3.739;100;11333758285;B
20241024;103722;3.7385;2000;11333760427;B
20241024;103729;3.739;200;11333761409;B
20241024;103736;3.7385;1000;11333762701;B
20241024;103739;3.7385;500;11333763026;B
20241024;103744;3.7385;100;11333763742;B
20241024;103746;3.7385;100;11333763987;B
20241024;103756;3.7385;300;11333765602;B
20241024;103803;3.7385;100;11333766478;B
20241024;103805;3.7385;100;11333766860;B
20241024;103807;3.738;8400;11333767096;S
20241024;103814;3.7385;100;11333767820;B
20241024;103814;3.7385;100;11333767848;B
20241024;103815;3.738;11200;11333767921;S
20241024;103815;3.738;3100;11333767985;S
20241024;103816;3.7385;400;11333768065;B
20241024;103816;3.738;3100;11333768143;S
20241024;103821;3.7385;1000;11333768787;B
20241024;103822;3.7385;100;11333768971;B
20241024;103822;3.7385;300;11333768987;B
20241024;103822;3.7385;4700;11333768988;B
20241024;103827;3.7385;2000;11333769586;B
20241024;103830;3.7385;500;11333770543;B
20241024;103833;3.7385;500;11333771363;B
20241024;103833;3.738;200;11333771592;S
20241024;103839;3.7385;100;11333773140;B
20241024;103839;3.7385;13400;11333773269;B
20241024;103845;3.738;2000;11333774678;S
20241024;103846;3.7385;100;11333774884;B
20241024;103846;3.738;1400;11333774953;S
20241024;103848;3.7385;100;11333775325;B
20241024;103848;3.738;2000;11333775332;S
20241024;103857;3.738;1000;11333777190;S
20241024;103857;3.7385;100;11333777219;B
20241024;103858;3.738;6600;11333777508;S
20241024;103901;3.7385;1400;11333778328;B
20241024;103904;3.738;4000;11333779140;S
20241024;103913;3.738;1500;11333781346;S
20241024;103913;3.738;600;11333781440;S
20241024;103913;3.738;3200;11333781581;S
20241024;103914;3.738;2100;11333781910;S
20241024;103914;3.738;2000;11333781949;S
20241024;103914;3.738;100;11333781979;S
20241024;103914;3.738;2100;11333782034;S
20241024;103914;3.738;300;11333782292;S
20241024;103915;3.738;2200;11333782372;S
20241024;103916;3.738;2100;11333783008;S
20241024;103916;3.738;2100;11333783076;S
20241024;103916;3.738;2100;11333783185;S
20241024;103916;3.738;1800;11333783235;S
20241024;103924;3.7385;100;11333785248;B
20241024;103931;3.7385;100;11333786456;B
20241024;103932;3.7385;200;11333786738;B
20241024;103939;3.7385;200;11333787857;B
20241024;103944;3.738;500;11333788432;S
20241024;103944;3.738;11200;11333788723;S
20241024;103944;3.738;23000;11333788725;S
20241024;103955;3.7385;2000;11333790413;B
20241024;104001;3.7385;100;11333791285;B
20241024;104004;3.7385;200;11333791765;B
20241024;104018;3.738;4900;11333794143;S
20241024;104018;3.738;100;11333794144;S
20241024;104018;3.738;100;11333794145;S
20241024;104018;3.738;1500;11333794146;S
20241024;104018;3.738;600;11333794147;S
20241024;104018;3.738;100;11333794148;S
20241024;104018;3.738;500;11333794149;S
20241024;104018;3.738;200;11333794150;S
20241024;104018;3.738;7000;11333794151;S
20241024;104040;3.738;700;11333798247;S
20241024;104048;3.738;100;11333799770;S
20241024;104050;3.738;2000;11333800313;S
20241024;104051;3.7385;900;11333800473;B
20241024;104052;3.7385;100;11333800723;B
20241024;104052;3.7385;500;11333800742;B
20241024;104054;3.738;100;11333801033;S
20241024;104054;3.738;200;11333801034;S
20241024;104101;3.738;1800;11333801965;S
20241024;104101;3.738;200;11333801966;S
20241024;104103;3.738;100;11333802316;S
20241024;104103;3.738;1600;11333802317;S
20241024;104103;3.7375;600;11333802318;S
20241024;104104;3.738;1400;11333802334;B
20241024;104108;3.738;7000;11333802695;B
20241024;104109;3.7375;100;11333802789;S
20241024;104110;3.738;1100;11333802887;B
20241024;104110;3.738;2100;11333802950;B
20241024;104110;3.738;2100;11333803037;B
20241024;104110;3.738;3200;11333803074;B
20241024;104115;3.7375;11200;11333803802;S
20241024;104120;3.7385;200;11333804316;B
20241024;104129;3.7385;500;11333805247;B
20241024;104129;3.739;9500;11333805248;B
20241024;104136;3.74;300;11333806053;S
20241024;104137;3.74;10000;11333806120;B
20241024;104145;3.74;10000;11333807280;B
20241024;104152;3.74;10000;11333808147;B
20241024;104202;3.7405;100;11333809364;B
20241024;104205;3.74;300;11333809711;S
20241024;104205;3.74;400;11333809712;S
20241024;104206;3.74;1900;11333809791;S
20241024;104224;3.74;1700;11333812117;S
20241024;104240;3.7395;300;11333813977;B
20241024;104245;3.7395;300;11333814638;B
20241024;104247;3.7395;100;11333814945;B
20241024;104248;3.7395;100;11333815049;B
20241024;104249;3.739;400;11333815187;S
20241024;104256;3.7395;5000;11333815984;B
20241024;104335;3.7395;1100;11333821004;B
20241024;104349;3.739;10000;11333822730;B
20241024;104353;3.739;1000;11333823734;B
20241024;104356;3.739;1000;11333824269;B
20241024;104411;3.739;20000;11333825929;B
20241024;104420;3.738;500;11333826774;S
20241024;104427;3.739;200;11333827565;B
20241024;104430;3.7385;100;11333828013;S
20241024;104430;3.738;1400;11333828014;S
20241024;104442;3.739;400;11333829487;B
20241024;104443;3.738;2100;11333829637;S
20241024;104446;3.738;1100;11333830154;S
20241024;104448;3.738;5400;11333830668;S
20241024;104448;3.738;1400;11333830669;S
20241024;104448;3.7375;3100;11333830670;S
20241024;104448;3.7375;600;11333830770;S
20241024;104449;3.738;1300;11333831051;S
20241024;104449;3.7375;800;11333831052;S
20241024;104449;3.7375;1100;11333831073;S
20241024;104450;3.738;1200;11333831495;S
20241024;104450;3.7375;17800;11333831496;S
20241024;104450;3.7375;4400;11333831598;S
20241024;104450;3.738;1100;11333831838;S
20241024;104450;3.7375;29300;11333831839;S
20241024;104450;3.7375;100;11333831993;S
20241024;104450;3.738;900;11333832124;S
20241024;104450;3.7375;27200;11333832125;S
20241024;104450;3.7375;2400;11333832294;S
20241024;104451;3.7375;700;11333832419;S
20241024;104451;3.7375;8000;11333832571;S
20241024;104451;3.7375;8600;11333832622;S
20241024;104451;3.7375;2500;11333832623;S
20241024;104451;3.7375;1000;11333832624;S
20241024;104451;3.7375;200;11333832625;S
20241024;104451;3.7375;700;11333832626;S
20241024;104451;3.7375;100;11333832627;S
20241024;104451;3.737;100;11333832628;S
20241024;104451;3.737;800;11333832629;S
20241024;104451;3.737;100;11333832630;S
20241024;104451;3.737;100;11333832631;S
20241024;104451;3.737;6900;11333832632;S
20241024;104451;3.737;6200;11333832634;S
20241024;104451;3.737;6900;11333832861;S
20241024;104451;3.737;3000;11333832862;S
20241024;104451;3.737;900;11333832863;S
20241024;104451;3.7365;100;11333832951;S
20241024;104457;3.735;100;11333834387;S
20241024;104457;3.735;100;11333834388;S
20241024;104458;3.735;9900;11333834529;S
20241024;104458;3.735;100;11333834530;S
20241024;104458;3.735;15000;11333834531;S
20241024;104458;3.735;100;11333834532;S
20241024;104458;3.735;800;11333834533;S
20241024;104458;3.7345;1000;11333834534;S
20241024;104458;3.7345;900;11333834535;S
20241024;104458;3.7345;100;11333834536;S
20241024;104458;3.7345;400;11333834537;S
20241024;104458;3.734;1700;11333834538;S
20241024;104526;3.735;100;11333850391;S
20241024;104541;3.736;500;11333866284;B
20241024;104555;3.7365;800;11333878763;B
20241024;104604;3.7365;200;11333886864;B
20241024;104612;3.736;100;11333893189;S
20241024;104612;3.735;100;11333893190;S
20241024;104612;3.7345;10000;11333893191;S
20241024;104612;3.7345;200;11333893192;S
20241024;104613;3.7365;12200;11333893444;B
20241024;104613;3.7365;37800;11333893445;B
20241024;104619;3.7345;700;11333900355;S
20241024;104619;3.734;10400;11333900356;S
20241024;104644;3.7365;200;11333926028;B
20241024;104656;3.7365;100;11333939754;B
20241024;104658;3.7365;300;11333941582;B
20241024;104659;3.7345;600;11333942336;S
20241024;104659;3.7345;400;11333942337;S
20241024;104711;3.7365;1300;11333955340;B
20241024;104715;3.7365;200;11333958151;B
20241024;104716;3.7345;600;11333959589;S
20241024;104716;3.7345;400;11333959590;S
20241024;104717;3.737;100;11333960344;B
20241024;104718;3.7345;12400;11333960871;S
20241024;104718;3.7345;1200;11333960872;S
20241024;104732;3.7345;100;11333976677;S
20241024;104734;3.7345;10000;11333978394;S
20241024;104738;3.7345;14300;11333983063;S
20241024;104738;3.7345;1000;11333983208;S
20241024;104739;3.7365;10000;11333984341;B
20241024;104747;3.736;100;11333993116;B
20241024;104748;3.7345;1100;11333994143;S
20241024;104748;3.7345;100;11333994144;S
20241024;104748;3.7345;1000;11333994145;S
20241024;104748;3.734;6900;11333994146;S
20241024;104748;3.7345;1000;11333994579;S
20241024;104749;3.735;200;11333995371;B
20241024;104807;3.7345;100;11334015324;S
20241024;104807;3.7345;1000;11334015325;S
20241024;104807;3.7345;100;11334015416;B
20241024;104811;3.7345;1000;11334019314;S
20241024;104811;3.7345;1100;11334019319;B
20241024;104811;3.7345;1100;11334019327;B
20241024;104812;3.7345;1100;11334019412;B
20241024;104812;3.7345;1100;11334019476;B
20241024;104812;3.7345;1100;11334019535;B
20241024;104812;3.7345;1100;11334019552;B
20241024;104812;3.7345;900;11334019569;B
20241024;104817;3.734;1500;11334024872;S
20241024;104820;3.7345;400;11334028007;B
20241024;104820;3.7345;100;11334028712;B
20241024;104821;3.7345;500;11334029454;B
20241024;104825;3.7345;500;11334034543;B
20241024;104834;3.734;13700;11334042988;S
20241024;104834;3.734;1100;11334043560;S
20241024;104836;3.7345;100;11334045304;B
20241024;104841;3.734;100;11334049795;S
20241024;104844;3.734;2000;11334052401;S
20241024;104850;3.734;3000;11334057564;S
20241024;104850;3.734;200;11334057702;S
20241024;104850;3.734;200;11334057703;S
20241024;104850;3.734;100;11334057704;S
20241024;104850;3.734;400;11334057705;S
20241024;104850;3.734;10800;11334057706;S
20241024;104850;3.734;2200;11334057854;S
20241024;104850;3.734;100;11334057855;S
20241024;104850;3.734;100;11334057856;S
20241024;104850;3.734;700;11334057857;S
20241024;104851;3.734;2900;11334058068;S
20241024;104851;3.734;1600;11334058474;S
20241024;104851;3.734;5100;11334058677;S
20241024;104853;3.734;1000;11334059954;S
20241024;104853;3.734;100;11334060137;S
20241024;104853;3.734;1000;11334060472;S
20241024;104900;3.734;100;11334067283;S
20241024;104902;3.7345;2000;11334069961;B
20241024;104911;3.734;4100;11334078226;S
20241024;104913;3.7345;1000;11334079631;B
20241024;104915;3.734;2000;11334082666;S
20241024;104916;3.734;6100;11334083328;S
20241024;104918;3.734;14200;11334084997;S
20241024;104918;3.734;200;11334085044;S
20241024;104923;3.734;1500;11334091252;S
20241024;104924;3.734;10000;11334091589;S
20241024;104929;3.734;1000;11334097609;S
20241024;104942;3.734;3100;11334111610;S
20241024;104942;3.734;100;11334111611;S
20241024;104944;3.734;900;11334113540;S
20241024;104945;3.7345;100;11334114612;B
20241024;104957;3.734;15000;11334127739;S
20241024;104959;3.734;500000;11334129463;S
20241024;104959;3.734;24800;11334129464;S
20241024;105003;3.734;1000;11334133550;S
20241024;105004;3.734;20000;11334134673;S
20241024;105005;3.734;8100;11334136446;S
20241024;105006;3.734;7100;11334136649;S
20241024;105007;3.734;6100;11334138457;S
20241024;105007;3.734;10000;11334138469;S
20241024;105008;3.734;2100;11334139778;S
20241024;105013;3.734;2000;11334143371;S
20241024;105015;3.7345;1000;11334145690;B
20241024;105021;3.7345;200;11334152095;B
20241024;105021;3.7345;100;11334152096;B
20241024;105021;3.734;29400;11334152701;S
20241024;105027;3.735;200;11334158636;B
20241024;105027;3.734;1100;11334158684;S
20241024;105027;3.734;10100;11334159411;S
20241024;105028;3.734;3000;11334159731;S
20241024;105028;3.734;1400;11334160065;S
20241024;105028;3.734;600;11334160066;S
20241024;105031;3.734;5100;11334163560;S
20241024;105032;3.734;6100;11334165004;S
20241024;105033;3.734;4100;11334165752;S
20241024;105033;3.734;6100;11334166357;S
20241024;105034;3.734;8100;11334166628;S
20241024;105034;3.734;3000;11334167037;S
20241024;105035;3.734;1000;11334167818;S
20241024;105035;3.734;12200;11334168602;S
20241024;105037;3.735;300;11334170229;B
20241024;105038;3.735;200;11334170976;B
20241024;105038;3.734;3100;11334171021;S
20241024;105043;3.734;1300;11334176967;S
20241024;105043;3.734;5000;11334177106;S
20241024;105043;3.734;6100;11334177107;S
20241024;105043;3.734;4100;11334177335;S
20241024;105043;3.734;13900;11334177552;S
20241024;105044;3.734;3900;11334178143;S
20241024;105045;3.734;400;11334179141;S
20241024;105058;3.735;1000;11334193417;B
20241024;105058;3.735;5000;11334193927;B
20241024;105102;3.734;11700;11334198250;S
20241024;105102;3.734;5600;11334198452;S
20241024;105102;3.734;7900;11334198979;S
20241024;105102;3.734;2700;11334198980;S
20241024;105103;3.734;3000;11334199339;S
20241024;105103;3.734;9100;11334199440;S
20241024;105105;3.734;5100;11334201772;S
20241024;105107;3.734;2000;11334203875;S
20241024;105112;3.734;4100;11334209245;S
20241024;105116;3.734;12200;11334213779;S
20241024;105116;3.7345;200;11334214412;B
20241024;105117;3.734;2000;11334214851;S
20241024;105118;3.734;10000;11334216335;S
20241024;105122;3.7345;600;11334219640;B
20241024;105125;3.7345;300;11334222430;B
20241024;105126;3.7345;4000;11334223764;B
20241024;105142;3.7345;100;11334237730;B
20241024;105144;3.734;500;11334239519;S
20241024;105145;3.734;40000;11334240725;S
20241024;105145;3.7345;900;11334240784;B
20241024;105156;3.734;24800;11334250601;S
20241024;105156;3.734;24800;11334250627;S
20241024;105156;3.7345;1000;11334250659;B
20241024;105156;3.734;24800;11334250661;S
20241024;105156;3.734;20000;11334251178;S
20241024;105156;3.734;24800;11334251179;S
20241024;105157;3.734;16900;11334251907;S
20241024;105158;3.7345;100;11334252626;B
20241024;105202;3.734;400;11334257529;S
20241024;105204;3.734;24800;11334259071;S
20241024;105204;3.734;24800;11334259220;S
20241024;105206;3.7345;600;11334260862;B
20241024;105211;3.7345;2800;11334266087;B
20241024;105216;3.7345;100;11334271383;B
20241024;105218;3.734;27100;11334273831;S
20241024;105227;3.734;200;11334283477;S
20241024;105237;3.734;600;11334293334;S
20241024;105244;3.7345;1900;11334301877;B
20241024;105244;3.7345;2000;11334301878;B
20241024;105244;3.7345;15600;11334301879;B
20241024;105246;3.7345;400;11334303504;B
20241024;105250;3.734;97900;11334308235;S
20241024;105250;3.734;200;11334308236;S
20241024;105251;3.734;10000;11334308897;S
20241024;105308;3.7345;100;11334327483;B
20241024;105308;3.734;200;11334327986;S
20241024;105320;3.734;100;11334338917;S
20241024;105326;3.734;4000;11334346377;S
20241024;105333;3.7345;1500;11334353174;B
20241024;105334;3.7345;8200;11334354645;B
20241024;105339;3.734;100;11334359813;S
20241024;105340;3.734;9700;11334360759;S
20241024;105340;3.734;100;11334360760;S
20241024;105340;3.734;2000;11334360761;S
20241024;105344;3.734;4200;11334365485;S
20241024;105347;3.734;100;11334369103;S
20241024;105355;3.7345;300;11334377128;B
20241024;105408;3.734;100;11334391899;S
20241024;105414;3.7345;100;11334397315;B
20241024;105425;3.7345;100;11334407399;B
20241024;105426;3.7345;100;11334408721;B
20241024;105427;3.734;700;11334408762;S
20241024;105430;3.734;12000;11334411283;S
20241024;105435;3.734;1000;11334415939;S
20241024;105446;3.7345;1100;11334426537;B
20241024;105448;3.7345;100;11334428144;B
20241024;105457;3.734;1300;11334438442;S
20241024;105459;3.734;300;11334440367;S
20241024;105508;3.734;100;11334449013;S
20241024;105508;3.734;2000;11334449996;S
20241024;105514;3.7345;200;11334454680;B
20241024;105514;3.7345;100;11334455210;B
20241024;105530;3.734;300;11334472377;S
20241024;105531;3.7345;3800;11334474009;B
20241024;105531;3.734;700;11334474025;S
20241024;105540;3.7345;100;11334483976;B
20241024;105551;3.7345;4000;11334495567;B
20241024;105557;3.734;10000;11334501993;S
20241024;105558;3.7345;100;11334502518;B
20241024;105559;3.734;34300;11334504219;S
20241024;105559;3.734;100;11334504220;S
20241024;105559;3.734;500;11334504221;S
20241024;105559;3.734;200;11334504222;S
20241024;105559;3.734;300;11334504223;S
20241024;105559;3.734;100;11334504224;S
20241024;105559;3.734;100;11334504225;S
20241024;105559;3.734;12400;11334504226;S
20241024;105559;3.734;2000;11334504227;S
20241024;105607;3.7345;300;11334512444;B
20241024;105609;3.7345;100;11334514409;B
20241024;105624;3.734;3000;11334530156;S
20241024;105625;3.734;100;11334530970;S
20241024;105627;3.734;10000;11334532419;S
20241024;105628;3.7345;300;11334534648;B
20241024;105631;3.734;3000;11334537533;S
20241024;105634;3.7345;100;11334540625;B
20241024;105640;3.734;1000;11334547124;S
20241024;105643;3.7345;1400;11334551016;B
20241024;105650;3.7345;6700;11334557769;B
20241024;105701;3.734;300;11334570087;S
20241024;105708;3.7345;100;11334576281;B
20241024;105712;3.7345;1000;11334579704;B
20241024;105713;3.7345;300;11334579973;B
20241024;105721;3.7345;200;11334586797;B
20241024;105729;3.7345;300;11334593696;B
20241024;105742;3.7345;300;11334607493;B
20241024;105802;3.7345;300;11334628688;B
20241024;105805;3.7345;100;11334631398;B
20241024;105807;3.734;400;11334634122;S
20241024;105814;3.7345;1400;11334640867;B
20241024;105817;3.734;7500;11334643914;S
20241024;105842;3.734;13200;11334669581;S
20241024;105842;3.734;500;11334669774;S
20241024;105852;3.7345;400;11334680937;B
20241024;105853;3.734;1100;11334681434;S
20241024;105853;3.734;12400;11334681435;S
20241024;105853;3.734;100;11334681436;S
20241024;105853;3.734;1000;11334681437;S
20241024;105853;3.734;100;11334681438;S
20241024;105853;3.734;2300;11334681439;S
20241024;105853;3.734;100;11334681440;S
20241024;105853;3.734;100;11334681441;S
20241024;105853;3.734;700;11334681442;S
20241024;105900;3.734;700;11334689595;S
20241024;105901;3.7345;100;11334690476;B
20241024;105914;3.7345;100;11334704154;B
20241024;105914;3.7345;200;11334704301;B
20241024;105915;3.7345;4200;11334705206;B
20241024;105915;3.735;5800;11334705207;B
20241024;105917;3.7345;2100;11334707087;S
20241024;105917;3.7345;1000;11334707088;S
20241024;105923;3.7345;3900;11334713391;S
20241024;105928;3.7345;100;11334719077;S
20241024;105928;3.735;2800;11334719252;B
20241024;105929;3.735;1000;11334719705;B
20241024;105929;3.735;100;11334720571;B
20241024;105931;3.735;300;11334721309;B
20241024;105931;3.7365;200;11334721310;B
20241024;105940;3.736;100;11334731727;B
20241024;105941;3.7355;600;11334732052;S
20241024;105944;3.736;400;11334736817;B
20241024;105946;3.7365;100;11334739119;B
20241024;105949;3.7365;100;11334741122;B
20241024;105952;3.736;1800;11334743873;S
20241024;105952;3.736;8800;11334743874;S
20241024;110015;3.736;100;11334763044;S
20241024;110025;3.7365;500;11334773188;B
20241024;110027;3.7365;100;11334775643;B
20241024;110036;3.7365;500;11334785006;B
20241024;110040;3.7365;200;11334789633;B
20241024;110040;3.737;200;11334789634;B
20241024;110040;3.7365;1900;11334789651;S
20241024;110041;3.7365;700;11334789905;B
20241024;110041;3.7365;1600;11334790424;S
20241024;110041;3.7365;1500;11334790949;B
20241024;110051;3.7365;100;11334800998;B
20241024;110054;3.736;100;11334805073;S
20241024;110058;3.736;300;11334809351;S
20241024;110058;3.7355;300;11334809352;S
20241024;110112;3.7365;300;11334823062;B
20241024;110117;3.7365;100;11334829062;B
20241024;110150;3.7375;100;11334860171;B
20241024;110150;3.7375;100;11334860273;B
20241024;110159;3.7375;200;11334869593;B
20241024;110200;3.7375;200;11334869927;B
20241024;110219;3.738;100;11334889108;B
20241024;110225;3.7375;200;11334895063;S
20241024;110226;3.738;1000;11334896613;B
20241024;110228;3.738;200;11334898803;B
20241024;110231;3.7375;300;11334900944;S
20241024;110234;3.738;500;11334903514;B
20241024;110238;3.738;500;11334907046;B
20241024;110238;3.738;100;11334907062;B
20241024;110240;3.7375;200;11334909007;S
20241024;110242;3.7375;100;11334910756;S
20241024;110244;3.738;100;11334912210;B
20241024;110253;3.738;100;11334919464;B
20241024;110300;3.7375;1000;11334924656;S
20241024;110306;3.7375;4000;11334929436;S
20241024;110308;3.7375;1200;11334931167;S
20241024;110319;3.738;2400;11334939443;B
20241024;110326;3.7395;1900;11334945896;B
20241024;110326;3.74;1300;11334945897;B
20241024;110326;3.74;17700;11334945898;B
20241024;110330;3.739;2500;11334949625;S
20241024;110330;3.739;2500;11334949626;S
20241024;110336;3.739;9900;11334955670;S
20241024;110336;3.739;200;11334955671;S
20241024;110336;3.739;2200;11334955672;S
20241024;110339;3.7385;2600;11334958370;B
20241024;110341;3.7385;100;11334959191;B
20241024;110342;3.7385;500;11334961038;B
20241024;110345;3.738;2000;11334963234;S
20241024;110347;3.7385;700;11334966121;B
20241024;110355;3.738;2000;11334973057;S
20241024;110356;3.738;9000;11334973311;S
20241024;110401;3.738;3000;11334974071;S
20241024;110405;3.7385;1000;11334974640;B
20241024;110408;3.7385;200;11334975083;B
20241024;110413;3.7385;2000;11334976036;B
20241024;110415;3.7385;300;11334976295;B
20241024;110432;3.7385;100;11334979470;B
20241024;110439;3.7385;100;11334980722;B
20241024;110441;3.738;500;11334981006;S
20241024;110447;3.7385;100;11334981779;B
20241024;110503;3.7385;100;11334984487;B
20241024;110511;3.7385;4200;11334985803;B
20241024;110511;3.739;5800;11334985804;B
20241024;110511;3.739;100;11334985806;B
20241024;110518;3.739;1800;11334986439;B
20241024;110538;3.739;100;11334989624;B
20241024;110540;3.739;200;11334989989;B
20241024;110545;3.739;100;11334990616;B
20241024;110547;3.7385;500;11334991162;S
20241024;110548;3.7385;1800;11334991257;S
20241024;110550;3.739;100;11334991455;B
20241024;110558;3.739;200;11334992841;B
20241024;110608;3.739;200;11334994447;B
20241024;110627;3.739;100;11334997625;B
20241024;110638;3.739;300;11334999486;B
20241024;110645;3.7385;200;11335000609;S
20241024;110701;3.739;1000;11335003091;B
20241024;110703;3.7385;1900;11335003426;S
20241024;110717;3.7385;500;11335005662;S
20241024;110718;3.739;1000;11335005929;B
20241024;110724;3.739;31700;11335007582;B
20241024;110724;3.739;100;11335007755;B
20241024;110742;3.739;26400;11335011663;B
20241024;110744;3.739;20000;11335011895;B
20241024;110751;3.739;100;11335013041;B
20241024;110753;3.739;100;11335013570;B
20241024;110758;3.739;500;11335014417;B
20241024;110808;3.7385;1100;11335016352;S
20241024;110813;3.739;100;11335017291;B
20241024;110825;3.7385;600;11335019492;S
20241024;110833;3.7385;10200;11335020904;S
20241024;110833;3.7385;200;11335020905;S
20241024;110833;3.7385;5900;11335020906;S
20241024;110835;3.7385;900;11335021198;S
20241024;110839;3.739;200;11335021793;B
20241024;110842;3.7385;100;11335022532;S
20241024;110850;3.7385;500;11335023974;S
20241024;110852;3.739;100;11335024234;B
20241024;110853;3.739;100;11335024424;B
20241024;110855;3.739;1000;11335024619;B
20241024;110910;3.7385;200;11335027272;S
20241024;110916;3.739;100;11335028247;B
20241024;110920;3.739;100;11335029239;B
20241024;110922;3.739;500;11335029886;B
20241024;110925;3.739;3000;11335030519;B
20241024;110926;3.739;100;11335030805;B
20241024;110945;3.739;300;11335034009;B
20241024;110951;3.739;100;11335035071;B
20241024;111003;3.7385;100;11335037221;S
20241024;111007;3.7385;300;11335037929;S
20241024;111014;3.739;100;11335039206;B
20241024;111017;3.739;300;11335039613;B
20241024;111019;3.739;1300;11335040017;B
20241024;111025;3.739;100;11335041013;B
20241024;111030;3.739;200;11335041939;B
20241024;111101;3.739;100;11335047972;B
20241024;111130;3.739;400;11335053544;B
20241024;111133;3.739;400;11335053899;B
20241024;111146;3.7385;500;11335056450;S
20241024;111149;3.739;200;11335056893;B
20241024;111156;3.739;1000;11335058213;B
20241024;111201;3.7385;700;11335058954;S
20241024;111205;3.7385;500;11335059704;S
20241024;111221;3.739;300;11335062674;B
20241024;111228;3.739;1000;11335064066;B
20241024;111230;3.7385;300;11335064417;S
20241024;111230;3.7385;100;11335064418;S
20241024;111230;3.7385;100;11335064419;S
20241024;111230;3.7385;300;11335064420;S
20241024;111230;3.7385;100;11335064421;S
20241024;111230;3.7385;1100;11335064422;S
20241024;111236;3.739;200;11335065523;B
20241024;111241;3.739;200;11335066300;B
20241024;111250;3.7385;2400;11335067910;S
20241024;111303;3.7385;2300;11335070291;S
20241024;111307;3.7385;7700;11335071021;S
20241024;111307;3.7385;100;11335071022;S
20241024;111307;3.7385;100;11335071023;S
20241024;111307;3.7385;7100;11335071024;S
20241024;111310;3.739;100;11335071440;B
20241024;111310;3.739;100;11335071546;B
20241024;111313;3.739;100;11335071961;B
20241024;111316;3.739;500;11335072462;B
20241024;111328;3.739;1500;11335074718;B
20241024;111328;3.739;500;11335074719;B
20241024;111330;3.739;1500;11335075065;B
20241024;111330;3.739;1000;11335075066;B
20241024;111330;3.739;500;11335075067;B
20241024;111339;3.7385;7000;11335076625;S
20241024;111343;3.739;100;11335077274;B
20241024;111344;3.739;200;11335077476;B
20241024;111350;3.739;100;11335078576;B
20241024;111350;3.7395;400;11335078577;B
20241024;111353;3.7395;100;11335079346;B
20241024;111358;3.739;1000;11335080407;S
20241024;111359;3.7395;100;11335080470;B
20241024;111401;3.7395;100;11335080827;B
20241024;111404;3.7395;100;11335081456;B
20241024;111404;3.7395;3000;11335081501;B
20241024;111424;3.7395;100;11335085442;B
20241024;111426;3.7395;1000;11335086015;B
20241024;111428;3.7395;100;11335086292;B
20241024;111448;3.7395;1100;11335089689;B
20241024;111451;3.7395;100;11335090202;B
20241024;111500;3.739;1000;11335092149;S
20241024;111500;3.739;10400;11335092287;S
20241024;111500;3.739;2800;11335092288;S
20241024;111505;3.739;2000;11335093492;S
20241024;111517;3.7395;800;11335095338;B
20241024;111517;3.7395;200;11335095339;B
20241024;111518;3.7395;200;11335095527;B
20241024;111522;3.739;100;11335096083;S
20241024;111531;3.7395;10000;11335097292;B
20241024;111533;3.7395;200;11335097532;B
20241024;111533;3.739;300;11335097610;S
20241024;111550;3.739;4200;11335099883;S
20241024;111550;3.739;100;11335099884;S
20241024;111550;3.739;3800;11335099922;B
20241024;111550;3.739;3400;11335099958;B
20241024;111551;3.739;3100;11335099983;B
20241024;111551;3.739;2800;11335100011;B
20241024;111551;3.739;2500;11335100080;B
20241024;111551;3.739;2200;11335100128;B
20241024;111552;3.739;2000;11335100150;B
20241024;111552;3.739;1800;11335100193;B
20241024;111552;3.739;600;11335100196;B
20241024;111552;3.739;1600;11335100223;B
20241024;111552;3.739;1500;11335100260;B
20241024;111553;3.739;1300;11335100268;B
20241024;111556;3.739;3000;11335100867;B
20241024;111556;3.739;300;11335100933;B
20241024;111558;3.739;2000;11335101196;B
20241024;111559;3.739;300;11335101209;B
20241024;111605;3.7385;100;11335102140;S
20241024;111605;3.738;1100;11335102141;S
20241024;111605;3.738;100;11335102142;S
20241024;111605;3.738;1400;11335102143;S
20241024;111605;3.738;3000;11335102144;S
20241024;111605;3.738;300;11335102145;S
20241024;111605;3.738;1200;11335102146;S
20241024;111605;3.738;1900;11335102147;S
20241024;111608;3.739;300;11335102546;B
20241024;111611;3.739;500;11335102953;B
20241024;111614;3.739;100;11335103379;B
20241024;111616;3.7385;300;11335103780;B
20241024;111617;3.7385;100;11335103782;B
20241024;111619;3.738;1100;11335104042;S
20241024;111619;3.7375;300;11335104043;S
20241024;111619;3.7375;2000;11335104044;S
20241024;111619;3.7375;600;11335104045;S
20241024;111644;3.738;1000;11335107214;S
20241024;111650;3.738;600;11335108084;B
20241024;111652;3.7375;300;11335108372;S
20241024;111652;3.738;3400;11335108376;B
20241024;111652;3.7385;100;11335108389;B
20241024;111652;3.7385;100;11335108435;B
20241024;111656;3.7385;100;11335108998;B
20241024;111713;3.738;1600;11335111070;S
20241024;111713;3.738;100;11335111071;S
20241024;111713;3.738;100;11335111072;S
20241024;111713;3.7375;8200;11335111073;S
20241024;111719;3.7385;500;11335112100;B
20241024;111821;3.739;4400;11335120296;B
20241024;111829;3.7385;100;11335121362;S
20241024;111829;3.7385;900;11335121363;S
20241024;111831;3.7385;200;11335121623;B
20241024;111833;3.7385;300;11335121830;B
20241024;111834;3.7385;300;11335121985;B
20241024;111835;3.7385;100;11335122118;B
20241024;111835;3.7385;2100;11335122157;B
20241024;111836;3.738;1000;11335122185;S
20241024;111836;3.738;100;11335122186;S
20241024;111836;3.7375;1600;11335122187;S
20241024;111842;3.7375;100;11335122957;S
20241024;111842;3.7385;1100;11335122963;B
20241024;111852;3.738;4100;11335124301;S
20241024;111905;3.7385;1100;11335125902;B
20241024;111907;3.7385;300;11335126149;B
20241024;111917;3.738;100;11335127362;S
20241024;111920;3.7385;100;11335127731;B
20241024;111936;3.7385;3100;11335129393;B
20241024;111942;3.738;13400;11335129940;S
20241024;111942;3.7385;2500;11335129966;B
20241024;111942;3.739;2500;11335129967;B
20241024;112009;3.739;100;11335132294;B
20241024;112019;3.739;100;11335133161;B
20241024;112024;3.7385;2100;11335133580;S
20241024;112024;3.7385;1300;11335133581;S
20241024;112026;3.739;300;11335133803;B
20241024;112032;3.739;100;11335134485;B
20241024;112038;3.739;100;11335134996;B
20241024;112040;3.739;500;11335135178;B
20241024;112049;3.7385;500;11335135816;S
20241024;112055;3.739;100;11335136230;B
20241024;112115;3.739;300;11335137965;B
20241024;112118;3.739;2100;11335138177;B
20241024;112122;3.739;200;11335138480;B
20241024;112127;3.7385;3600;11335138892;S
20241024;112136;3.739;200;11335139764;B
20241024;112137;3.739;100;11335139854;B
20241024;112142;3.739;500;11335140271;B
20241024;112144;3.739;100;11335140437;B
20241024;112145;3.739;200;11335140455;B
20241024;112147;3.739;1000;11335140600;B
20241024;112148;3.739;100;11335140653;B
20241024;112152;3.739;100;11335141141;B
20241024;112157;3.739;100;11335141498;B
20241024;112211;3.739;100;11335142582;B
20241024;112215;3.739;200;11335142957;B
20241024;112218;3.7385;100;11335143179;S
20241024;112224;3.739;100;11335143727;B
20241024;112229;3.739;1800;11335144101;B
20241024;112250;3.739;200;11335145986;B
20241024;112250;3.739;100;11335146005;B
20241024;112253;3.739;100;11335146182;B
20241024;112300;3.739;100;11335146763;B
20241024;112312;3.7385;400;11335147685;S
20241024;112312;3.7385;600;11335147686;S
20241024;112312;3.7385;1000;11335147687;S
20241024;112312;3.7385;400;11335147689;S
20241024;112312;3.7385;800;11335147691;S
20241024;112312;3.7385;400;11335147693;S
20241024;112312;3.7385;400;11335147694;S
20241024;112312;3.7385;400;11335147695;S
20241024;112312;3.7385;400;11335147696;S
20241024;112312;3.7385;500;11335147697;S
20241024;112312;3.7385;400;11335147698;S
20241024;112312;3.7385;500;11335147702;S
20241024;112312;3.7385;1000;11335147706;S
20241024;112313;3.739;100;11335147745;B
20241024;112326;3.7385;100;11335148754;S
20241024;112334;3.7385;800;11335149134;S
20241024;112334;3.739;600;11335149193;B
20241024;112338;3.739;400;11335149488;B
20241024;112344;3.739;24300;11335149864;B
20241024;112344;3.739;11000;11335149865;B
20241024;112344;3.739;300;11335149866;B
20241024;112356;3.7395;400;11335150919;B
20241024;112357;3.7395;100;11335150995;B
20241024;112424;3.7395;500;11335153198;B
20241024;112431;3.739;1500;11335154018;S
20241024;112432;3.7395;200;11335154107;B
20241024;112446;3.7395;100;11335155400;B
20241024;112454;3.7395;4800;11335156044;B
20241024;112454;3.74;12300;11335156045;B
20241024;112454;3.74;500;11335156046;B
20241024;112454;3.74;22400;11335156047;B
20241024;112455;3.74;600;11335156153;B
20241024;112507;3.74;900;11335157270;B
20241024;112519;3.74;200;11335158351;B
20241024;112528;3.74;300;11335159214;B
20241024;112528;3.74;200;11335159279;B
20241024;112539;3.7395;1200;11335160129;S
20241024;112543;3.74;100;11335160546;B
20241024;112602;3.7395;100;11335162037;S
20241024;112605;3.74;100;11335162219;B
20241024;112619;3.74;100;11335163189;B
20241024;112620;3.74;100;11335163255;B
20241024;112630;3.74;100;11335164097;B
20241024;112633;3.74;2000;11335164286;B
20241024;112633;3.74;100;11335164342;B
20241024;112634;3.74;400;11335164423;B
20241024;112635;3.74;100;11335164434;B
20241024;112641;3.74;100;11335164850;B
20241024;112644;3.74;200;11335165044;B
20241024;112644;3.74;300;11335165045;B
20241024;112644;3.74;1000;11335165046;B
20241024;112644;3.74;5000;11335165047;B
20241024;112644;3.7405;400;11335165048;B
20241024;112644;3.741;100;11335165049;B
20241024;112644;3.741;3400;11335165050;B
20241024;112644;3.7425;2600;11335165051;B
20241024;112644;3.742;2900;11335165052;B
20241024;112717;3.744;100;11335167830;B
20241024;112717;3.744;10000;11335167846;B
20241024;112717;3.744;200;11335167849;B
20241024;112726;3.744;200;11335168587;B
20241024;112731;3.744;6000;11335168971;B
20241024;112732;3.744;2600;11335169143;B
20241024;112733;3.744;2400;11335169217;S
20241024;112733;3.744;2600;11335169218;S
20241024;112736;3.744;1000;11335169379;B
20241024;112737;3.744;1000;11335169495;B
20241024;112745;3.744;1000;11335170041;B
20241024;112746;3.744;200;11335170305;B
20241024;112748;3.743;200;11335170445;S
20241024;112753;3.744;100;11335170816;B
20241024;112756;3.744;400;11335170992;B
20241024;112759;3.744;100;11335171260;B
20241024;112801;3.744;100;11335171424;B
20241024;112809;3.744;600;11335172014;B
20241024;112810;3.744;200;11335172081;B
20241024;112813;3.744;100;11335172329;B
20241024;112815;3.744;1600;11335172494;B
20241024;112816;3.744;300;11335172533;B
20241024;112824;3.744;1100;11335173115;B
20241024;112844;3.743;500;11335174922;S
20241024;112846;3.744;500;11335175046;B
20241024;112847;3.744;100;11335175079;B
20241024;112900;3.744;100;11335176959;B
20241024;112905;3.744;200;11335177573;B
20241024;112905;3.744;100;11335177574;B
20241024;112905;3.744;100;11335177575;B
20241024;112905;3.744;100;11335177576;B
20241024;112905;3.744;100;11335177577;B
20241024;112917;3.7445;100;11335178550;B
20241024;112924;3.7445;300;11335179528;B
20241024;112924;3.744;100;11335179582;S
20241024;112924;3.744;200;11335179583;S
20241024;112930;3.7445;300;11335180058;B
20241024;112930;3.7445;100;11335180124;B
20241024;112951;3.7445;1100;11335181762;B
20241024;112951;3.7445;100;11335181789;B
20241024;112959;3.744;100;11335182442;S
20241024;113001;3.7445;100;11335182563;B
20241024;113002;3.7445;300;11335182666;B
20241024;113005;3.7445;200;11335182855;B
20241024;113018;3.7445;500;11335183741;B
20241024;113027;3.7445;100;11335184365;B
20241024;113032;3.744;100;11335184766;S
20241024;113032;3.744;100;11335184767;S
20241024;113037;3.744;100;11335185119;S
20241024;113037;3.744;200;11335185120;S
20241024;113037;3.744;100;11335185121;S
20241024;113037;3.744;100;11335185122;S
20241024;113037;3.744;2300;11335185123;S
20241024;113037;3.744;100;11335185124;S
20241024;113037;3.744;7600;11335185125;S
20241024;113040;3.7445;600;11335185330;B
20241024;113048;3.7445;100;11335186090;B
20241024;113134;3.744;100;11335189788;S
20241024;113148;3.7445;800;11335190825;B
20241024;113152;3.7445;300;11335191080;B
20241024;113156;3.7445;100;11335191438;B
20241024;113158;3.7445;100;11335191608;B
20241024;113206;3.7445;100;11335192549;B
20241024;113233;3.7445;2900;11335194656;B
20241024;113234;3.744;1000;11335194796;S
20241024;113237;3.7445;300;11335194974;B
20241024;113247;3.7445;500;11335195728;B
20241024;113310;3.7445;200;11335197765;B
20241024;113312;3.7445;500;11335197844;B
20241024;113321;3.7445;200;11335198591;B
20241024;113325;3.744;2100;11335198900;S
20241024;113326;3.7445;100;11335198966;B
20241024;113334;3.744;2200;11335199706;S
20241024;113334;3.744;200;11335199707;S
20241024;113334;3.744;100;11335199708;S
20241024;113334;3.744;100;11335199709;S
20241024;113334;3.744;200;11335199710;S
20241024;113334;3.744;100;11335199711;S
20241024;113334;3.744;100;11335199712;S
20241024;113334;3.744;8000;11335199713;S
20241024;113334;3.744;100;11335199714;S
20241024;113334;3.744;1700;11335199715;S
20241024;113334;3.744;100;11335199717;S
20241024;113334;3.744;100;11335199718;S
20241024;113334;3.744;100;11335199719;S
20241024;113342;3.7445;100;11335200480;B
20241024;113347;3.744;200;11335200844;S
20241024;113347;3.744;100;11335200845;S
20241024;113347;3.744;100;11335200846;S
20241024;113347;3.744;200;11335200847;S
20241024;113347;3.744;100;11335200848;S
20241024;113347;3.744;300;11335200849;S
20241024;113348;3.745;100;11335200959;B
20241024;113349;3.745;200;11335201002;B
20241024;113400;3.744;200;11335201864;S
20241024;113401;3.745;300;11335201971;B
20241024;113424;3.745;200;11335203643;B
20241024;113424;3.745;2000;11335203706;S
20241024;113427;3.7455;600;11335204092;B
20241024;113427;3.747;100;11335204093;B
20241024;113427;3.747;200;11335204094;B
20241024;113427;3.7475;8100;11335204095;B
20241024;113428;3.748;2100;11335204114;B
20241024;113428;3.747;7800;11335204154;B
20241024;113428;3.7465;1900;11335204163;S
20241024;113428;3.746;4000;11335204164;S
20241024;113436;3.746;100;11335205054;B
20241024;113442;3.746;5000;11335205600;B
20241024;113447;3.746;200;11335205911;B
20241024;113448;3.7455;1700;11335205969;S
20241024;113459;3.7455;100;11335206830;B
20241024;113504;3.7455;300;11335207264;B
20241024;113504;3.746;200;11335207265;B
20241024;113504;3.746;100;11335207269;B
20241024;113511;3.745;200;11335207912;S
20241024;113511;3.745;100;11335207916;S
20241024;113511;3.745;100;11335207917;S
20241024;113514;3.746;100;11335208079;B
20241024;113532;3.746;200;11335209619;B
20241024;113543;3.746;100;11335210914;B
20241024;113544;3.746;100;11335210979;B
20241024;113552;3.746;100;11335211667;B
20241024;113558;3.746;900;11335212205;B
20241024;113606;3.746;100;11335212910;B
20241024;113606;3.746;200;11335212911;B
20241024;113606;3.746;200;11335212913;B
20241024;113606;3.746;100;11335212914;B
20241024;113606;3.746;100;11335212915;B
20241024;113606;3.746;100;11335212917;B
20241024;113606;3.746;100;11335212923;B
20241024;113606;3.746;200;11335212924;B
20241024;113606;3.746;200;11335212925;B
20241024;113606;3.746;200;11335212926;B
20241024;113606;3.746;100;11335212928;B
20241024;113606;3.746;100;11335212929;B
20241024;113606;3.746;100;11335212930;B
20241024;113606;3.746;100;11335212931;B
20241024;113606;3.746;200;11335212932;B
20241024;113606;3.746;200;11335212936;B
20241024;113606;3.746;200;11335212941;B
20241024;113606;3.746;100;11335212942;B
20241024;113606;3.746;100;11335212943;B
20241024;113606;3.746;100;11335212945;B
20241024;113606;3.746;100;11335212946;B
20241024;113606;3.746;200;11335212947;B
20241024;113606;3.746;200;11335212948;B
20241024;113606;3.746;200;11335212949;B
20241024;113606;3.746;100;11335212950;B
20241024;113606;3.746;100;11335212951;B
20241024;113606;3.746;100;11335212953;B
20241024;113606;3.746;100;11335212954;B
20241024;113606;3.746;200;11335212956;B
20241024;113606;3.746;200;11335212965;B
20241024;113606;3.746;200;11335212971;B
20241024;113606;3.746;100;11335212975;B
20241024;113606;3.746;100;11335212977;B
20241024;113606;3.746;100;11335212981;B
20241024;113606;3.746;100;11335212992;B
20241024;113606;3.746;200;11335212993;B
20241024;113606;3.746;200;11335212995;B
20241024;113606;3.746;200;11335213005;B
20241024;113606;3.746;100;11335213006;B
20241024;113606;3.746;100;11335213007;B
20241024;113606;3.746;100;11335213008;B
20241024;113606;3.746;200;11335213009;B
20241024;113606;3.746;200;11335213010;B
20241024;113606;3.746;200;11335213014;B
20241024;113606;3.746;100;11335213016;B
20241024;113606;3.746;100;11335213017;B
20241024;113606;3.746;200;11335213018;B
20241024;113606;3.746;200;11335213019;B
20241024;113606;3.746;200;11335213021;B
20241024;113606;3.746;100;11335213022;B
20241024;113606;3.746;100;11335213023;B
20241024;113606;3.746;100;11335213024;B
20241024;113606;3.746;200;11335213028;B
20241024;113606;3.746;100;11335213030;B
20241024;113606;3.746;100;11335213031;B
20241024;113606;3.746;200;11335213048;B
20241024;113606;3.746;100;11335213049;B
20241024;113606;3.746;100;11335213056;B
20241024;113607;3.746;200;11335213093;B
20241024;113607;3.746;200;11335213097;B
20241024;113607;3.746;200;11335213105;B
20241024;113607;3.746;200;11335213106;B
20241024;113607;3.746;200;11335213114;B
20241024;113607;3.746;200;11335213116;B
20241024;113607;3.746;200;11335213121;B
20241024;113607;3.746;100;11335213122;B
20241024;113607;3.746;200;11335213175;B
20241024;113609;3.745;100;11335213371;S
20241024;113609;3.745;1900;11335213372;S
20241024;113650;3.746;17000;11335216856;B
20241024;113650;3.746;10600;11335216857;B
20241024;113650;3.746;100;11335216858;B
20241024;113650;3.7465;100;11335216859;B
20241024;113650;3.7465;100;11335216860;B
20241024;113650;3.7465;2100;11335216861;B
20241024;113651;3.7485;1600;11335216962;S
20241024;113653;3.748;1400;11335217108;S
20241024;113653;3.748;100;11335217109;B
20241024;113653;3.748;100;11335217110;B
20241024;113653;3.748;100;11335217112;B
20241024;113653;3.748;100;11335217114;B
20241024;113653;3.748;100;11335217134;B
20241024;113653;3.748;100;11335217137;B
20241024;113653;3.748;100;11335217138;B
20241024;113654;3.748;1300;11335217222;S
20241024;113654;3.748;100;11335217223;S
20241024;113654;3.748;100;11335217228;B
20241024;113654;3.745;100;11335217231;S
20241024;113654;3.745;100;11335217232;S
20241024;113654;3.748;100;11335217235;B
20241024;113658;3.747;200;11335217549;B
20241024;113707;3.747;900;11335218380;B
20241024;113712;3.7485;100;11335218891;B
20241024;113715;3.749;100;11335219096;B
20241024;113716;3.749;100;11335219120;B
20241024;113730;3.747;200;11335220186;S
20241024;113751;3.748;100;11335222005;B
20241024;113755;3.748;900;11335222359;B
20241024;113800;3.748;100;11335222722;B
20241024;113804;3.747;100;11335223053;S
20241024;113804;3.747;1100;11335223054;S
20241024;113804;3.7465;1600;11335223055;S
20241024;113804;3.746;1600;11335223056;S
20241024;113804;3.746;8600;11335223057;S
20241024;113805;3.747;800;11335223135;B
20241024;113819;3.746;1000;11335224290;S
20241024;113819;3.7455;1700;11335224291;S
20241024;113839;3.747;100;11335226664;B
20241024;113852;3.746;100;11335227729;S
20241024;113852;3.746;10400;11335227730;S
20241024;113855;3.7455;3500;11335228168;S
20241024;113912;3.7455;200;11335229682;S
20241024;113920;3.747;300;11335231378;B
20241024;113924;3.747;100;11335231865;B
20241024;113936;3.747;100;11335233292;B
20241024;113941;3.747;100;11335233740;B
20241024;113943;3.7455;1800;11335234079;S
20241024;113943;3.7455;2000;11335234080;S
20241024;113943;3.7455;11200;11335234081;S
20241024;113944;3.7455;200;11335234756;S
20241024;113946;3.747;100;11335235284;B
20241024;113952;3.747;700;11335236370;B
20241024;113952;3.7475;300;11335236371;B
20241024;114009;3.7475;100;11335240543;B
20241024;114012;3.747;100;11335241096;B
20241024;114017;3.747;100;11335242231;B
20241024;114038;3.7475;400;11335245222;B
20241024;114112;3.7455;100;11335249839;S
20241024;114112;3.7455;200;11335249840;S
20241024;114112;3.7455;200;11335249841;S
20241024;114112;3.7455;200;11335249842;S
20241024;114112;3.7455;1000;11335249843;S
20241024;114112;3.745;1400;11335249844;S
20241024;114112;3.745;15800;11335249845;S
20241024;114112;3.745;100;11335249846;S
20241024;114112;3.745;1300;11335249847;S
20241024;114112;3.7445;3400;11335249848;S
20241024;114112;3.7445;2900;11335249849;S
20241024;114112;3.7455;100;11335249876;B
20241024;114112;3.7455;200;11335249877;B
20241024;114112;3.7455;200;11335249878;B
20241024;114112;3.7455;200;11335249879;B
20241024;114112;3.7455;100;11335249881;B
20241024;114112;3.7455;200;11335249882;B
20241024;114112;3.7455;200;11335249883;B
20241024;114112;3.7455;200;11335249884;B
20241024;114113;3.7455;100;11335249887;B
20241024;114113;3.7455;200;11335249888;B
20241024;114113;3.7455;200;11335249889;B
20241024;114113;3.7455;200;11335249890;B
20241024;114113;3.7455;100;11335249891;B
20241024;114113;3.7455;200;11335249895;B
20241024;114113;3.7455;200;11335249896;B
20241024;114113;3.7455;100;11335249897;B
20241024;114247;3.7475;12400;11335257952;S
20241024;114247;3.7475;1800;11335257953;S
20241024;114251;3.747;1000;11335258318;S
20241024;114256;3.747;100;11335258750;S
20241024;114259;3.7485;200;11335259234;B
20241024;114306;3.747;1100;11335259701;S
20241024;114312;3.746;100;11335260091;S
20241024;114313;3.748;500;11335260180;B
20241024;114320;3.748;300;11335260601;B
20241024;114351;3.747;500;11335262868;S
20241024;114358;3.748;200;11335263722;B
20241024;114404;3.748;500;11335264305;B
20241024;114414;3.748;300;11335264934;B
20241024;114419;3.748;100;11335265303;B
20241024;114424;3.748;300;11335265814;B
20241024;114426;3.748;200;11335265979;B
20241024;114435;3.748;800;11335267135;B
20241024;114435;3.748;7800;11335267136;B
20241024;114435;3.748;1300;11335267137;B
20241024;114435;3.7485;100;11335267138;B
20241024;114440;3.748;100;11335267477;S
20241024;114440;3.747;100;11335267478;S
20241024;114500;3.7485;10500;11335269610;B
20241024;114507;3.749;200;11335270384;B
20241024;114513;3.748;1000;11335270871;S
20241024;114559;3.747;200;11335275014;S
20241024;114559;3.747;500;11335275015;S
20241024;114559;3.747;2200;11335275016;S
20241024;114559;3.747;2100;11335275017;S
20241024;114601;3.748;100;11335275163;B
20241024;114619;3.748;300;11335276636;B
20241024;114623;3.748;100;11335276932;B
20241024;114628;3.747;3400;11335277234;S
20241024;114628;3.747;1600;11335277235;S
20241024;114632;3.749;1900;11335277500;S
20241024;114638;3.7485;1000;11335277882;B
20241024;114638;3.7485;100;11335277894;B
20241024;114642;3.748;1700;11335278877;S
20241024;114650;3.747;200;11335279545;S
20241024;114651;3.747;1500;11335279653;S
20241024;114651;3.746;100;11335279654;S
20241024;114651;3.7455;200;11335279655;S
20241024;114651;3.7455;200;11335279656;S
20241024;114651;3.7455;200;11335279657;S
20241024;114651;3.7455;100;11335279658;S
20241024;114651;3.7455;200;11335279659;S
20241024;114651;3.7455;200;11335279660;S
20241024;114651;3.7455;100;11335279661;S
20241024;114651;3.745;12400;11335279662;S
20241024;114651;3.744;100;11335279663;S
20241024;114651;3.744;3200;11335279664;S
20241024;114651;3.744;200;11335279666;B
20241024;114651;3.744;200;11335279667;B
20241024;114651;3.744;200;11335279668;B
20241024;114651;3.744;100;11335279669;B
20241024;114651;3.744;100;11335279671;B
20241024;114651;3.744;200;11335279672;B
20241024;114651;3.744;200;11335279673;B
20241024;114651;3.744;200;11335279674;B
20241024;114652;3.744;200;11335279675;B
20241024;114652;3.744;100;11335279676;B
20241024;114652;3.744;100;11335279678;B
20241024;114652;3.744;200;11335279679;B
20241024;114652;3.744;200;11335279680;B
20241024;114652;3.744;100;11335279684;B
20241024;114652;3.744;200;11335279692;B
20241024;114652;3.744;100;11335279695;B
20241024;114652;3.744;200;11335279702;B
20241024;114652;3.744;200;11335279703;B
20241024;114652;3.744;100;11335279704;B
20241024;114652;3.744;200;11335279706;B
20241024;114652;3.744;200;11335279707;B
20241024;114652;3.744;100;11335279709;B
20241024;114652;3.744;200;11335279711;B
20241024;114652;3.744;200;11335279717;B
20241024;114652;3.744;100;11335279718;B
20241024;114652;3.744;200;11335279721;B
20241024;114652;3.744;200;11335279722;B
20241024;114652;3.744;100;11335279729;B
20241024;114652;3.744;100;11335279730;B
20241024;114652;3.744;100;11335279731;B
20241024;114652;3.744;100;11335279733;B
20241024;114652;3.744;100;11335279737;B
20241024;114652;3.744;100;11335279739;B
20241024;114652;3.744;100;11335279741;B
20241024;114652;3.744;100;11335279742;B
20241024;114654;3.744;200;11335279860;B
20241024;114656;3.744;100;11335279956;B
20241024;114657;3.744;75900;11335280060;B
20241024;114657;3.7445;4100;11335280061;B
