<DATE>;<TIME>;<LAST>;<VOL>;<ID>;<OPER>
20241111;095937;3.931;100;11403546037;S
20241111;095937;3.931;100;11403546038;S
20241111;095937;3.931;600;11403546039;S
20241111;095937;3.931;200;11403546040;S
20241111;095937;3.931;2500;11403546041;B
20241111;095937;3.931;1000;11403546042;S
20241111;095937;3.931;100;11403546043;S
20241111;095937;3.931;22200;11403546044;B
20241111;095937;3.931;100;11403546045;B
20241111;095937;3.931;100;11403546046;B
20241111;095937;3.931;100;11403546047;B
20241111;095937;3.931;300;11403546048;B
20241111;095937;3.931;100;11403546049;B
20241111;095937;3.931;500;11403546050;B
20241111;095937;3.931;200;11403546051;B
20241111;095937;3.931;400;11403546052;B
20241111;095937;3.931;100;11403546053;B
20241111;095937;3.931;200;11403546054;B
20241111;095937;3.931;100;11403546055;B
20241111;095937;3.931;3000;11403546056;B
20241111;095937;3.931;100;11403546057;B
20241111;095937;3.931;100;11403546058;B
20241111;095937;3.931;200;11403546059;B
20241111;095937;3.931;100;11403546060;B
20241111;095937;3.931;100;11403546061;B
20241111;095937;3.931;100;11403546062;B
20241111;095937;3.931;500;11403546063;B
20241111;095937;3.931;100;11403546064;B
20241111;095937;3.931;100;11403546065;B
20241111;095937;3.931;100;11403546066;B
20241111;095937;3.931;100;11403546067;B
20241111;095937;3.931;100;11403546068;B
20241111;095937;3.931;100;11403546069;B
20241111;095937;3.931;100;11403546070;B
20241111;095937;3.931;40700;11403546071;B
20241111;095937;3.931;9300;11403546072;B
20241111;095937;3.931;300;11403546073;B
20241111;095937;3.931;1000;11403546074;B
20241111;095937;3.931;300;11403546075;B
20241111;095937;3.931;100;11403546076;B
20241111;095937;3.931;100;11403546077;B
20241111;095937;3.931;100;11403546078;B
20241111;095937;3.931;200;11403546079;B
20241111;095937;3.931;100;11403546080;B
20241111;095937;3.931;100;11403546081;B
20241111;095937;3.931;100;11403546082;B
20241111;095937;3.931;100;11403546083;B
20241111;095937;3.931;100;11403546084;B
20241111;095937;3.931;200;11403546085;B
20241111;095937;3.931;3300;11403546086;B
20241111;095937;3.931;200;11403546087;B
20241111;095937;3.931;200;11403546088;B
20241111;095937;3.931;200;11403546089;B
20241111;095937;3.931;100;11403546090;B
20241111;095937;3.931;500;11403546091;B
20241111;095937;3.931;47000;11403546092;B
20241111;095937;3.931;100;11403546093;B
20241111;095937;3.931;3900;11403546094;B
20241111;095937;3.931;200;11403546095;B
20241111;095937;3.931;100;11403546096;S
20241111;095937;3.931;200;11403546097;S
20241111;095937;3.931;100;11403546098;B
20241111;095937;3.931;500;11403546099;B
20241111;095937;3.931;100;11403546100;B
20241111;095937;3.931;100;11403546101;S
20241111;095937;3.931;1000;11403546102;B
20241111;095937;3.931;100;11403546103;B
20241111;095937;3.931;100;11403546104;B
20241111;095937;3.931;300;11403546105;B
20241111;095937;3.931;100;11403546106;B
20241111;095937;3.931;100;11403546107;B
20241111;095937;3.931;100;11403546108;B
20241111;095937;3.931;300;11403546109;B
20241111;095937;3.931;100;11403546110;B
20241111;095937;3.931;100;11403546111;B
20241111;095937;3.931;100;11403546112;B
20241111;095937;3.931;100;11403546113;B
20241111;095937;3.931;300;11403546114;B
20241111;095937;3.931;100;11403546115;B
20241111;095937;3.931;100;11403546116;B
20241111;095937;3.931;300;11403546117;B
20241111;095937;3.931;100;11403546118;B
20241111;095937;3.931;500;11403546119;B
20241111;095937;3.931;100;11403546120;B
20241111;095937;3.931;100;11403546121;B
20241111;095937;3.931;100;11403546122;B
20241111;095937;3.931;400;11403546123;B
20241111;095937;3.931;2000;11403546124;B
20241111;095937;3.931;100;11403546125;B
20241111;095937;3.931;100;11403546126;B
20241111;095937;3.931;100;11403546127;B
20241111;095937;3.931;100;11403546128;B
20241111;095937;3.931;900;11403546129;B
20241111;095937;3.931;300;11403546130;B
20241111;095937;3.931;200;11403546131;B
20241111;095937;3.931;800;11403546132;B
20241111;095937;3.931;100;11403546133;B
20241111;095937;3.931;100;11403546134;B
20241111;095937;3.931;500;11403546135;S
20241111;095937;3.931;100;11403546136;S
20241111;095937;3.931;3700;11403546137;S
20241111;095937;3.931;9700;11403546138;S
20241111;095937;3.931;100;11403546139;B
20241111;100001;3.931;1300;11403558269;S
20241111;100001;3.931;700;11403558351;S
20241111;100001;3.931;600;11403558511;S
20241111;100002;3.931;200;11403559269;S
20241111;100002;3.931;900;11403559300;S
20241111;100002;3.9315;100;11403560454;B
20241111;100002;3.9315;25000;11403560455;B
20241111;100002;3.933;8000;11403560456;B
20241111;100002;3.933;20100;11403560457;B
20241111;100003;3.933;1200;11403561163;B
20241111;100004;3.9325;800;11403562618;B
20241111;100005;3.932;300;11403563492;S
20241111;100005;3.932;100;11403563867;S
20241111;100005;3.9315;300;11403563868;S
20241111;100006;3.9315;400;11403564435;S
20241111;100006;3.9315;1000;11403565937;S
20241111;100006;3.9325;100;11403565946;B
20241111;100006;3.9325;100;11403566001;B
20241111;100006;3.9315;100;11403566029;S
20241111;100006;3.9315;100;11403566030;S
20241111;100006;3.9325;100;11403566041;B
20241111;100006;3.9325;100;11403566043;B
20241111;100006;3.9315;200;11403566052;S
20241111;100006;3.9325;200;11403566066;B
20241111;100006;3.9315;1400;11403566076;S
20241111;100006;3.9325;100;11403566083;B
20241111;100006;3.9315;10000;11403566090;S
20241111;100006;3.9325;100;11403566097;B
20241111;100006;3.9325;100;11403566102;B
20241111;100006;3.9325;100;11403566109;B
20241111;100007;3.9315;100;11403567398;S
20241111;100007;3.9315;100;11403567402;S
20241111;100007;3.9315;400;11403567411;S
20241111;100007;3.9315;300;11403567415;S
20241111;100007;3.9315;100;11403567424;S
20241111;100007;3.9315;100;11403567436;S
20241111;100007;3.9325;100;11403567452;B
20241111;100007;3.9315;200;11403567459;S
20241111;100007;3.9315;200;11403567464;S
20241111;100007;3.9315;2600;11403567473;S
20241111;100007;3.9315;100;11403567485;S
20241111;100007;3.9325;100;11403567509;B
20241111;100007;3.9325;100;11403567519;B
20241111;100007;3.9325;1500;11403567551;B
20241111;100007;3.9325;100;11403567578;B
20241111;100007;3.9315;100;11403567932;S
20241111;100007;3.9325;400;11403568014;B
20241111;100007;3.9315;100;11403568017;S
20241111;100007;3.9315;100;11403568028;S
20241111;100007;3.9325;100;11403568041;B
20241111;100007;3.9315;100;11403568100;S
20241111;100007;3.9315;100;11403568143;S
20241111;100007;3.9325;300;11403568151;B
20241111;100007;3.9325;100;11403568173;B
20241111;100007;3.9315;100;11403568184;S
20241111;100007;3.9315;2500;11403568190;S
20241111;100007;3.9325;100;11403568198;B
20241111;100007;3.9315;100;11403568219;S
20241111;100007;3.9315;100;11403568956;S
20241111;100007;3.9325;100;11403568959;B
20241111;100007;3.9315;100;11403568961;S
20241111;100007;3.9325;300;11403568962;B
20241111;100007;3.9325;100;11403568963;B
20241111;100007;3.9315;2400;11403568964;S
20241111;100007;3.9315;700;11403568967;S
20241111;100007;3.9315;200;11403568968;S
20241111;100007;3.9315;100;11403568969;S
20241111;100007;3.9315;100;11403568979;S
20241111;100007;3.9325;100;11403568982;B
20241111;100007;3.9315;600;11403568983;S
20241111;100007;3.9315;100;11403568984;S
20241111;100007;3.9325;100;11403568990;B
20241111;100007;3.9315;200;11403569046;S
20241111;100007;3.9325;600;11403569066;B
20241111;100007;3.933;300;11403569069;B
20241111;100007;3.932;600;11403569105;S
20241111;100007;3.933;100;11403569112;B
20241111;100007;3.932;300;11403569128;B
20241111;100007;3.9315;200;11403569815;S
20241111;100007;3.9315;300;11403569816;S
20241111;100008;3.932;100;11403571283;B
20241111;100008;3.9315;100;11403571285;S
20241111;100008;3.9315;100;11403571303;S
20241111;100008;3.932;100;11403571320;B
20241111;100008;3.932;100;11403571321;B
20241111;100008;3.9315;900;11403571329;S
20241111;100008;3.9315;3000;11403571338;S
20241111;100008;3.932;100;11403571342;B
20241111;100008;3.932;100;11403571362;B
20241111;100008;3.9315;9400;11403571386;S
20241111;100008;3.932;100;11403571740;B
20241111;100008;3.9315;100;11403571749;S
20241111;100008;3.9315;100;11403571762;S
20241111;100008;3.932;100;11403571772;B
20241111;100008;3.932;100;11403571790;B
20241111;100008;3.932;100;11403571804;B
20241111;100008;3.9315;200;11403571822;S
20241111;100008;3.9315;500;11403571841;S
20241111;100009;3.932;2800;11403573775;B
20241111;100009;3.9325;600;11403573776;B
20241111;100009;3.933;1600;11403573777;B
20241111;100009;3.933;900;11403573787;B
20241111;100009;3.9335;4100;11403573788;B
20241111;100009;3.9315;300;11403573808;S
20241111;100009;3.9315;200;11403573826;S
20241111;100009;3.9315;500;11403573839;S
20241111;100009;3.9315;100;11403573855;S
20241111;100009;3.9315;300;11403573901;S
20241111;100009;3.9315;200;11403574024;S
20241111;100009;3.9315;100;11403574028;S
20241111;100009;3.9315;300;11403574029;S
20241111;100009;3.9335;100;11403574030;B
20241111;100009;3.9335;300;11403574033;B
20241111;100009;3.9335;100;11403574035;B
20241111;100009;3.9315;100;11403574038;S
20241111;100009;3.9315;100;11403574041;S
20241111;100009;3.9315;200;11403574042;S
20241111;100009;3.9315;100;11403574043;S
20241111;100009;3.9315;100;11403574059;S
20241111;100009;3.9315;100;11403575630;S
20241111;100009;3.9315;100;11403575632;S
20241111;100009;3.9315;200;11403575633;S
20241111;100009;3.932;100;11403575635;S
20241111;100009;3.9315;100;11403575786;S
20241111;100009;3.9315;100;11403575793;S
20241111;100009;3.9335;100;11403575816;B
20241111;100009;3.9315;900;11403575843;S
20241111;100009;3.9335;100;11403575850;B
20241111;100009;3.9315;100;11403575866;S
20241111;100009;3.9335;100;11403575877;B
20241111;100009;3.9335;100;11403575878;B
20241111;100009;3.9335;200;11403575897;B
20241111;100009;3.9315;13000;11403575902;S
20241111;100009;3.9335;100;11403575916;B
20241111;100009;3.9335;100;11403575939;B
20241111;100009;3.9335;600;11403575967;B
20241111;100009;3.9335;100;11403575989;B
20241111;100009;3.9335;100;11403576914;B
20241111;100009;3.9335;100;11403576920;B
20241111;100009;3.9335;100;11403576936;B
20241111;100009;3.9315;100;11403576944;S
20241111;100009;3.9315;100;11403576964;S
20241111;100009;3.9335;100;11403576989;B
20241111;100009;3.9335;100;11403577010;B
20241111;100009;3.9315;400;11403577029;S
20241111;100009;3.9335;100;11403577042;B
20241111;100009;3.9315;100;11403577063;S
20241111;100009;3.9335;300;11403577082;B
20241111;100009;3.9315;200;11403577096;S
20241111;100010;3.9335;100;11403577829;B
20241111;100010;3.9315;400;11403577940;S
20241111;100010;3.9315;5500;11403578889;S
20241111;100010;3.9315;100;11403578914;S
20241111;100010;3.9315;100;11403578928;S
20241111;100010;3.9335;100;11403578945;B
20241111;100010;3.9335;100;11403578966;B
20241111;100010;3.9315;1400;11403578979;S
20241111;100010;3.9315;100;11403578990;S
20241111;100010;3.9335;100;11403579001;B
20241111;100010;3.9335;400;11403579485;B
20241111;100010;3.9315;1500;11403580033;S
20241111;100011;3.9315;1500;11403580042;S
20241111;100011;3.9335;100;11403580049;B
20241111;100011;3.9335;100;11403580053;B
20241111;100011;3.9315;100;11403580057;S
20241111;100011;3.9315;16500;11403580061;S
20241111;100011;3.9315;7100;11403580062;S
20241111;100011;3.932;100;11403581793;S
20241111;100011;3.9315;100;11403581800;S
20241111;100011;3.9315;500;11403581811;S
20241111;100011;3.9335;100;11403581819;B
20241111;100011;3.9335;100;11403581828;B
20241111;100011;3.9335;1100;11403581839;B
20241111;100011;3.9335;1000;11403581845;B
20241111;100011;3.9315;300;11403582145;S
20241111;100011;3.9315;900;11403582150;S
20241111;100011;3.9315;2000;11403582151;S
20241111;100011;3.9335;100;11403582195;B
20241111;100011;3.9315;600;11403582202;S
20241111;100011;3.933;600;11403582208;B
20241111;100011;3.9315;500;11403582214;S
20241111;100011;3.9315;500;11403582219;S
20241111;100011;3.933;100;11403582226;B
20241111;100011;3.9315;100;11403582237;S
20241111;100012;3.9315;100;11403583982;S
20241111;100012;3.933;200;11403584016;B
20241111;100012;3.933;100;11403584031;B
20241111;100012;3.9325;100;11403584040;B
20241111;100012;3.9325;100;11403584055;B
20241111;100012;3.9315;100;11403584074;S
20241111;100012;3.9315;100;11403584081;S
20241111;100012;3.933;100;11403584090;B
20241111;100012;3.933;100;11403584096;B
20241111;100012;3.9315;100;11403584100;S
20241111;100013;3.9315;24000;11403584971;S
20241111;100013;3.9315;100;11403585046;B
20241111;100013;3.9315;100;11403585047;B
20241111;100013;3.931;200;11403585051;S
20241111;100013;3.9315;100;11403585052;B
20241111;100013;3.931;12600;11403585053;S
20241111;100013;3.931;100;11403585054;S
20241111;100016;3.931;19000;11403589473;S
20241111;100017;3.9315;100;11403589989;B
20241111;100017;3.931;3200;11403590009;S
20241111;100017;3.931;1400;11403590034;S
20241111;100017;3.931;6600;11403590054;S
20241111;100017;3.931;6700;11403590085;S
20241111;100017;3.931;4100;11403590094;S
20241111;100018;3.931;1000;11403590131;S
20241111;100018;3.931;10600;11403590239;S
20241111;100018;3.931;400;11403590400;S
20241111;100018;3.931;10100;11403590460;S
20241111;100019;3.931;1300;11403590890;S
20241111;100019;3.931;1000;11403590906;S
20241111;100019;3.931;1100;11403590942;S
20241111;100019;3.931;100;11403590958;S
20241111;100019;3.931;1100;11403591057;S
20241111;100019;3.931;1000;11403591170;S
20241111;100019;3.931;100;11403591192;S
20241111;100019;3.931;3200;11403591219;S
20241111;100019;3.9305;4400;11403591220;S
20241111;100019;3.93;100;11403591221;S
20241111;100019;3.93;300;11403591222;S
20241111;100019;3.93;100;11403591223;S
20241111;100019;3.93;100;11403591224;S
20241111;100019;3.93;100;11403591225;S
20241111;100019;3.93;100;11403591226;S
20241111;100019;3.93;300;11403591227;S
20241111;100019;3.93;100;11403591228;S
20241111;100019;3.93;100;11403591229;S
20241111;100019;3.93;200;11403591230;S
20241111;100020;3.9305;100;11403591278;S
20241111;100020;3.9305;2100;11403591303;S
20241111;100020;3.93;2100;11403591304;S
20241111;100020;3.93;5300;11403591486;S
20241111;100020;3.93;1300;11403591526;S
20241111;100020;3.93;1100;11403591594;S
20241111;100020;3.93;100;11403591609;S
20241111;100020;3.93;7600;11403591894;S
20241111;100020;3.93;1100;11403591976;S
20241111;100021;3.93;500;11403592207;S
20241111;100021;3.93;1400;11403592223;S
20241111;100021;3.93;5300;11403592459;S
20241111;100021;3.93;8400;11403592507;S
20241111;100022;3.93;1100;11403592552;S
20241111;100022;3.93;8000;11403592626;S
20241111;100022;3.93;600;11403592668;S
20241111;100022;3.93;7300;11403592693;S
20241111;100022;3.93;12700;11403592719;S
20241111;100022;3.93;38700;11403592873;S
20241111;100022;3.93;4000;11403592874;S
20241111;100022;3.93;57300;11403592875;S
20241111;100022;3.93;4200;11403592935;S
20241111;100022;3.93;2200;11403592955;S
20241111;100022;3.93;200;11403593044;S
20241111;100022;3.93;12600;11403593244;S
20241111;100022;3.93;6400;11403593261;S
20241111;100023;3.93;12700;11403593287;S
20241111;100023;3.93;2300;11403593288;S
20241111;100023;3.93;1500;11403593373;S
20241111;100023;3.929;200;11403593388;S
20241111;100023;3.929;200;11403593389;S
20241111;100023;3.929;1100;11403593390;S
20241111;100023;3.9285;9600;11403593408;S
20241111;100025;3.9295;28100;11403594604;B
20241111;100025;3.9295;12400;11403594605;B
20241111;100025;3.93;47400;11403594606;B
20241111;100028;3.93;700;11403596409;S
20241111;100029;3.93;5300;11403596799;S
20241111;100031;3.931;23700;11403597622;B
20241111;100031;3.931;1300;11403597623;B
20241111;100031;3.93;700;11403597743;S
20241111;100031;3.93;700;11403597893;S
20241111;100032;3.93;4700;11403598088;S
20241111;100032;3.929;21000;11403598200;S
20241111;100032;3.9285;8000;11403598338;S
20241111;100032;3.9285;8400;11403598401;S
20241111;100032;3.9285;1100;11403598455;S
20241111;100032;3.9285;9000;11403598649;S
20241111;100032;3.9285;10000;11403598650;S
20241111;100032;3.9285;15600;11403598915;S
20241111;100032;3.928;44400;11403598916;S
20241111;100033;3.9275;200;11403599118;S
20241111;100033;3.9275;200;11403599163;B
20241111;100033;3.927;2000;11403599164;S
20241111;100033;3.927;12800;11403599165;S
20241111;100033;3.9265;3800;11403599195;S
20241111;100034;3.928;12400;11403599490;B
20241111;100034;3.928;28100;11403599491;B
20241111;100034;3.9285;59500;11403599492;B
20241111;100036;3.93;500;11403600669;B
20241111;100040;3.93;1500;11403602694;B
20241111;100043;3.93;300;11403604173;B
20241111;100043;3.928;6000;11403604174;S
20241111;100043;3.928;100;11403604238;B
20241111;100044;3.927;1300;11403604607;S
20241111;100044;3.927;5100;11403604645;S
20241111;100044;3.927;900;11403604646;S
20241111;100045;3.928;200;11403605274;B
20241111;100046;3.927;3200;11403605484;S
20241111;100046;3.9265;100;11403605485;S
20241111;100048;3.927;6100;11403607030;B
20241111;100049;3.9265;8000;11403607424;S
20241111;100049;3.9265;700;11403607501;S
20241111;100050;3.9265;600;11403607880;S
20241111;100050;3.9265;6700;11403607910;S
20241111;100051;3.926;100;11403608236;S
20241111;100051;3.926;2000;11403608237;S
20241111;100051;3.926;1100;11403608289;S
20241111;100051;3.926;90000;11403608326;S
20241111;100052;3.926;1000;11403608635;S
20241111;100052;3.926;1100;11403608658;S
20241111;100052;3.927;400;11403608809;B
20241111;100052;3.926;3300;11403609078;S
20241111;100053;3.926;1000;11403609133;S
20241111;100053;3.926;700;11403609271;S
20241111;100053;3.927;300;11403609364;B
20241111;100053;3.926;3300;11403609459;S
20241111;100054;3.926;1100;11403609840;S
20241111;100055;3.926;2100;11403610265;S
20241111;100055;3.926;500;11403610302;S
20241111;100055;3.927;1800;11403610392;B
20241111;100056;3.9265;100;11403610480;S
20241111;100056;3.9265;16900;11403610517;S
20241111;100056;3.9265;600;11403610590;S
20241111;100056;3.9265;500;11403610684;S
20241111;100056;3.9265;500;11403610822;S
20241111;100057;3.9265;3600;11403611120;S
20241111;100057;3.926;86400;11403611121;S
20241111;100057;3.926;2300;11403611411;S
20241111;100058;3.926;5400;11403611710;S
20241111;100059;3.926;19000;11403612295;S
20241111;100100;3.926;12700;11403612833;S
20241111;100101;3.926;90000;11403613334;S
20241111;100101;3.926;6300;11403613497;S
20241111;100102;3.926;9800;11403613774;S
20241111;100102;3.926;19100;11403614201;S
20241111;100104;3.927;10000;11403615041;B
20241111;100110;3.926;7900;11403617913;S
20241111;100111;3.926;90000;11403618520;S
20241111;100111;3.926;700;11403618546;S
20241111;100112;3.927;11400;11403618826;B
20241111;100112;3.927;12400;11403618827;B
20241111;100113;3.927;1100;11403619089;S
20241111;100113;3.927;300;11403619322;S
20241111;100117;3.9275;8000;11403620843;S
20241111;100118;3.9275;2000;11403620951;S
20241111;100125;3.929;1100;11403623313;B
20241111;100126;3.928;12400;11403623595;S
20241111;100126;3.9275;12200;11403623596;S
20241111;100126;3.9275;75400;11403623646;B
20241111;100126;3.9285;12400;11403623647;B
20241111;100126;3.93;4500;11403623648;B
20241111;100126;3.93;100;11403623649;B
20241111;100126;3.93;7600;11403623650;B
20241111;100128;3.93;100;11403624426;B
20241111;100131;3.9285;1000;11403625666;S
20241111;100131;3.93;100;11403625710;B
20241111;100132;3.928;100;11403625842;S
20241111;100132;3.928;100;11403625843;S
20241111;100132;3.928;12300;11403625987;S
20241111;100132;3.9275;22200;11403625988;S
20241111;100132;3.9275;13400;11403625989;S
20241111;100132;3.9275;20600;11403625990;S
20241111;100132;3.927;31500;11403625991;S
20241111;100133;3.9275;200;11403626325;S
20241111;100136;3.929;400;11403627343;B
20241111;100137;3.929;400;11403627667;B
20241111;100138;3.929;100;11403627961;B
20241111;100138;3.9275;12200;11403628150;S
20241111;100138;3.9275;200;11403628151;S
20241111;100138;3.927;274300;11403628152;S
20241111;100138;3.9265;1000;11403628153;S
20241111;100138;3.926;543200;11403628154;S
20241111;100138;3.926;2500;11403628155;S
20241111;100138;3.926;100;11403628156;S
20241111;100138;3.926;15000;11403628157;S
20241111;100139;3.925;1500;11403628385;S
20241111;100140;3.926;8200;11403628718;B
20241111;100143;3.926;12600;11403629693;B
20241111;100150;3.927;100;11403632928;B
20241111;100151;3.925;1000;11403632963;S
20241111;100152;3.9265;18700;11403633238;B
20241111;100154;3.927;1000;11403634241;B
20241111;100158;3.927;100;11403635589;B
20241111;100158;3.927;1200;11403635638;B
20241111;100200;3.9265;100;11403636375;S
20241111;100201;3.927;500;11403637131;B
20241111;100202;3.9265;1500;11403637568;S
20241111;100202;3.9265;1000;11403637569;S
20241111;100202;3.927;100;11403637719;B
20241111;100202;3.9265;3700;11403637911;S
20241111;100203;3.927;7000;11403638021;B
20241111;100203;3.927;1400;11403638022;B
20241111;100203;3.9275;1600;11403638023;B
20241111;100205;3.929;12500;11403639153;B
20241111;100205;3.929;5800;11403639210;B
20241111;100205;3.929;100;11403639231;B
20241111;100207;3.9275;2000;11403639954;S
20241111;100209;3.9305;8000;11403640682;B
20241111;100209;3.9285;1500;11403641024;S
20241111;100210;3.93;14700;11403641178;B
20241111;100210;3.93;7300;11403641271;B
20241111;100210;3.93;300;11403641352;B
20241111;100210;3.9285;12400;11403641723;S
20241111;100210;3.9285;20000;11403641724;S
20241111;100210;3.9285;5700;11403641725;S
20241111;100210;3.928;5700;11403641726;S
20241111;100210;3.927;28100;11403641727;S
20241111;100210;3.927;8100;11403641728;S
20241111;100210;3.9275;4000;11403641777;S
20241111;100218;3.93;10000;11403645627;B
20241111;100218;3.931;500;11403645628;B
20241111;100218;3.931;100;11403645756;B
20241111;100218;3.931;10500;11403645781;B
20241111;100219;3.931;24600;11403645961;B
20241111;100219;3.9315;5000;11403645962;B
20241111;100219;3.932;400;11403645963;B
20241111;100220;3.9325;17600;11403646550;B
20241111;100220;3.933;25400;11403646551;B
20241111;100220;3.933;3600;11403646552;B
20241111;100220;3.9335;34600;11403646553;B
20241111;100220;3.9335;1400;11403646554;B
20241111;100222;3.9335;1000;11403647725;B
20241111;100223;3.933;300;11403648220;B
20241111;100224;3.93;600;11403648969;S
20241111;100225;3.93;2000;11403649099;S
20241111;100225;3.933;2200;11403649270;B
20241111;100228;3.932;400;11403650774;B
20241111;100231;3.93;3000;11403652333;S
20241111;100234;3.932;200;11403653659;B
20241111;100234;3.93;6800;11403653687;S
20241111;100234;3.93;1400;11403653688;S
20241111;100237;3.932;6900;11403654877;B
20241111;100237;3.9325;23100;11403654878;B
20241111;100237;3.9305;12400;11403654937;S
20241111;100237;3.9295;23700;11403654938;S
20241111;100238;3.93;28100;11403655395;S
20241111;100238;3.93;12400;11403655396;S
20241111;100238;3.9295;39500;11403655397;S
20241111;100245;3.932;400;11403658295;B
20241111;100249;3.932;3400;11403659946;B
20241111;100249;3.933;100;11403660090;B
20241111;100250;3.932;100;11403660189;S
20241111;100250;3.932;200;11403660270;S
20241111;100250;3.933;100;11403660637;B
20241111;100253;3.932;2900;11403661827;S
20241111;100254;3.932;500;11403662008;S
20241111;100254;3.933;300;11403662042;B
20241111;100256;3.933;100;11403663028;B
20241111;100259;3.932;15400;11403664302;S
20241111;100302;3.933;1000;11403665413;B
20241111;100303;3.933;800;11403665720;B
20241111;100303;3.933;100;11403665721;B
20241111;100303;3.9335;39500;11403665722;B
20241111;100303;3.9335;12400;11403665723;B
20241111;100303;3.934;47200;11403665724;B
20241111;100303;3.9335;400;11403665936;B
20241111;100303;3.9335;500;11403666023;B
20241111;100303;3.934;500;11403666024;B
20241111;100307;3.934;3300;11403667861;B
20241111;100307;3.934;100;11403667862;B
20241111;100307;3.934;500;11403667863;B
20241111;100307;3.9345;1500;11403667864;B
20241111;100307;3.9345;900;11403667865;B
20241111;100309;3.9345;600;11403668496;B
20241111;100310;3.934;200;11403669051;B
20241111;100310;3.9345;18900;11403669052;B
20241111;100312;3.9345;300;11403670002;B
20241111;100313;3.9335;15300;11403670178;S
20241111;100313;3.9335;5100;11403670179;S
20241111;100313;3.933;100;11403670180;S
20241111;100313;3.933;5100;11403670181;S
20241111;100313;3.9325;24400;11403670182;S
20241111;100314;3.934;300;11403670519;B
20241111;100314;3.934;6000;11403670520;B
20241111;100314;3.9325;200;11403670657;S
20241111;100315;3.934;900;11403671294;B
20241111;100315;3.934;1200;11403671295;B
20241111;100316;3.934;11200;11403671975;B
20241111;100316;3.9345;5700;11403671976;B
20241111;100317;3.9345;200;11403672165;B
20241111;100318;3.9345;100;11403672880;B
20241111;100319;3.933;6000;11403673797;S
20241111;100319;3.9325;27900;11403673798;S
20241111;100319;3.9325;12400;11403673799;S
20241111;100319;3.9325;13700;11403673800;S
20241111;100320;3.934;5000;11403674216;B
20241111;100321;3.9345;19000;11403674493;B
20241111;100321;3.9345;800;11403674652;B
20241111;100322;3.9345;4500;11403674932;B
20241111;100322;3.935;5000;11403674933;B
20241111;100322;3.935;5000;11403674934;B
20241111;100322;3.935;3500;11403674935;B
20241111;100322;3.9345;100;11403674942;S
20241111;100322;3.935;1100;11403675044;B
20241111;100322;3.935;46400;11403675084;B
20241111;100322;3.935;100;11403675085;B
20241111;100322;3.9355;5000;11403675086;B
20241111;100322;3.9355;51000;11403675087;B
20241111;100322;3.9355;12400;11403675088;B
20241111;100322;3.936;5000;11403675089;B
20241111;100322;3.936;2000;11403675090;B
20241111;100322;3.936;28100;11403675091;B
20241111;100322;3.936;22900;11403675440;B
20241111;100322;3.9365;5000;11403675441;B
20241111;100322;3.9365;2100;11403675442;B
20241111;100324;3.9365;100;11403676237;B
20241111;100325;3.9365;1100;11403676530;B
20241111;100326;3.9365;300;11403676912;B
20241111;100327;3.9365;200;11403677222;B
20241111;100329;3.936;5600;11403678068;S
20241111;100329;3.936;22200;11403678069;S
20241111;100329;3.936;12400;11403678070;S
20241111;100329;3.9355;5300;11403678071;S
20241111;100329;3.9355;48000;11403678072;S
20241111;100329;3.9355;25400;11403678073;S
20241111;100329;3.9345;20000;11403678074;S
20241111;100329;3.934;43500;11403678075;S
20241111;100329;3.9345;24700;11403678077;S
20241111;100333;3.936;100;11403680185;B
20241111;100333;3.936;12300;11403680282;B
20241111;100333;3.936;5000;11403680283;B
20241111;100333;3.9365;47200;11403680284;B
20241111;100333;3.9365;5000;11403680285;B
20241111;100333;3.9365;600;11403680286;B
20241111;100333;3.9365;600;11403680287;B
20241111;100333;3.937;5000;11403680288;B
20241111;100333;3.937;51000;11403680289;B
20241111;100333;3.937;13300;11403680290;B
20241111;100333;3.937;12000;11403680291;B
20241111;100333;3.9375;5000;11403680292;B
20241111;100333;3.9375;51000;11403680293;B
20241111;100333;3.9375;2000;11403680294;B
20241111;100333;3.938;7700;11403680295;B
20241111;100333;3.938;300;11403680296;B
20241111;100333;3.938;3000;11403680297;B
20241111;100333;3.938;51000;11403680298;B
20241111;100333;3.938;2000;11403680299;B
20241111;100333;3.9385;10000;11403680300;B
20241111;100333;3.9385;100000;11403680301;B
20241111;100333;3.9385;60000;11403680302;B
20241111;100333;3.9385;100000;11403680303;B
20241111;100333;3.9385;15000;11403680304;B
20241111;100333;3.939;10000;11403680305;B
20241111;100333;3.939;100000;11403680306;B
20241111;100333;3.939;2000;11403680307;B
20241111;100333;3.939;1000;11403680308;B
20241111;100333;3.939;4000;11403680309;B
20241111;100333;3.939;700000;11403680310;B
20241111;100333;3.939;500;11403680311;B
20241111;100333;3.939;9000;11403680312;B
20241111;100333;3.9395;2700;11403680313;B
20241111;100333;3.9395;100;11403680314;B
20241111;100333;3.9395;1000;11403680315;B
20241111;100333;3.9395;1000;11403680316;B
20241111;100333;3.9395;100;11403680317;B
20241111;100333;3.9395;2000;11403680318;B
20241111;100333;3.9395;500;11403680319;B
20241111;100333;3.9395;10000;11403680320;B
20241111;100333;3.9395;97100;11403680321;B
20241111;100334;3.9395;2900;11403680325;B
20241111;100334;3.937;100;11403680349;S
20241111;100334;3.938;25300;11403680585;S
20241111;100334;3.9375;4700;11403680586;S
20241111;100335;3.9395;100;11403680962;B
20241111;100335;3.9395;100;11403680963;B
20241111;100335;3.9395;40000;11403680964;B
20241111;100335;3.9395;100;11403680965;B
20241111;100335;3.9395;1000;11403680966;B
20241111;100335;3.9395;8700;11403680967;B
20241111;100335;3.9395;300;11403680973;B
20241111;100336;3.9385;2000;11403681171;S
20241111;100336;3.94;2100;11403681227;B
20241111;100336;3.94;1000;11403681228;B
20241111;100336;3.94;100;11403681229;B
20241111;100336;3.94;600;11403681230;B
20241111;100336;3.94;2000;11403681231;B
20241111;100336;3.94;100;11403681232;B
20241111;100336;3.94;9000;11403681233;B
20241111;100336;3.94;100;11403681234;B
20241111;100336;3.94;100;11403681235;B
20241111;100336;3.94;100;11403681236;B
20241111;100336;3.94;600;11403681237;B
20241111;100336;3.94;1000;11403681238;B
20241111;100336;3.94;10000;11403681239;B
20241111;100336;3.94;500;11403681240;B
20241111;100336;3.94;100;11403681241;B
20241111;100336;3.94;100;11403681242;B
20241111;100336;3.94;5000;11403681243;B
20241111;100336;3.94;1000;11403681244;B
20241111;100336;3.94;100;11403681245;B
20241111;100336;3.94;800;11403681246;B
20241111;100336;3.94;7000;11403681247;B
20241111;100336;3.94;100;11403681248;B
20241111;100336;3.94;100;11403681249;B
20241111;100336;3.94;800;11403681250;B
20241111;100336;3.94;200;11403681251;B
20241111;100336;3.94;900;11403681252;B
20241111;100336;3.94;1000;11403681253;B
20241111;100336;3.94;100;11403681254;B
20241111;100336;3.94;100;11403681255;B
20241111;100336;3.94;2000;11403681256;B
20241111;100336;3.94;1000;11403681257;B
20241111;100336;3.94;2300;11403681258;B
20241111;100336;3.9385;7900;11403681346;S
20241111;100336;3.9385;200;11403681586;S
20241111;100336;3.9385;2000;11403681622;S
20241111;100336;3.94;1000;11403681642;B
20241111;100336;3.94;1500;11403681695;B
20241111;100337;3.9385;3600;11403681726;S
20241111;100337;3.94;8400;11403681737;B
20241111;100337;3.94;21600;11403681738;B
20241111;100339;3.94;3000;11403682537;B
20241111;100344;3.9385;100;11403684624;S
20241111;100344;3.9385;400;11403684858;S
20241111;100345;3.94;800;11403685230;B
20241111;100346;3.94;100;11403686028;B
20241111;100348;3.94;5000;11403686684;B
20241111;100349;3.9395;100;11403687262;S
20241111;100350;3.94;15200;11403687488;B
20241111;100352;3.94;5000;11403688393;B
20241111;100353;3.94;22200;11403688479;B
20241111;100353;3.94;17100;11403688578;B
20241111;100353;3.94;5100;11403688579;B
20241111;100353;3.9395;25200;11403688670;S
20241111;100353;3.9395;4800;11403688671;S
20241111;100354;3.94;400;11403688810;B
20241111;100355;3.94;100;11403689182;B
20241111;100355;3.9395;45200;11403689298;S
20241111;100355;3.9395;25300;11403689299;S
20241111;100356;3.939;200;11403689530;S
20241111;100356;3.939;1100;11403689609;S
20241111;100356;3.939;1000;11403689663;S
20241111;100356;3.939;1000;11403689763;S
20241111;100356;3.939;300;11403689953;S
20241111;100357;3.939;100;11403690109;S
20241111;100402;3.9395;3000;11403692159;B
20241111;100402;3.939;100;11403692190;S
20241111;100403;3.9395;15000;11403692483;B
20241111;100404;3.9395;3800;11403692605;B
20241111;100404;3.939;200;11403692949;S
20241111;100404;3.939;400;11403692950;S
20241111;100404;3.9395;200;11403692952;B
20241111;100408;3.9395;100;11403694426;B
20241111;100411;3.9395;100;11403695535;B
20241111;100411;3.9395;100;11403695576;B
20241111;100413;3.939;1000;11403696215;S
20241111;100413;3.9395;7200;11403696321;B
20241111;100413;3.9395;8400;11403696322;B
20241111;100413;3.939;1000;11403696357;S
20241111;100413;3.939;1100;11403696502;S
20241111;100414;3.94;100;11403696626;B
20241111;100414;3.939;1000;11403696684;S
20241111;100415;3.939;100;11403697228;S
20241111;100417;3.939;800;11403698006;S
20241111;100417;3.9385;1000;11403698054;S
20241111;100417;3.9385;1000;11403698108;S
20241111;100418;3.939;100;11403698425;B
20241111;100418;3.9385;3000;11403698454;S
20241111;100418;3.9385;1100;11403698485;S
20241111;100418;3.9385;500;11403698553;S
20241111;100418;3.9385;200;11403698624;S
20241111;100418;3.9385;200;11403698750;S
20241111;100418;3.939;500;11403698955;B
20241111;100418;3.9395;1700;11403698956;B
20241111;100418;3.9395;4000;11403698957;B
20241111;100418;3.9395;5400;11403698958;B
20241111;100419;3.9385;10500;11403699205;S
20241111;100419;3.9385;1000;11403699337;S
20241111;100419;3.9375;400;11403699572;S
20241111;100420;3.9375;1000;11403699778;S
20241111;100420;3.9375;8300;11403699837;S
20241111;100420;3.9375;5000;11403699932;S
20241111;100420;3.937;7100;11403699933;S
20241111;100420;3.936;2200;11403700129;S
20241111;100420;3.936;300;11403700223;S
20241111;100420;3.936;1100;11403700293;S
20241111;100420;3.936;100;11403700395;S
20241111;100420;3.936;1000;11403700442;S
20241111;100420;3.936;300;11403700506;S
20241111;100421;3.9355;500;11403700587;S
20241111;100421;3.9355;600;11403700665;S
20241111;100421;3.9355;1000;11403700837;S
20241111;100421;3.937;100;11403700989;B
20241111;100422;3.935;6700;11403701351;S
20241111;100422;3.935;200;11403701387;S
20241111;100423;3.9355;300;11403701640;S
20241111;100423;3.9355;200;11403701798;S
20241111;100427;3.936;3000;11403703440;B
20241111;100428;3.936;200;11403703831;B
20241111;100428;3.9355;6900;11403704077;S
20241111;100429;3.935;18500;11403704368;S
20241111;100431;3.935;3200;11403705470;B
20241111;100431;3.935;2000;11403705474;B
20241111;100432;3.9345;200;11403705661;S
20241111;100432;3.9345;200;11403705662;S
20241111;100432;3.9345;10100;11403705792;S
20241111;100433;3.9345;11600;11403705989;S
20241111;100433;3.9345;2600;11403705990;S
20241111;100433;3.9345;900;11403706146;S
20241111;100433;3.934;100;11403706161;S
20241111;100433;3.933;2000;11403706162;S
20241111;100433;3.933;5000;11403706163;S
20241111;100433;3.933;1900;11403706164;S
20241111;100435;3.9325;9000;11403707163;S
20241111;100436;3.932;3500;11403707400;S
20241111;100437;3.932;9000;11403707827;S
20241111;100439;3.9325;200;11403708441;B
20241111;100439;3.932;1000;11403708564;S
20241111;100440;3.9325;100;11403708764;B
20241111;100440;3.9325;200;11403708862;B
20241111;100440;3.932;9000;11403709076;S
20241111;100441;3.932;9000;11403709216;S
20241111;100444;3.9325;5000;11403710750;B
20241111;100445;3.932;9000;11403710970;S
20241111;100445;3.932;9000;11403711113;S
20241111;100445;3.9325;600;11403711213;B
20241111;100445;3.932;9000;11403711238;S
20241111;100446;3.932;18900;11403711416;S
20241111;100446;3.932;5000;11403711417;S
20241111;100446;3.932;5000;11403711418;S
20241111;100450;3.9315;9000;11403713147;S
20241111;100450;3.9315;9000;11403713223;S
20241111;100451;3.932;21100;11403713637;B
20241111;100451;3.932;3900;11403713638;B
20241111;100453;3.932;100;11403714473;B
20241111;100453;3.9315;10000;11403714544;S
20241111;100453;3.932;8400;11403714776;B
20241111;100453;3.932;1600;11403714777;B
20241111;100454;3.9315;800;11403714794;S
20241111;100454;3.932;11100;11403714939;B
20241111;100454;3.932;400;11403715149;B
20241111;100454;3.932;300;11403715150;B
20241111;100457;3.932;100;11403716325;B
20241111;100457;3.932;6200;11403716333;B
20241111;100457;3.9315;100;11403716367;S
20241111;100458;3.932;1000;11403716654;B
20241111;100458;3.9315;1000;11403716846;S
20241111;100500;3.932;600;11403717541;B
20241111;100504;3.9315;20100;11403719563;S
20241111;100506;3.931;200;11403720165;B
20241111;100506;3.9305;2000;11403720289;S
20241111;100506;3.93;100;11403720290;S
20241111;100506;3.93;100;11403720291;S
20241111;100506;3.93;3000;11403720292;S
20241111;100506;3.93;100;11403720293;S
20241111;100507;3.9305;1400;11403720510;B
20241111;100512;3.9305;500;11403722760;B
20241111;100515;3.9305;7400;11403723749;B
20241111;100516;3.9305;100;11403724027;B
20241111;100516;3.9305;1000;11403724169;B
20241111;100517;3.9305;7600;11403724538;B
20241111;100517;3.9305;400;11403724539;B
20241111;100517;3.9305;1500;11403724540;B
20241111;100517;3.9305;100;11403724624;B
20241111;100517;3.9305;100;11403724625;B
20241111;100517;3.9305;100;11403724626;B
20241111;100517;3.9305;100;11403724627;B
20241111;100517;3.931;4600;11403724628;B
20241111;100517;3.93;1500;11403724726;S
20241111;100520;3.9305;100;11403726083;B
20241111;100521;3.93;900;11403726473;S
20241111;100521;3.93;3000;11403726474;S
20241111;100521;3.93;100;11403726475;S
20241111;100521;3.9295;100;11403726476;S
20241111;100521;3.9295;4600;11403726477;S
20241111;100521;3.929;100;11403726478;S
20241111;100521;3.929;4600;11403726479;S
20241111;100521;3.929;12400;11403726480;S
20241111;100521;3.9285;12000;11403726481;S
20241111;100521;3.928;12200;11403726482;S
20241111;100521;3.9285;500;11403726513;S
20241111;100522;3.93;100;11403726949;S
20241111;100522;3.929;500;11403726950;S
20241111;100522;3.9285;200;11403726951;S
20241111;100523;3.9295;100;11403727293;B
20241111;100524;3.929;100;11403727825;B
20241111;100524;3.9295;900;11403727826;B
20241111;100524;3.9295;100;11403727829;B
20241111;100528;3.9285;1000;11403729177;S
20241111;100530;3.929;1500;11403729695;B
20241111;100530;3.9295;2900;11403729696;B
20241111;100530;3.9295;3400;11403729697;B
20241111;100530;3.93;2900;11403729698;B
20241111;100530;3.93;9000;11403729699;B
20241111;100530;3.9305;400;11403729700;B
20241111;100530;3.9305;24900;11403729701;B
20241111;100530;3.929;100;11403729946;S
20241111;100531;3.9305;5000;11403730200;B
20241111;100531;3.9305;3500;11403730251;S
20241111;100532;3.9305;1500;11403730287;S
20241111;100534;3.9305;8400;11403731052;B
20241111;100535;3.9305;100;11403731108;B
20241111;100538;3.9305;1300;11403732229;B
20241111;100538;3.9305;100;11403732360;B
20241111;100539;3.9285;300;11403732577;S
20241111;100544;3.93;100;11403734207;S
20241111;100544;3.9305;500;11403734385;B
20241111;100545;3.93;100;11403734623;S
20241111;100545;3.929;200;11403734624;S
20241111;100546;3.9305;100;11403734860;B
20241111;100547;3.9285;300;11403735481;S
20241111;100549;3.93;100;11403736089;B
20241111;100557;3.9305;400;11403738478;B
20241111;100600;3.93;100;11403739429;B
20241111;100600;3.928;500;11403739466;S
20241111;100600;3.9285;25900;11403739710;S
20241111;100602;3.93;100;11403740502;B
20241111;100602;3.9305;200;11403740503;B
20241111;100606;3.93;200;11403741968;B
20241111;100608;3.93;200;11403742647;B
20241111;100608;3.9305;800;11403742648;B
20241111;100614;3.9305;500;11403744994;B
20241111;100614;3.929;100;11403745015;S
20241111;100618;3.9305;25400;11403746508;B
20241111;100618;3.9305;9000;11403746509;B
20241111;100618;3.9305;100;11403746510;B
20241111;100618;3.9305;100;11403746511;B
20241111;100618;3.9305;10200;11403746512;B
20241111;100618;3.9305;9200;11403746606;S
20241111;100618;3.9305;8300;11403746700;S
20241111;100619;3.9305;7500;11403746828;S
20241111;100619;3.9305;6700;11403746883;S
20241111;100619;3.9305;6000;11403746940;S
20241111;100619;3.9305;2500;11403746975;S
20241111;100619;3.9305;100;11403746976;S
20241111;100630;3.929;100;11403751490;B
20241111;100631;3.9285;200;11403751669;S
20241111;100632;3.928;9000;11403752297;S
20241111;100632;3.9285;100;11403752305;B
20241111;100632;3.928;9000;11403752376;S
20241111;100633;3.9285;100;11403752769;B
20241111;100634;3.928;900;11403753005;S
20241111;100634;3.928;1000;11403753128;S
20241111;100634;3.928;1000;11403753219;S
20241111;100634;3.928;400;11403753273;S
20241111;100635;3.9285;10000;11403753692;B
20241111;100636;3.928;9000;11403753963;S
20241111;100636;3.928;100;11403754012;S
20241111;100636;3.928;6900;11403754040;S
20241111;100636;3.9275;200;11403754041;S
20241111;100636;3.9275;1900;11403754042;S
20241111;100636;3.9275;9000;11403754287;S
20241111;100637;3.9275;9000;11403754385;S
20241111;100637;3.928;8800;11403754425;B
20241111;100637;3.928;1200;11403754426;B
20241111;100638;3.928;6500;11403754976;B
20241111;100638;3.928;700;11403754977;B
20241111;100638;3.9285;2800;11403754978;B
20241111;100640;3.928;5900;11403755540;B
20241111;100640;3.928;9000;11403755541;B
20241111;100640;3.928;2100;11403755542;B
20241111;100640;3.9275;1000;11403755789;S
20241111;100641;3.928;200;11403755946;B
20241111;100642;3.9275;1900;11403756751;S
20241111;100642;3.9275;12400;11403756752;S
20241111;100642;3.927;35700;11403756753;S
20241111;100642;3.927;2500;11403756761;S
20241111;100646;3.9275;100;11403758394;B
20241111;100647;3.9275;19500;11403758541;B
20241111;100647;3.928;5300;11403758542;B
20241111;100647;3.928;300;11403758543;B
20241111;100647;3.9285;3100;11403758544;B
20241111;100647;3.9285;71800;11403758545;B
20241111;100648;3.928;12400;11403758964;S
20241111;100648;3.928;9500;11403758965;S
20241111;100648;3.9275;9500;11403758966;S
20241111;100648;3.927;22100;11403758967;S
20241111;100648;3.93;1000;11403759038;B
20241111;100648;3.93;4800;11403759065;B
20241111;100650;3.931;100;11403759566;B
20241111;100650;3.93;1000;11403759692;S
20241111;100650;3.931;1000;11403759711;B
20241111;100651;3.93;100;11403760131;S
20241111;100653;3.931;21700;11403760573;B
20241111;100653;3.931;6000;11403760574;B
20241111;100653;3.931;9000;11403760575;B
20241111;100653;3.931;3300;11403760576;B
20241111;100653;3.931;400;11403760732;B
20241111;100655;3.93;300;11403761472;S
20241111;100655;3.93;1000;11403761560;S
20241111;100655;3.93;1000;11403761623;S
20241111;100655;3.93;100;11403761661;S
20241111;100656;3.9305;600;11403761960;B
20241111;100656;3.931;4000;11403761961;B
20241111;100656;3.931;9000;11403761962;B
20241111;100656;3.931;11000;11403761963;B
20241111;100656;3.9315;200;11403761964;B
20241111;100656;3.9315;8000;11403761965;B
20241111;100656;3.932;4600;11403761966;B
20241111;100656;3.932;2600;11403761967;B
20241111;100658;3.93;9000;11403762708;S
20241111;100659;3.9305;700;11403763050;B
20241111;100659;3.9305;3700;11403763051;B
20241111;100659;3.9305;9000;11403763052;B
20241111;100659;3.9315;12400;11403763053;B
20241111;100700;3.9315;1500;11403763240;S
20241111;100701;3.9315;200;11403763544;S
20241111;100701;3.9315;200;11403763598;S
20241111;100701;3.9325;2400;11403763659;B
20241111;100701;3.9315;200;11403763683;S
20241111;100701;3.9315;1000;11403763732;S
20241111;100701;3.9315;1000;11403763790;S
20241111;100701;3.9315;1000;11403763842;S
20241111;100701;3.9315;900;11403763904;S
20241111;100702;3.9315;100;11403764157;S
20241111;100703;3.9325;100;11403764595;B
20241111;100704;3.9315;2400;11403764954;S
20241111;100705;3.932;300;11403765396;S
20241111;100705;3.9315;8700;11403765397;S
20241111;100706;3.9315;9000;11403765582;S
20241111;100706;3.9315;8000;11403765715;S
20241111;100711;3.9305;400;11403767537;S
20241111;100711;3.9305;1000;11403767704;B
20241111;100713;3.9305;500;11403768260;B
20241111;100715;3.9305;5700;11403768857;B
20241111;100715;3.93;800;11403768915;S
20241111;100717;3.93;11000;11403769737;S
20241111;100719;3.93;9000;11403770523;S
20241111;100724;3.93;3600;11403772547;S
20241111;100725;3.9305;200;11403773146;B
20241111;100725;3.931;3300;11403773147;B
20241111;100725;3.931;9000;11403773148;B
20241111;100725;3.931;12400;11403773149;B
20241111;100725;3.9315;800;11403773150;B
20241111;100725;3.932;24300;11403773151;B
20241111;100726;3.9315;2500;11403773455;B
20241111;100726;3.9315;100;11403773551;B
20241111;100727;3.93;9600;11403773852;S
20241111;100727;3.9315;5000;11403773869;B
20241111;100733;3.932;100;11403776410;B
20241111;100733;3.932;300;11403776411;B
20241111;100734;3.9305;100;11403776597;S
20241111;100734;3.93;2900;11403776598;S
20241111;100734;3.9315;500;11403776956;B
20241111;100736;3.9315;200;11403777592;B
20241111;100736;3.9305;500;11403777695;S
20241111;100736;3.93;18600;11403777755;S
20241111;100738;3.9305;600;11403778694;B
20241111;100739;3.93;100;11403778992;S
20241111;100739;3.93;1000;11403779122;S
20241111;100741;3.93;5900;11403779895;S
20241111;100742;3.93;1000;11403780265;S
20241111;100742;3.93;500;11403780335;S
20241111;100744;3.93;1300;11403781095;S
20241111;100746;3.93;100;11403781566;S
20241111;100746;3.9305;500;11403781771;B
20241111;100747;3.93;200;11403781892;S
20241111;100748;3.9305;200;11403782407;B
20241111;100751;3.9305;11700;11403783302;B
20241111;100751;3.9305;5300;11403783303;B
20241111;100751;3.9315;100;11403783304;B
20241111;100751;3.9315;2900;11403783305;B
20241111;100754;3.9305;100;11403784784;S
20241111;100754;3.93;1900;11403784785;S
20241111;100800;3.9315;300;11403786739;B
20241111;100800;3.9315;100;11403786894;B
20241111;100805;3.93;100;11403788446;S
20241111;100805;3.93;3000;11403788447;S
20241111;100805;3.9285;5700;11403788448;S
20241111;100805;3.928;12400;11403788449;S
20241111;100805;3.928;5700;11403788450;S
20241111;100805;3.9275;23100;11403788451;S
20241111;100806;3.9285;600;11403788835;B
20241111;100808;3.9285;500;11403789221;B
20241111;100808;3.928;100;11403789368;S
20241111;100808;3.9275;400;11403789369;S
20241111;100808;3.9275;100;11403789370;S
20241111;100809;3.9275;800;11403789748;B
20241111;100809;3.9275;500;11403789759;B
20241111;100817;3.9275;100;11403792245;B
20241111;100823;3.9275;1000;11403793798;B
20241111;100825;3.9275;7000;11403794362;B
20241111;100825;3.9275;4700;11403794363;B
20241111;100825;3.9275;4100;11403794364;B
20241111;100825;3.9275;2600;11403794365;B
20241111;100827;3.9275;81600;11403795241;S
20241111;100827;3.9275;12400;11403795242;S
20241111;100827;3.927;106000;11403795243;S
20241111;100828;3.928;100;11403795392;B
20241111;100829;3.927;84000;11403795839;S
20241111;100829;3.927;1000;11403795840;S
20241111;100829;3.927;6600;11403795841;S
20241111;100829;3.927;200;11403795842;S
20241111;100829;3.927;5000;11403795843;S
20241111;100829;3.927;300;11403795844;S
20241111;100829;3.927;1000;11403795845;S
20241111;100829;3.927;100;11403795846;S
20241111;100829;3.927;1800;11403795847;S
20241111;100830;3.927;7300;11403796161;S
20241111;100832;3.9275;500;11403796679;B
20241111;100835;3.927;19000;11403797735;S
20241111;100835;3.927;1400;11403797736;S
20241111;100835;3.927;300;11403797737;S
20241111;100840;3.927;6000;11403799420;S
20241111;100842;3.9275;10000;11403799939;B
20241111;100846;3.9275;200;11403801123;B
20241111;100846;3.9275;2200;11403801155;B
20241111;100846;3.9275;11500;11403801156;B
20241111;100848;3.9275;600;11403801892;B
20241111;100849;3.9275;13300;11403802327;B
20241111;100849;3.9275;3300;11403802328;B
20241111;100849;3.928;4200;11403802329;B
20241111;100849;3.928;3200;11403802330;B
20241111;100851;3.927;4200;11403802713;S
20241111;100851;3.927;500;11403802714;S
20241111;100851;3.927;100;11403802715;S
20241111;100851;3.927;4000;11403802716;S
20241111;100853;3.927;600;11403803581;B
20241111;100856;3.927;600;11403804549;B
20241111;100856;3.927;25400;11403804550;B
20241111;100856;3.927;12400;11403804551;B
20241111;100856;3.927;4200;11403804552;B
20241111;100856;3.928;2000;11403804553;B
20241111;100857;3.9285;100;11403804739;S
20241111;100857;3.929;200;11403804920;B
20241111;100858;3.9285;500;11403805028;S
20241111;100902;3.929;100;11403806240;B
20241111;100904;3.9285;1300;11403806804;S
20241111;100908;3.929;10000;11403808241;B
20241111;100908;3.929;200;11403808334;B
20241111;100909;3.929;10000;11403808706;B
20241111;100910;3.9285;100;11403808960;S
20241111;100911;3.929;5200;11403809199;B
20241111;100911;3.929;3800;11403809200;B
20241111;100911;3.9295;1000;11403809201;B
20241111;100912;3.9285;2900;11403809597;S
20241111;100913;3.929;10000;11403809678;B
20241111;100914;3.929;20000;11403810080;B
20241111;100914;3.929;10000;11403810126;B
20241111;100915;3.929;100;11403810517;B
20241111;100917;3.929;500;11403810853;B
20241111;100917;3.929;13700;11403810920;B
20241111;100917;3.929;3600;11403810921;B
20241111;100917;3.9295;8200;11403810922;B
20241111;100918;3.9285;300;11403811213;S
20241111;100920;3.929;10000;11403811707;B
20241111;100921;3.929;10000;11403812074;B
20241111;100922;3.929;2200;11403812354;B
20241111;100922;3.929;400;11403812355;B
20241111;100922;3.929;100;11403812465;B
20241111;100922;3.9285;5000;11403812478;S
20241111;100923;3.929;10000;11403812519;B
20241111;100925;3.929;200;11403813305;B
20241111;100927;3.9285;100;11403813892;S
20241111;100928;3.929;200;11403814049;B
20241111;100931;3.929;3100;11403814916;B
20241111;100931;3.9295;5900;11403814917;B
20241111;100931;3.93;100;11403814918;B
20241111;100931;3.93;200;11403814919;B
20241111;100931;3.93;700;11403814920;B
20241111;100933;3.9295;3000;11403815382;B
20241111;100933;3.93;7000;11403815383;B
20241111;100933;3.9285;100;11403815583;S
20241111;100934;3.93;600;11403815702;B
20241111;100934;3.93;5700;11403815856;B
20241111;100934;3.93;4300;11403815857;B
20241111;100937;3.93;100;11403816477;B
20241111;100940;3.929;100;11403817387;S
20241111;100940;3.9295;300;11403817570;B
20241111;100941;3.93;600;11403817786;B
20241111;100941;3.9285;1000;11403818007;S
20241111;100941;3.9285;1100;11403818095;S
20241111;100942;3.9285;1000;11403818194;S
20241111;100942;3.9285;1100;11403818276;S
20241111;100942;3.9285;14800;11403818447;S
20241111;100942;3.9285;1000;11403818577;S
20241111;100944;3.9285;100;11403819194;S
20241111;100947;3.9285;9000;11403820080;S
20241111;100948;3.9285;9000;11403820116;S
20241111;100950;3.9285;600;11403820905;S
20241111;100952;3.929;400;11403821565;B
20241111;100953;3.9285;3000;11403821902;S
20241111;100955;3.93;2000;11403822351;B
20241111;100956;3.9285;3300;11403822791;S
20241111;100956;3.9285;200;11403822792;S
20241111;100959;3.9285;300;11403823567;S
20241111;100959;3.9285;8100;11403823568;S
20241111;100959;3.9285;1900;11403823635;S
20241111;100959;3.9285;100;11403823636;S
20241111;100959;3.928;5400;11403823637;S
20241111;101002;3.928;5000;11403824849;S
20241111;101010;3.928;4000;11403826882;S
20241111;101010;3.928;10000;11403826883;S
20241111;101010;3.928;3900;11403826884;S
20241111;101010;3.9275;100;11403826885;S
20241111;101011;3.9275;9900;11403827243;S
20241111;101011;3.927;200;11403827244;S
20241111;101011;3.927;500;11403827245;S
20241111;101011;3.927;4200;11403827246;S
20241111;101011;3.928;200;11403827292;B
20241111;101014;3.9275;100;11403828339;S
20241111;101014;3.927;1800;11403828340;S
20241111;101014;3.927;10000;11403828341;S
20241111;101014;3.9265;7100;11403828342;S
20241111;101014;3.9265;10000;11403828429;S
20241111;101014;3.926;300;11403828525;S
20241111;101014;3.926;5000;11403828526;S
20241111;101014;3.926;100;11403828527;S
20241111;101014;3.926;3600;11403828528;S
20241111;101014;3.926;6400;11403828589;S
20241111;101014;3.9255;10000;11403828590;S
20241111;101014;3.925;7100;11403828617;S
20241111;101014;3.925;9000;11403828836;S
20241111;101014;3.925;2600;11403828910;S
20241111;101014;3.925;9000;11403829017;S
20241111;101015;3.925;9000;11403829089;S
20241111;101015;3.925;9000;11403829251;S
20241111;101015;3.925;1800;11403829385;S
20241111;101015;3.925;7200;11403829386;S
20241111;101015;3.925;6400;11403829499;S
20241111;101015;3.925;1000;11403829500;S
20241111;101015;3.925;300;11403829501;S
20241111;101015;3.925;100;11403829502;S
20241111;101015;3.925;100;11403829503;S
20241111;101015;3.925;200;11403829504;S
20241111;101015;3.925;400;11403829505;S
20241111;101015;3.925;100;11403829506;S
20241111;101015;3.925;400;11403829507;S
20241111;101017;3.9255;300;11403830198;B
20241111;101018;3.9255;2900;11403830429;B
20241111;101018;3.9255;2100;11403830430;B
20241111;101020;3.925;9000;11403831029;S
20241111;101020;3.925;600;11403831063;S
20241111;101020;3.924;1800;11403831064;S
20241111;101020;3.925;1000;11403831072;B
20241111;101022;3.9245;1000;11403831768;B
20241111;101023;3.9245;5000;11403831952;B
20241111;101024;3.924;4000;11403832330;S
20241111;101025;3.9245;100;11403832749;B
20241111;101025;3.924;11200;11403832750;S
20241111;101025;3.924;100;11403832751;S
20241111;101025;3.9235;500;11403832752;S
20241111;101025;3.9235;10500;11403832753;S
20241111;101027;3.9235;19500;11403833105;S
20241111;101027;3.923;2200;11403833106;S
20241111;101027;3.923;1000;11403833107;S
20241111;101027;3.9225;9700;11403833108;S
20241111;101027;3.9225;100;11403833109;S
20241111;101027;3.922;100;11403833110;S
20241111;101027;3.922;8800;11403833111;S
20241111;101028;3.9225;3000;11403833723;B
20241111;101030;3.922;2000;11403834336;S
20241111;101033;3.9225;100;11403835258;B
20241111;101035;3.922;2500;11403835963;S
20241111;101036;3.9225;100;11403836007;B
20241111;101036;3.922;100;11403836098;S
20241111;101037;3.922;100000;11403836273;S
20241111;101041;3.922;8000;11403837727;S
20241111;101044;3.922;400;11403838497;S
20241111;101045;3.9225;1800;11403838897;B
20241111;101045;3.9225;2000;11403838905;B
20241111;101045;3.9225;1800;11403838907;B
20241111;101047;3.9225;3700;11403839471;B
20241111;101050;3.9225;2600;11403840198;B
20241111;101050;3.9225;400;11403840199;B
20241111;101050;3.922;147000;11403840213;S
20241111;101051;3.922;9000;11403840294;S
20241111;101053;3.9225;200;11403841146;B
20241111;101054;3.9225;100;11403841249;B
20241111;101054;3.922;600;11403841259;S
20241111;101055;3.9225;500;11403841417;B
20241111;101058;3.9225;10000;11403842435;B
20241111;101058;3.923;2900;11403842436;B
20241111;101058;3.9235;1900;11403842437;B
20241111;101058;3.9235;9000;11403842438;B
20241111;101058;3.924;12400;11403842439;B
20241111;101058;3.924;25400;11403842440;B
20241111;101058;3.9255;30000;11403842517;S
20241111;101058;3.9255;400;11403842553;S
20241111;101103;3.9265;9200;11403843917;B
20241111;101103;3.927;800;11403843918;B
20241111;101106;3.9255;1300;11403844670;S
20241111;101112;3.9265;1100;11403846241;B
20241111;101113;3.9275;200;11403846336;B
20241111;101118;3.9275;100;11403847831;B
20241111;101119;3.9275;200;11403848194;B
20241111;101129;3.9255;100;11403850583;S
20241111;101132;3.9255;300;11403851246;B
20241111;101132;3.9255;3300;11403851247;B
20241111;101132;3.927;100;11403851296;B
20241111;101132;3.927;100;11403851412;B
20241111;101134;3.924;4400;11403851955;S
20241111;101134;3.924;12400;11403851956;S
20241111;101134;3.923;6000;11403851957;S
20241111;101134;3.9225;100000;11403851958;S
20241111;101134;3.922;10400;11403851959;S
20241111;101134;3.923;11200;11403851966;S
20241111;101137;3.926;100;11403852682;B
20241111;101151;3.9255;1000;11403856623;B
20241111;101156;3.923;1000;11403857742;S
20241111;101158;3.923;200;11403858284;S
20241111;101158;3.9225;15000;11403858422;S
20241111;101159;3.923;200;11403858773;B
20241111;101202;3.9225;12400;11403859656;S
20241111;101202;3.922;11200;11403859657;S
20241111;101202;3.922;100;11403859658;S
20241111;101202;3.922;300;11403859659;S
20241111;101202;3.922;21000;11403859660;S
20241111;101206;3.923;100;11403860681;B
20241111;101207;3.923;500;11403860907;B
20241111;101207;3.923;3100;11403860908;B
20241111;101209;3.923;200;11403861474;S
20241111;101213;3.924;2500;11403862565;B
20241111;101213;3.924;500;11403862566;B
20241111;101216;3.925;1000;11403863529;B
20241111;101223;3.925;200;11403865456;B
20241111;101229;3.925;200;11403867125;B
20241111;101231;3.925;100;11403867471;B
20241111;101237;3.923;100;11403868736;B
20241111;101237;3.923;900;11403868737;B
20241111;101243;3.923;1600;11403870051;B
20241111;101244;3.923;100;11403870145;B
20241111;101245;3.9225;3000;11403870456;S
20241111;101246;3.9225;200;11403870590;S
20241111;101246;3.9225;100;11403870714;S
20241111;101247;3.923;7300;11403870759;B
20241111;101247;3.9235;1100;11403870760;B
20241111;101247;3.9245;25400;11403870761;B
20241111;101247;3.925;9000;11403870762;B
20241111;101250;3.925;200;11403871369;S
20241111;101256;3.925;100000;11403872562;S
20241111;101301;3.925;300;11403873910;S
20241111;101303;3.9255;100;11403874177;B
20241111;101303;3.925;2500;11403874182;S
20241111;101309;3.925;3400;11403875907;S
20241111;101309;3.925;3000;11403875908;S
20241111;101310;3.925;200;11403876032;S
20241111;101310;3.9255;5000;11403876168;B
20241111;101313;3.9255;100;11403876833;B
20241111;101319;3.925;500;11403878309;S
20241111;101319;3.925;100;11403878351;S
20241111;101321;3.9255;3800;11403878842;B
20241111;101324;3.925;50000;11403879658;S
20241111;101324;3.925;600;11403879693;S
20241111;101326;3.9255;2600;11403879953;B
20241111;101328;3.9255;100;11403880406;B
20241111;101328;3.9255;400;11403880484;B
20241111;101328;3.925;134000;11403880495;S
20241111;101328;3.925;100;11403880496;S
20241111;101328;3.925;200;11403880497;S
20241111;101328;3.925;2500;11403880498;S
20241111;101328;3.925;100;11403880499;S
20241111;101329;3.9255;600;11403880890;B
20241111;101330;3.925;2000;11403880947;S
20241111;101330;3.9255;100;11403880975;S
20241111;101330;3.925;1100;11403881013;S
20241111;101333;3.9255;300;11403881810;B
20241111;101336;3.9255;400;11403882539;B
20241111;101339;3.925;4000;11403883183;S
20241111;101341;3.9255;5000;11403883694;B
20241111;101342;3.925;100;11403884039;S
20241111;101346;3.925;500;11403884598;S
20241111;101351;3.9255;100;11403886006;B
20241111;101402;3.925;40000;11403888579;S
20241111;101407;3.925;500;11403889864;S
20241111;101411;3.9255;200;11403890794;B
20241111;101422;3.9255;500;11403893488;B
20241111;101422;3.9255;2400;11403893583;B
20241111;101422;3.9255;4600;11403893584;B
20241111;101424;3.925;1300;11403893985;S
20241111;101424;3.9255;3600;11403894109;B
20241111;101426;3.9255;500;11403894603;B
20241111;101427;3.925;2000;11403894690;S
20241111;101430;3.925;7400;11403895507;S
20241111;101430;3.9255;100;11403895524;B
20241111;101432;3.9255;200;11403895752;B
20241111;101432;3.925;2800;11403895878;S
20241111;101433;3.925;100;11403896048;S
20241111;101434;3.9255;300;11403896268;B
20241111;101436;3.9255;200;11403896870;B
20241111;101437;3.9255;100;11403897085;B
20241111;101444;3.925;2600;11403898901;S
20241111;101444;3.9255;100;11403898946;B
20241111;101447;3.9255;2500;11403899719;B
20241111;101447;3.9255;2800;11403899720;B
20241111;101451;3.925;300;11403900869;S
20241111;101451;3.925;6800;11403901079;S
20241111;101452;3.9255;2100;11403901128;B
20241111;101452;3.9255;3000;11403901129;B
20241111;101453;3.9255;47000;11403901556;B
20241111;101453;3.9255;4000;11403901557;B
20241111;101453;3.926;3200;11403901558;B
20241111;101453;3.926;8000;11403901559;B
20241111;101453;3.9265;12400;11403901560;B
20241111;101453;3.927;100;11403901561;B
20241111;101453;3.9275;25300;11403901562;B
20241111;101454;3.9255;12400;11403901844;S
20241111;101454;3.9255;500;11403901845;S
20241111;101454;3.925;25400;11403901863;S
20241111;101454;3.925;22100;11403901915;S
20241111;101454;3.925;3300;11403901916;S
20241111;101454;3.925;25400;11403901934;S
20241111;101454;3.925;7900;11403901954;S
20241111;101455;3.9255;3600;11403902099;B
20241111;101455;3.9265;500;11403902100;B
20241111;101455;3.927;12400;11403902101;B
20241111;101455;3.9275;1500;11403902102;B
20241111;101455;3.9275;28100;11403902103;B
20241111;101455;3.928;1500;11403902104;B
20241111;101455;3.928;1500;11403902105;B
20241111;101455;3.928;100;11403902106;B
20241111;101455;3.928;25400;11403902107;B
20241111;101455;3.9285;25400;11403902108;B
20241111;101456;3.9275;3300;11403902526;B
20241111;101456;3.928;12400;11403902527;B
20241111;101456;3.9285;28100;11403902528;B
20241111;101456;3.9285;28100;11403902529;B
20241111;101456;3.929;1000;11403902530;B
20241111;101456;3.929;6100;11403902531;B
20241111;101456;3.929;10000;11403902532;B
20241111;101456;3.929;11000;11403902533;B
20241111;101500;3.926;7100;11403903496;S
20241111;101500;3.9255;2900;11403903609;S
20241111;101503;3.926;100;11403904593;S
20241111;101505;3.926;100;11403905530;S
20241111;101505;3.926;100;11403905674;S
20241111;101507;3.926;100;11403906235;S
20241111;101511;3.928;2600;11403907839;B
20241111;101511;3.928;100;11403908185;B
20241111;101514;3.927;2400;11403909318;B
20241111;101514;3.9285;5200;11403909319;B
20241111;101514;3.9285;12400;11403909320;B
20241111;101514;3.929;5500;11403909321;B
20241111;101514;3.926;2100;11403909491;S
20241111;101514;3.9255;100;11403909726;S
20241111;101516;3.9255;100;11403910504;S
20241111;101517;3.9255;1500;11403910771;S
20241111;101518;3.9255;1300;11403911423;S
20241111;101518;3.9255;100;11403911424;S
20241111;101518;3.9255;100;11403911425;S
20241111;101518;3.925;500;11403911426;S
20241111;101518;3.925;100;11403911443;S
20241111;101519;3.925;200;11403911846;S
20241111;101523;3.925;100;11403913498;S
20241111;101524;3.926;100;11403914017;B
20241111;101530;3.926;400;11403916357;B
20241111;101530;3.926;900;11403916358;B
20241111;101531;3.925;100;11403916824;S
20241111;101532;3.925;2500;11403916968;S
20241111;101532;3.926;500;11403917140;B
20241111;101535;3.9275;6100;11403918172;B
20241111;101535;3.928;12400;11403918173;B
20241111;101535;3.9285;2900;11403918174;B
20241111;101535;3.929;28100;11403918175;B
20241111;101535;3.929;25400;11403918176;B
20241111;101535;3.9295;9700;11403918177;B
20241111;101535;3.9295;9000;11403918178;B
20241111;101535;3.9295;6400;11403918179;B
20241111;101538;3.926;100;11403919384;S
20241111;101538;3.926;100;11403919505;S
20241111;101538;3.926;100;11403919531;S
20241111;101540;3.9255;100;11403920063;S
20241111;101541;3.9285;200;11403920599;B
20241111;101545;3.926;100;11403922151;S
20241111;101546;3.926;200;11403922706;S
20241111;101546;3.9255;71500;11403922707;S
20241111;101546;3.925;9900;11403922708;S
20241111;101546;3.925;100;11403922709;S
20241111;101546;3.925;50000;11403922710;S
20241111;101546;3.925;200;11403922711;S
20241111;101546;3.925;500;11403922712;S
20241111;101546;3.925;2600;11403922713;S
20241111;101546;3.925;100000;11403922714;S
20241111;101546;3.925;55000;11403922715;S
20241111;101546;3.925;100;11403922768;S
20241111;101547;3.925;100;11403923319;S
20241111;101550;3.927;500;11403924309;B
20241111;101550;3.925;100;11403924550;S
20241111;101551;3.927;100;11403924800;B
20241111;101552;3.927;11800;11403925428;B
20241111;101552;3.927;100;11403925429;B
20241111;101552;3.9275;6300;11403925430;B
20241111;101552;3.9285;28100;11403925431;B
20241111;101552;3.9285;13500;11403925432;B
20241111;101552;3.9285;900;11403925433;B
20241111;101552;3.9285;2000;11403925434;B
20241111;101552;3.929;28100;11403925435;B
20241111;101552;3.929;9200;11403925436;B
20241111;101553;3.9275;100;11403925649;B
20241111;101555;3.925;100;11403926795;S
20241111;101556;3.925;3000;11403927020;S
20241111;101556;3.925;100;11403927118;S
20241111;101557;3.9275;100;11403927623;B
20241111;101600;3.9275;3700;11403928909;B
20241111;101601;3.925;100;11403929448;S
20241111;101603;3.9275;600;11403930046;B
20241111;101603;3.925;100;11403930417;S
20241111;101604;3.925;100;11403930795;S
20241111;101607;3.925;100;11403932072;S
20241111;101607;3.925;14300;11403932118;S
20241111;101610;3.925;100;11403933231;S
20241111;101610;3.925;100;11403933572;S
20241111;101618;3.925;1500;11403936282;S
20241111;101619;3.9255;100;11403936636;S
20241111;101620;3.9255;100;11403937056;S
20241111;101622;3.9255;200;11403937928;S
20241111;101622;3.9255;100;11403938194;S
20241111;101625;3.925;100;11403939609;S
20241111;101628;3.925;200;11403940522;S
20241111;101629;3.925;100;11403940732;S
20241111;101631;3.925;200;11403941919;S
20241111;101633;3.925;100;11403942476;S
20241111;101637;3.926;600;11403944008;B
20241111;101637;3.926;5700;11403944162;B
20241111;101637;3.926;400;11403944163;B
20241111;101637;3.927;4400;11403944164;B
20241111;101637;3.9275;300;11403944258;B
20241111;101639;3.926;100;11403944849;S
20241111;101639;3.928;5100;11403944852;B
20241111;101639;3.929;4600;11403944910;B
20241111;101639;3.9295;500;11403944911;B
20241111;101640;3.929;300;11403945661;B
20241111;101641;3.9265;100;11403945930;S
20241111;101641;3.9265;200;11403946048;S
20241111;101642;3.9265;100;11403946282;S
20241111;101644;3.9265;100;11403946722;S
20241111;101644;3.9265;100;11403947025;S
20241111;101652;3.929;200;11403949455;B
20241111;101655;3.928;100;11403950181;S
20241111;101655;3.929;4100;11403950183;B
20241111;101655;3.929;2000;11403950225;S
20241111;101655;3.929;100;11403950398;S
20241111;101656;3.929;100;11403950519;S
20241111;101656;3.9295;8700;11403950520;B
20241111;101656;3.926;100;11403950575;S
20241111;101658;3.928;1100;11403951149;S
20241111;101658;3.9265;2600;11403951150;S
20241111;101659;3.9255;100;11403951473;S
20241111;101704;3.9255;100;11403952732;S
20241111;101705;3.9255;300;11403953019;S
20241111;101707;3.9255;100;11403953383;S
20241111;101707;3.928;100;11403953658;B
20241111;101711;3.9255;500;11403954533;S
20241111;101712;3.9275;300;11403954820;B
20241111;101714;3.925;700;11403955168;S
20241111;101715;3.925;100;11403955417;S
20241111;101715;3.925;100;11403955459;S
20241111;101715;3.925;100;11403955507;S
20241111;101717;3.9255;200;11403955919;B
20241111;101717;3.9255;300;11403955920;B
20241111;101718;3.925;100;11403956540;S
20241111;101718;3.925;100;11403956558;S
20241111;101721;3.925;400;11403957219;S
20241111;101722;3.9255;1000;11403957419;B
20241111;101723;3.925;100;11403957728;S
20241111;101724;3.925;100;11403957871;S
20241111;101724;3.925;100;11403957872;S
20241111;101724;3.925;100;11403957964;S
20241111;101725;3.925;1500;11403958225;S
20241111;101727;3.925;100;11403958654;S
20241111;101728;3.9255;1000;11403958795;B
20241111;101728;3.925;100;11403958829;S
20241111;101728;3.925;300;11403958894;S
20241111;101730;3.9255;3600;11403959373;B
20241111;101730;3.925;300;11403959465;S
20241111;101733;3.925;1700;11403960173;S
20241111;101733;3.925;100;11403960180;S
20241111;101733;3.925;100;11403960233;S
20241111;101733;3.925;100;11403960249;S
20241111;101733;3.925;100;11403960266;S
20241111;101734;3.925;4500;11403960425;S
20241111;101735;3.925;100;11403960528;S
20241111;101737;3.925;100;11403961053;S
20241111;101737;3.925;100;11403961120;S
20241111;101737;3.925;100;11403961185;S
20241111;101738;3.925;1600;11403961278;S
20241111;101739;3.925;1500;11403961716;S
20241111;101742;3.925;100;11403962463;S
20241111;101744;3.925;100;11403962700;S
20241111;101744;3.925;400;11403962731;S
20241111;101744;3.925;6400;11403962772;S
20241111;101744;3.925;100;11403962792;S
20241111;101745;3.925;20000;11403963116;S
20241111;101746;3.9255;200;11403963182;B
20241111;101746;3.925;100;11403963267;S
20241111;101746;3.9255;100;11403963283;B
20241111;101749;3.925;100;11403964311;S
20241111;101749;3.925;100;11403964357;S
20241111;101750;3.9255;100;11403964489;B
20241111;101753;3.925;100;11403965184;S
20241111;101754;3.9255;1000;11403965428;B
20241111;101754;3.925;400;11403965440;S
20241111;101755;3.925;100;11403965789;S
20241111;101759;3.925;100;11403966724;S
20241111;101759;3.925;100;11403966799;S
20241111;101801;3.925;9500;11403967077;S
20241111;101805;3.925;100;11403968191;S
20241111;101805;3.925;200;11403968197;S
20241111;101806;3.9255;100;11403968390;B
20241111;101806;3.9255;100;11403968508;B
20241111;101807;3.9255;300;11403968709;B
20241111;101807;3.925;100;11403968801;S
20241111;101808;3.925;488600;11403968908;S
20241111;101808;3.925;1000;11403968909;S
20241111;101808;3.925;100;11403968910;S
20241111;101808;3.925;1500;11403968911;S
20241111;101808;3.925;2500;11403968912;S
20241111;101808;3.925;100;11403968913;S
20241111;101808;3.925;100;11403968914;S
20241111;101808;3.925;6000;11403968915;S
20241111;101808;3.925;100;11403968916;S
20241111;101810;3.925;8900;11403969390;S
20241111;101811;3.925;50000;11403969814;S
20241111;101812;3.9255;400;11403969950;B
20241111;101812;3.9255;200;11403969951;B
20241111;101812;3.9255;400;11403969952;B
20241111;101814;3.925;100;11403970459;S
20241111;101815;3.925;10000;11403970717;S
20241111;101816;3.925;100;11403970902;S
20241111;101817;3.9255;100;11403971214;B
20241111;101818;3.9255;100;11403971284;B
20241111;101818;3.9255;100;11403971482;B
20241111;101819;3.9255;200;11403971586;B
20241111;101819;3.9255;2600;11403971587;B
20241111;101819;3.925;1600;11403971721;S
20241111;101819;3.925;2500;11403971722;S
20241111;101819;3.925;200;11403971776;S
20241111;101820;3.9255;100;11403971790;B
20241111;101820;3.925;100;11403971807;S
20241111;101821;3.925;100;11403972084;S
20241111;101822;3.925;100;11403972335;S
20241111;101822;3.925;100;11403972478;S
20241111;101823;3.9255;100;11403972572;B
20241111;101823;3.9255;300;11403972667;B
20241111;101824;3.925;100;11403972892;S
20241111;101824;3.925;1300;11403972972;S
20241111;101825;3.9255;200;11403973118;B
20241111;101828;3.925;100;11403974194;S
20241111;101832;3.925;1000;11403975189;S
20241111;101833;3.9255;300;11403975391;B
20241111;101833;3.9255;100;11403975494;B
20241111;101834;3.925;100;11403975815;S
20241111;101835;3.9255;100;11403976067;B
20241111;101836;3.925;100;11403976189;S
20241111;101837;3.925;500;11403976517;S
20241111;101839;3.925;100;11403977188;S
20241111;101839;3.9255;1600;11403977238;B
20241111;101840;3.9255;14600;11403977440;B
20241111;101840;3.9255;500;11403977441;B
20241111;101840;3.9255;3300;11403977442;B
20241111;101840;3.9255;3300;11403977443;B
20241111;101840;3.926;2600;11403977444;B
20241111;101840;3.9265;38200;11403977445;B
20241111;101840;3.9265;12400;11403977446;B
20241111;101840;3.928;5300;11403977447;B
20241111;101840;3.928;62400;11403977448;B
20241111;101840;3.928;26600;11403977449;B
20241111;101840;3.928;25400;11403977450;B
20241111;101840;3.9285;13500;11403977451;B
20241111;101840;3.929;21000;11403977452;B
20241111;101840;3.929;20000;11403977453;B
20241111;101840;3.929;400;11403977454;B
20241111;101840;3.9295;12000;11403977455;B
20241111;101840;3.9295;141800;11403977456;B
20241111;101840;3.9295;20100;11403977457;B
20241111;101840;3.93;300;11403977458;B
20241111;101840;3.93;100;11403977459;B
20241111;101840;3.93;100;11403977460;B
20241111;101840;3.93;2600;11403977461;B
20241111;101840;3.93;100;11403977462;B
20241111;101840;3.93;40000;11403977463;B
20241111;101840;3.93;4000;11403977464;B
20241111;101840;3.93;1500;11403977465;B
20241111;101840;3.93;90000;11403977466;B
20241111;101840;3.93;45000;11403977467;B
20241111;101840;3.93;9000;11403977468;B
20241111;101840;3.9305;200;11403977469;B
20241111;101840;3.9305;19100;11403977470;B
20241111;101840;3.9305;100;11403977471;B
20241111;101840;3.9305;90000;11403977472;B
20241111;101840;3.9305;25000;11403977473;B
20241111;101840;3.931;1000;11403977474;B
20241111;101840;3.931;10000;11403977475;B
20241111;101840;3.931;5200;11403977476;B
20241111;101840;3.9315;90000;11403977477;B
20241111;101840;3.932;19700;11403977478;B
20241111;101840;3.932;23600;11403977479;B
20241111;101841;3.93;100;11403977872;S
20241111;101843;3.9315;100;11403978362;B
20241111;101849;3.93;100;11403980550;S
20241111;101849;3.9295;4900;11403980551;S
20241111;101857;3.9295;100;11403983043;S
20241111;101905;3.9285;400;11403985707;S
20241111;101909;3.9295;100;11403986969;B
20241111;101909;3.9295;100;11403986970;B
20241111;101910;3.9295;100;11403987182;S
20241111;101910;3.9285;1900;11403987183;S
20241111;101917;3.9285;100;11403989541;B
20241111;101917;3.9285;400;11403989542;B
20241111;101920;3.9295;100;11403990674;B
20241111;101920;3.928;12400;11403990927;S
20241111;101920;3.9275;200;11403990928;S
20241111;101920;3.927;1700;11403990929;S
20241111;101920;3.9265;1500;11403990930;S
20241111;101920;3.9265;71600;11403990931;S
20241111;101920;3.9265;1500;11403990932;S
20241111;101920;3.926;30000;11403990933;S
20241111;101920;3.926;2000;11403990934;S
20241111;101920;3.9255;2500;11403990935;S
20241111;101920;3.9255;400;11403990936;S
20241111;101920;3.9255;25400;11403990937;S
20241111;101920;3.9255;20000;11403990938;S
20241111;101920;3.925;637000;11403990939;S
20241111;101920;3.925;100;11403990940;S
20241111;101920;3.925;200;11403990941;S
20241111;101920;3.925;90000;11403990942;S
20241111;101920;3.925;90000;11403990943;S
20241111;101920;3.925;13500;11403990944;S
20241111;101921;3.925;1000;11403991091;S
20241111;101929;3.925;200;11403993951;S
20241111;101931;3.9255;5000;11403995007;B
20241111;101931;3.926;2700;11403995008;B
20241111;101931;3.926;2900;11403995009;B
20241111;101931;3.9265;5300;11403995010;B
20241111;101931;3.928;100;11403995039;B
20241111;101937;3.926;2400;11403997375;B
20241111;101937;3.9275;700;11403997376;B
20241111;101938;3.9275;200;11403998028;S
20241111;101939;3.9285;1000;11403998379;B
20241111;101940;3.9285;2100;11403998660;B
20241111;101940;3.927;1900;11403998833;B
20241111;101941;3.928;1700;11403998937;B
20241111;101943;3.929;1500;11403999742;B
20241111;101944;3.929;500;11404000160;B
20241111;101950;3.929;300;11404001968;B
20241111;101954;3.9265;100;11404003221;S
20241111;101955;3.9265;5000;11404003530;S
20241111;101956;3.929;100;11404004002;B
20241111;102002;3.929;100;11404005494;B
20241111;102005;3.9265;200;11404006375;S
20241111;102006;3.9265;400;11404006800;S
20241111;102012;3.928;100;11404008605;B
20241111;102013;3.926;3700;11404009060;S
20241111;102014;3.926;100;11404009387;S
20241111;102019;3.926;400;11404010826;S
20241111;102021;3.928;300;11404011336;B
20241111;102024;3.928;100;11404012826;B
20241111;102026;3.926;8200;11404013249;S
20241111;102026;3.926;400;11404013250;S
20241111;102026;3.926;400;11404013251;S
20241111;102026;3.926;1600;11404013252;S
20241111;102026;3.9255;1600;11404013253;S
20241111;102026;3.925;209300;11404013254;S
20241111;102026;3.925;100;11404013255;S
20241111;102026;3.925;1000;11404013256;S
20241111;102026;3.925;4000;11404013257;S
20241111;102026;3.9245;25400;11404013258;S
20241111;102026;3.924;1000;11404013259;S
20241111;102026;3.924;100;11404013260;S
20241111;102026;3.924;2500;11404013261;S
20241111;102026;3.924;20000;11404013262;S
20241111;102026;3.924;13500;11404013263;S
20241111;102026;3.923;10000;11404013264;S
20241111;102026;3.923;30100;11404013265;S
20241111;102026;3.9225;9700;11404013266;S
20241111;102026;3.9225;35800;11404013267;S
20241111;102026;3.922;90000;11404013268;S
20241111;102026;3.922;15000;11404013269;S
20241111;102026;3.922;8700;11404013270;S
20241111;102026;3.9215;100;11404013271;S
20241111;102026;3.9215;100;11404013272;S
20241111;102026;3.9215;25500;11404013273;S
20241111;102026;3.9215;500;11404013274;S
20241111;102026;3.9215;45000;11404013275;S
20241111;102026;3.921;100;11404013276;S
20241111;102026;3.921;100;11404013277;S
20241111;102026;3.921;200;11404013278;S
20241111;102026;3.921;100;11404013279;S
20241111;102026;3.921;700;11404013280;S
20241111;102026;3.921;300;11404013281;S
20241111;102026;3.921;200;11404013282;S
20241111;102026;3.921;300;11404013283;S
20241111;102026;3.921;100;11404013284;S
20241111;102026;3.921;400;11404013285;S
20241111;102026;3.921;100;11404013286;S
20241111;102026;3.921;100;11404013287;S
20241111;102026;3.921;10000;11404013288;S
20241111;102026;3.921;100;11404013289;S
20241111;102026;3.921;100;11404013290;S
20241111;102026;3.921;1000;11404013291;S
20241111;102026;3.921;100;11404013292;S
20241111;102026;3.921;400;11404013293;S
20241111;102026;3.921;100;11404013294;S
20241111;102026;3.921;200;11404013295;S
20241111;102026;3.921;100;11404013296;S
20241111;102026;3.921;100;11404013297;S
20241111;102026;3.921;100;11404013298;S
20241111;102026;3.921;500;11404013299;S
20241111;102026;3.921;100;11404013300;S
20241111;102026;3.921;2500;11404013301;S
20241111;102026;3.921;900;11404013302;S
20241111;102026;3.921;100;11404013303;S
20241111;102026;3.921;100;11404013304;S
20241111;102026;3.921;100;11404013305;S
20241111;102026;3.921;44400;11404013306;S
20241111;102026;3.921;500;11404013307;S
20241111;102026;3.921;100;11404013308;S
20241111;102026;3.921;100;11404013309;S
20241111;102026;3.921;4000;11404013310;S
20241111;102026;3.921;20000;11404013311;S
20241111;102026;3.921;400;11404013312;S
20241111;102026;3.921;1000;11404013313;S
20241111;102026;3.921;5100;11404013314;S
20241111;102026;3.921;6000;11404013315;S
20241111;102026;3.921;2500;11404013316;S
20241111;102026;3.921;200;11404013317;S
20241111;102026;3.921;90000;11404013318;S
20241111;102026;3.9205;13000;11404013319;S
20241111;102026;3.9205;100;11404013320;S
20241111;102026;3.9205;100000;11404013321;S
20241111;102026;3.9205;12000;11404013322;S
20241111;102026;3.9205;90000;11404013323;S
20241111;102026;3.92;200;11404013324;S
20241111;102026;3.92;100;11404013325;S
20241111;102026;3.92;100;11404013326;S
20241111;102026;3.92;900;11404013327;S
20241111;102026;3.92;200;11404013328;S
20241111;102026;3.92;100;11404013329;S
20241111;102026;3.92;100;11404013330;S
20241111;102026;3.92;300;11404013331;S
20241111;102026;3.92;400;11404013332;S
20241111;102026;3.92;200;11404013333;S
20241111;102026;3.92;200;11404013334;S
20241111;102026;3.92;100;11404013335;S
20241111;102026;3.92;100;11404013336;S
20241111;102026;3.92;300;11404013337;S
20241111;102026;3.92;600;11404013338;S
20241111;102026;3.92;2100;11404013339;S
20241111;102026;3.92;100;11404013340;S
20241111;102026;3.92;2800;11404013341;S
20241111;102026;3.92;200;11404013342;S
20241111;102026;3.92;100;11404013343;S
20241111;102026;3.92;1000;11404013344;S
20241111;102026;3.92;21500;11404013345;S
20241111;102026;3.921;100;11404013364;S
20241111;102026;3.921;1000;11404013366;S
20241111;102026;3.924;400;11404013391;B
20241111;102026;3.924;400;11404013392;B
20241111;102026;3.924;400;11404013501;B
20241111;102026;3.924;400;11404013505;B
20241111;102026;3.924;400;11404013557;B
20241111;102026;3.924;400;11404013564;B
20241111;102026;3.924;400;11404013600;B
20241111;102026;3.924;400;11404013605;B
20241111;102026;3.924;400;11404013666;B
20241111;102026;3.924;400;11404013668;B
20241111;102026;3.924;400;11404013707;B
20241111;102026;3.924;400;11404013710;B
20241111;102026;3.924;400;11404013732;B
20241111;102026;3.924;400;11404013771;B
20241111;102026;3.924;400;11404013776;B
20241111;102026;3.924;400;11404013807;B
20241111;102026;3.924;200;11404013883;B
20241111;102026;3.921;100;11404014013;S
20241111;102026;3.924;10000;11404014067;B
20241111;102026;3.9215;9900;11404014073;S
20241111;102026;3.9215;2500;11404014081;S
20241111;102026;3.9205;23700;11404014082;S
20241111;102027;3.9225;500;11404014753;B
20241111;102031;3.922;200;11404018167;B
20241111;102032;3.922;1000;11404018935;B
20241111;102033;3.92;100;11404020311;S
20241111;102034;3.922;200;11404020863;B
20241111;102035;3.922;100;11404022534;B
20241111;102039;3.9225;2000;11404026715;B
20241111;102042;3.922;100;11404029276;B
20241111;102042;3.922;100;11404029323;B
20241111;102042;3.922;100;11404029382;B
20241111;102042;3.922;100;11404029428;B
20241111;102042;3.922;100;11404029476;B
20241111;102042;3.922;100;11404029520;B
20241111;102042;3.922;100;11404029584;B
20241111;102042;3.922;100;11404029674;B
20241111;102042;3.922;100;11404029736;B
20241111;102044;3.921;100;11404030602;S
20241111;102044;3.921;700;11404030603;S
20241111;102049;3.9205;10500;11404035544;S
20241111;102049;3.9205;12400;11404035545;S
20241111;102049;3.92;3800;11404035546;S
20241111;102049;3.92;100;11404035547;S
20241111;102049;3.92;200;11404035548;S
20241111;102049;3.92;6500;11404035549;S
20241111;102049;3.92;1000;11404035550;S
20241111;102049;3.92;1200;11404035551;S
20241111;102049;3.92;100;11404035552;S
20241111;102049;3.92;100;11404035553;S
20241111;102049;3.92;100;11404035554;S
20241111;102049;3.92;100;11404035555;S
20241111;102049;3.92;8500;11404035556;S
20241111;102049;3.92;600;11404035557;S
20241111;102049;3.92;1000;11404035558;S
20241111;102049;3.92;100;11404035559;S
20241111;102049;3.92;5000;11404035560;S
20241111;102049;3.92;300;11404035561;S
20241111;102049;3.92;100;11404035562;S
20241111;102049;3.92;1000;11404035563;S
20241111;102049;3.92;10400;11404035564;S
20241111;102049;3.92;900;11404035565;S
20241111;102049;3.92;700;11404035566;S
20241111;102049;3.92;40000;11404035567;S
20241111;102049;3.92;100;11404035568;S
20241111;102049;3.92;100;11404035569;S
20241111;102049;3.92;25500;11404035570;S
20241111;102049;3.92;10500;11404035571;S
20241111;102049;3.9195;100;11404035572;S
20241111;102049;3.9195;300;11404035573;S
20241111;102049;3.9195;100;11404035574;S
20241111;102049;3.9195;1000;11404035575;S
20241111;102049;3.9195;100;11404035576;S
20241111;102049;3.9195;100;11404035577;S
20241111;102049;3.9195;51000;11404035578;S
20241111;102049;3.919;51000;11404035579;S
20241111;102049;3.919;300;11404035580;S
20241111;102049;3.9185;51000;11404035581;S
20241111;102049;3.9185;100;11404035582;S
20241111;102049;3.918;30000;11404035583;S
20241111;102049;3.918;51000;11404035584;S
20241111;102049;3.918;2500;11404035585;S
20241111;102049;3.918;3000;11404035586;S
20241111;102049;3.918;13500;11404035587;S
20241111;102049;3.9175;100;11404035588;S
20241111;102049;3.9175;5000;11404035589;S
20241111;102049;3.9175;200;11404035590;S
20241111;102049;3.9175;48700;11404035591;S
20241111;102052;3.92;100;11404038395;S
20241111;102054;3.9205;100;11404040706;B
20241111;102056;3.9215;800;11404041860;B
20241111;102056;3.9225;800;11404041888;B
20241111;102056;3.922;800;11404041959;B
20241111;102056;3.922;800;11404042005;B
20241111;102056;3.922;800;11404042049;B
20241111;102056;3.922;800;11404042112;B
20241111;102056;3.9215;800;11404042154;B
20241111;102056;3.922;800;11404042190;B
20241111;102056;3.922;800;11404042231;B
20241111;102056;3.922;400;11404042287;B
20241111;102056;3.9215;1100;11404042380;B
20241111;102056;3.9215;7900;11404042381;B
20241111;102056;3.922;9000;11404042443;B
20241111;102058;3.92;100;11404043674;S
20241111;102104;3.922;82100;11404050408;B
20241111;102104;3.922;12400;11404050409;B
20241111;102104;3.922;500;11404050410;B
20241111;102106;3.9205;400;11404052600;S
20241111;102108;3.9205;12400;11404054045;S
20241111;102108;3.92;300;11404054046;S
20241111;102108;3.92;100;11404054047;S
20241111;102108;3.9195;100;11404054048;S
20241111;102108;3.9195;2900;11404054049;S
20241111;102112;3.9195;12400;11404058301;S
20241111;102112;3.9195;17600;11404058302;S
20241111;102115;3.9225;100;11404060440;B
20241111;102116;3.9225;1000;11404061215;B
20241111;102116;3.9225;10600;11404061216;B
20241111;102117;3.9225;900;11404061665;B
20241111;102121;3.9235;100;11404064642;B
20241111;102123;3.9245;800;11404067180;B
20241111;102124;3.9245;300;11404067725;B
20241111;102124;3.9245;2700;11404067726;B
20241111;102126;3.925;100;11404069568;B
20241111;102128;3.9225;100;11404071761;S
20241111;102128;3.9245;1000;11404072050;B
20241111;102129;3.925;800;11404072303;B
20241111;102129;3.925;1300;11404072304;B
20241111;102129;3.925;100;11404072781;B
20241111;102130;3.925;2600;11404073976;B
20241111;102130;3.925;3000;11404073989;B
20241111;102130;3.925;700;11404074022;B
20241111;102130;3.9255;100;11404074023;B
20241111;102130;3.9255;100;11404074024;B
20241111;102130;3.9255;100;11404074025;B
20241111;102130;3.9255;1300;11404074026;B
20241111;102130;3.9255;2800;11404074048;B
20241111;102130;3.9255;1700;11404074062;B
20241111;102130;3.9255;1700;11404074119;B
20241111;102130;3.9255;2300;11404074267;B
20241111;102130;3.9255;2200;11404074285;B
20241111;102130;3.926;3400;11404074286;B
20241111;102130;3.926;1700;11404074296;B
20241111;102131;3.9235;1300;11404075082;S
20241111;102131;3.925;600;11404075254;B
20241111;102131;3.925;11900;11404075255;B
20241111;102131;3.926;1900;11404075309;B
20241111;102131;3.926;1700;11404075315;B
20241111;102131;3.926;2100;11404075350;B
20241111;102131;3.926;1600;11404075353;B
20241111;102131;3.926;2700;11404075387;B
20241111;102133;3.925;500;11404077103;B
20241111;102133;3.925;1300;11404077104;B
20241111;102133;3.925;2000;11404077107;B
20241111;102133;3.926;1600;11404077114;B
20241111;102133;3.9265;3000;11404077115;B
20241111;102133;3.9265;2800;11404077127;B
20241111;102133;3.9265;2100;11404077129;B
20241111;102133;3.9265;6800;11404077135;B
20241111;102133;3.9265;2200;11404077139;B
20241111;102134;3.9265;100;11404077894;B
20241111;102134;3.925;100;11404078289;S
20241111;102134;3.9245;3000;11404078290;S
20241111;102134;3.924;12400;11404078291;S
20241111;102134;3.924;3000;11404078292;S
20241111;102135;3.9235;4000;11404078599;B
20241111;102135;3.9235;2000;11404078708;B
20241111;102135;3.9235;4200;11404078714;B
20241111;102135;3.9235;2900;11404078742;B
20241111;102135;3.9235;11400;11404078744;B
20241111;102135;3.9225;1000;11404079053;S
20241111;102137;3.9235;100;11404080276;B
20241111;102141;3.923;200;11404084144;B
20241111;102141;3.923;10300;11404084145;B
20241111;102141;3.9225;100;11404084950;S
20241111;102142;3.9225;100;11404085459;S
20241111;102142;3.9235;300;11404085507;B
20241111;102142;3.9235;300;11404085528;B
20241111;102142;3.9235;300;11404085545;B
20241111;102142;3.9235;300;11404085573;B
20241111;102142;3.9235;300;11404085610;B
20241111;102142;3.9235;300;11404085626;B
20241111;102142;3.9235;300;11404085645;B
20241111;102142;3.9235;300;11404085658;B
20241111;102142;3.9235;300;11404085668;B
20241111;102142;3.9235;100;11404085685;B
20241111;102145;3.9235;100;11404086727;B
20241111;102145;3.9235;600;11404087019;B
20241111;102145;3.9235;2100;11404087055;B
20241111;102146;3.9235;900;11404087361;B
20241111;102146;3.9235;400;11404087623;B
20241111;102146;3.9235;400;11404087803;B
20241111;102147;3.9235;6200;11404088408;B
20241111;102149;3.9235;100;11404090510;B
20241111;102150;3.9235;100;11404090928;B
20241111;102152;3.9235;100;11404093035;B
20241111;102152;3.9235;100;11404093081;B
20241111;102152;3.9235;100;11404093121;B
20241111;102152;3.9235;100;11404093151;B
20241111;102152;3.9235;100;11404093182;B
20241111;102152;3.9235;100;11404093215;B
20241111;102152;3.9235;100;11404093248;B
20241111;102152;3.9235;100;11404093299;B
20241111;102152;3.9235;100;11404093317;B
20241111;102152;3.9235;100;11404093350;B
20241111;102152;3.9235;100;11404093383;B
20241111;102153;3.9235;100;11404094203;B
20241111;102153;3.9225;200;11404094564;S
20241111;102154;3.9235;100;11404095474;B
20241111;102155;3.9235;200000;11404096357;B
20241111;102155;3.9235;4300;11404096359;B
20241111;102156;3.925;100;11404097119;B
20241111;102157;3.924;1500;11404098669;S
20241111;102158;3.9235;100;11404098894;S
20241111;102158;3.9235;600;11404099120;S
20241111;102202;3.9235;100;11404103794;S
20241111;102206;3.9255;100;11404106800;B
20241111;102210;3.9235;500;11404111041;S
20241111;102210;3.9235;1000;11404111157;S
20241111;102211;3.9255;19900;11404111897;B
20241111;102211;3.9255;12400;11404111898;B
20241111;102211;3.926;2500;11404111899;B
20241111;102211;3.9265;500;11404111900;B
20241111;102211;3.9265;2500;11404111901;B
20241111;102211;3.9265;100;11404111902;B
20241111;102211;3.927;37100;11404111903;B
20241111;102211;3.927;100;11404112118;B
20241111;102214;3.9265;100;11404114596;B
20241111;102219;3.9265;200;11404118373;B
20241111;102221;3.9245;100;11404120746;S
20241111;102227;3.9265;400;11404125807;B
20241111;102227;3.927;3900;11404125808;B
20241111;102227;3.9275;5700;11404125809;B
20241111;102228;3.9265;300;11404126617;B
20241111;102229;3.925;100;11404127755;S
20241111;102231;3.9275;200;11404128833;B
20241111;102231;3.9275;2000;11404128878;B
20241111;102233;3.925;1000;11404130412;S
20241111;102233;3.9275;100;11404130628;B
20241111;102240;3.9275;22000;11404137061;B
20241111;102240;3.9275;100;11404137062;B
20241111;102240;3.928;100;11404137063;B
20241111;102240;3.928;100;11404137064;B
20241111;102240;3.928;100;11404137065;B
20241111;102240;3.928;100;11404137066;B
20241111;102240;3.928;100;11404137067;B
20241111;102240;3.928;100;11404137068;B
20241111;102240;3.928;100;11404137069;B
20241111;102240;3.928;100;11404137070;B
20241111;102240;3.928;100;11404137071;B
20241111;102240;3.928;100;11404137072;B
20241111;102240;3.928;100;11404137073;B
20241111;102240;3.928;100;11404137074;B
20241111;102240;3.928;3200;11404137075;B
20241111;102240;3.928;300;11404137076;B
20241111;102240;3.928;12400;11404137077;B
20241111;102240;3.928;100;11404137131;S
20241111;102240;3.928;100;11404137142;S
20241111;102240;3.928;100;11404137157;S
20241111;102240;3.928;100;11404137184;S
20241111;102240;3.928;100;11404137231;S
20241111;102240;3.928;100;11404137292;S
20241111;102240;3.928;100;11404137342;S
20241111;102240;3.928;100;11404137375;S
20241111;102244;3.9295;100;11404141487;B
20241111;102248;3.928;100;11404144519;S
20241111;102248;3.928;300;11404144759;S
20241111;102251;3.9295;100;11404147293;B
20241111;102251;3.9295;400;11404147294;B
20241111;102252;3.928;2000;11404147737;S
20241111;102253;3.928;100;11404148094;S
20241111;102303;3.928;100;11404157315;S
20241111;102306;3.9285;100;11404159688;B
20241111;102306;3.9285;200;11404159756;B
20241111;102306;3.9285;800;11404159757;B
20241111;102308;3.928;100;11404161755;S
20241111;102310;3.928;100;11404163504;S
20241111;102310;3.9285;2500;11404163685;B
20241111;102311;3.9285;3000;11404164629;B
20241111;102313;3.928;100;11404165683;S
20241111;102314;3.9285;500;11404167208;B
20241111;102314;3.928;7100;11404167209;S
20241111;102314;3.928;100;11404167210;S
20241111;102314;3.928;600;11404167211;S
20241111;102314;3.928;5000;11404167212;S
20241111;102314;3.9265;500;11404167376;B
20241111;102320;3.9245;100;11404172549;S
20241111;102323;3.9245;27000;11404175382;S
20241111;102323;3.9235;100;11404175383;S
20241111;102323;3.9235;1500;11404175384;S
20241111;102323;3.9235;200;11404175385;S
20241111;102323;3.9235;4200;11404175386;S
20241111;102323;3.923;6000;11404175387;S
20241111;102323;3.923;12400;11404175388;S
20241111;102323;3.923;4200;11404175389;S
20241111;102323;3.9225;6600;11404175390;S
20241111;102323;3.9225;2000;11404175391;S
20241111;102323;3.9225;2600;11404175392;S
20241111;102323;3.9225;33200;11404175393;S
20241111;102327;3.9225;2000;11404178219;S
20241111;102331;3.9225;400;11404179184;S
20241111;102334;3.925;200;11404180107;B
20241111;102334;3.922;500;11404180182;S
20241111;102334;3.922;1100;11404180183;S
20241111;102336;3.9225;100;11404180619;S
20241111;102342;3.9245;600;11404182597;B
20241111;102343;3.925;600;11404182770;B
20241111;102357;3.9245;100;11404186864;B
20241111;102358;3.925;100;11404187264;B
20241111;102359;3.925;300;11404187517;B
20241111;102359;3.925;100;11404187682;B
20241111;102401;3.9225;100;11404188238;S
20241111;102401;3.9225;5000;11404188239;S
20241111;102401;3.922;44800;11404188240;S
20241111;102409;3.925;300;11404190346;B
20241111;102411;3.925;900;11404190620;B
20241111;102411;3.922;200;11404190672;S
20241111;102413;3.922;200;11404191304;S
20241111;102413;3.922;3700;11404191345;S
20241111;102413;3.922;1300;11404191346;S
20241111;102416;3.922;100;11404192216;S
20241111;102417;3.924;2100;11404192286;B
20241111;102417;3.9245;2900;11404192287;B
20241111;102425;3.924;200;11404194690;B
20241111;102434;3.922;4600;11404196665;S
20241111;102434;3.922;100;11404196666;S
20241111;102435;3.922;300;11404197065;B
20241111;102437;3.922;700;11404197437;S
20241111;102440;3.922;100;11404198101;B
20241111;102445;3.922;400;11404199265;B
20241111;102445;3.9205;200;11404199474;S
20241111;102448;3.922;100;11404200232;B
20241111;102448;3.922;3700;11404200268;B
20241111;102448;3.922;2600;11404200269;B
20241111;102449;3.9225;300;11404200508;B
20241111;102449;3.923;400;11404200509;B
20241111;102449;3.9235;1100;11404200510;B
20241111;102449;3.9235;100;11404200511;B
20241111;102449;3.924;7600;11404200512;B
20241111;102449;3.924;500;11404200513;B
20241111;102502;3.9225;200;11404204063;B
20241111;102511;3.9225;100;11404206672;B
20241111;102513;3.9225;400;11404207291;B
20241111;102516;3.9225;300;11404208199;B
20241111;102517;3.922;900;11404208687;S
20241111;102518;3.922;100;11404208757;S
20241111;102523;3.922;100;11404210336;S
20241111;102526;3.922;100;11404211147;S
20241111;102528;3.9225;100;11404211810;B
20241111;102530;3.922;100;11404212728;S
20241111;102531;3.922;100;11404213008;S
20241111;102534;3.922;200;11404213948;S
20241111;102536;3.922;3400;11404214183;S
20241111;102536;3.921;300;11404214184;S
20241111;102539;3.9225;100;11404215412;B
20241111;102539;3.922;2600;11404215427;S
20241111;102539;3.9215;2100;11404215428;S
20241111;102539;3.921;2500;11404215429;S
20241111;102541;3.921;800;11404216096;S
20241111;102546;3.922;100;11404217765;B
20241111;102548;3.9225;600;11404218363;B
20241111;102548;3.9225;8400;11404218364;B
20241111;102551;3.922;500;11404219231;B
20241111;102553;3.922;100;11404219752;B
20241111;102558;3.921;100;11404221308;S
20241111;102559;3.922;100;11404221525;B
20241111;102559;3.922;100;11404221711;B
20241111;102601;3.921;400;11404222171;S
20241111;102605;3.922;900;11404223581;B
20241111;102605;3.922;1000;11404223582;B
20241111;102606;3.923;12400;11404223844;B
20241111;102606;3.923;500;11404223845;B
20241111;102606;3.923;11300;11404223846;S
20241111;102608;3.923;800;11404224705;S
20241111;102608;3.9225;100;11404224706;S
20241111;102614;3.922;100;11404226423;B
20241111;102620;3.921;500;11404228444;S
20241111;102621;3.922;100;11404228733;B
20241111;102625;3.921;1700;11404229793;S
20241111;102625;3.9205;100;11404229794;S
20241111;102625;3.9205;2000;11404229795;S
20241111;102625;3.9205;5000;11404229796;S
20241111;102625;3.9205;5000;11404229797;S
20241111;102625;3.92;21800;11404229798;S
20241111;102627;3.922;100;11404230218;B
20241111;102643;3.921;100;11404234954;S
20241111;102645;3.922;100;11404235424;B
20241111;102646;3.922;100;11404235588;B
20241111;102647;3.922;100;11404235761;B
20241111;102647;3.921;100;11404235897;S
20241111;102647;3.92;100;11404235898;S
20241111;102654;3.922;100;11404237461;B
20241111;102703;3.922;6300;11404239734;B
20241111;102703;3.922;12500;11404239762;B
20241111;102703;3.922;5200;11404239763;B
20241111;102703;3.922;2700;11404239766;B
20241111;102707;3.922;5800;11404240955;B
20241111;102707;3.922;8800;11404240959;B
20241111;102707;3.922;5600;11404240960;B
20241111;102707;3.922;100;11404241061;B
20241111;102709;3.922;12500;11404241412;B
20241111;102713;3.9205;100;11404242346;B
20241111;102713;3.9205;100;11404242401;B
20241111;102713;3.92;100;11404242418;S
20241111;102714;3.9205;100;11404242752;B
20241111;102715;3.9205;100;11404242822;B
20241111;102716;3.92;500;11404243163;S
20241111;102716;3.9205;100;11404243179;B
20241111;102717;3.9205;100;11404243497;B
20241111;102718;3.92;800;11404243890;S
20241111;102718;3.92;400;11404243914;S
20241111;102720;3.9205;100;11404244332;B
20241111;102729;3.9215;100;11404246848;B
20241111;102730;3.9215;100;11404247008;B
20241111;102730;3.9215;100;11404247199;B
20241111;102731;3.9215;1500;11404247412;B
20241111;102733;3.9205;10000;11404247780;S
20241111;102733;3.9205;12400;11404247781;S
20241111;102733;3.92;26300;11404247782;S
20241111;102733;3.92;4000;11404247783;S
20241111;102733;3.92;2000;11404247784;S
20241111;102733;3.92;300;11404247785;S
20241111;102733;3.92;100;11404247786;S
20241111;102733;3.92;800;11404247787;S
20241111;102733;3.92;500;11404247788;S
20241111;102733;3.92;16500;11404247789;S
20241111;102733;3.92;100;11404247790;S
20241111;102733;3.92;500;11404247791;S
20241111;102733;3.92;100;11404247792;S
20241111;102733;3.92;100;11404247793;S
20241111;102733;3.92;200;11404247794;S
20241111;102733;3.92;200;11404247795;S
20241111;102733;3.92;100;11404247796;S
20241111;102733;3.92;3400;11404247797;S
20241111;102733;3.9195;3400;11404247798;S
20241111;102733;3.919;500;11404247799;S
20241111;102733;3.9185;1000;11404247800;S
20241111;102733;3.9185;2000;11404247801;S
20241111;102733;3.918;100;11404247802;S
20241111;102733;3.918;200;11404247803;S
20241111;102733;3.918;10000;11404247804;S
20241111;102733;3.9175;2300;11404247805;S
20241111;102733;3.9175;19000;11404247806;S
20241111;102733;3.9175;12000;11404247807;S
20241111;102733;3.9175;18600;11404247808;S
20241111;102733;3.9175;25500;11404247809;S
20241111;102733;3.917;500;11404247810;S
20241111;102733;3.917;51000;11404247811;S
20241111;102733;3.917;300;11404247812;S
20241111;102733;3.917;10000;11404247813;S
20241111;102733;3.9165;51000;11404247814;S
20241111;102733;3.9165;500;11404247815;S
20241111;102733;3.9165;13500;11404247816;S
20241111;102733;3.916;300;11404247817;S
20241111;102733;3.916;100;11404247818;S
20241111;102733;3.916;600;11404247819;S
20241111;102733;3.9185;300;11404247833;B
20241111;102733;3.9195;300;11404247837;B
20241111;102733;3.92;300;11404247852;B
20241111;102733;3.92;300;11404247915;S
20241111;102733;3.9175;500;11404247916;S
20241111;102733;3.9195;300;11404247932;B
20241111;102734;3.92;300;11404248149;S
20241111;102734;3.9175;1700;11404248150;S
20241111;102734;3.919;300;11404248162;B
20241111;102734;3.92;300;11404248177;B
20241111;102735;3.919;200;11404248375;B
20241111;102739;3.917;5000;11404249410;S
20241111;102739;3.9165;2300;11404249421;S
20241111;102739;3.9165;2400;11404249426;B
20241111;102739;3.9185;100;11404249470;B
20241111;102739;3.9175;100;11404249611;B
20241111;102742;3.9175;100;11404250388;B
20241111;102742;3.9175;100;11404250529;B
20241111;102743;3.9175;1500;11404250691;B
20241111;102744;3.9175;100;11404251060;B
20241111;102744;3.919;100;11404251069;B
20241111;102744;3.9175;100;11404251155;B
20241111;102744;3.919;100;11404251161;B
20241111;102746;3.9175;100;11404251538;B
20241111;102746;3.917;600;11404251736;S
20241111;102747;3.917;17000;11404251795;S
20241111;102747;3.917;100;11404251796;S
20241111;102747;3.917;10000;11404251797;S
20241111;102747;3.9165;28100;11404251798;S
20241111;102747;3.916;50400;11404251799;S
20241111;102747;3.916;100;11404251800;S
20241111;102747;3.916;700;11404251801;S
20241111;102747;3.917;100;11404251854;B
20241111;102748;3.917;1900;11404252215;B
20241111;102748;3.9175;100;11404252216;B
20241111;102749;3.918;100;11404252325;B
20241111;102749;3.918;100;11404252474;B
20241111;102749;3.9185;100;11404252496;B
20241111;102750;3.9175;300;11404252762;S
20241111;102750;3.9175;1100;11404252810;S
20241111;102750;3.918;100;11404253024;B
20241111;102751;3.918;100;11404253132;B
20241111;102752;3.9175;100;11404253513;S
20241111;102752;3.918;100;11404253516;B
20241111;102752;3.918;100;11404253628;B
20241111;102753;3.9185;100;11404253639;B
20241111;102753;3.9175;100;11404253814;S
20241111;102753;3.918;100;11404253828;B
20241111;102753;3.9175;100;11404253867;S
20241111;102754;3.918;100;11404254058;B
20241111;102755;3.918;100;11404254232;B
20241111;102756;3.918;200;11404254374;B
20241111;102757;3.918;100;11404254729;B
20241111;102757;3.9185;100;11404254768;B
20241111;102757;3.918;100;11404254819;B
20241111;102758;3.918;100;11404255033;B
20241111;102758;3.9185;100;11404255054;B
20241111;102758;3.9175;100;11404255285;S
20241111;102759;3.918;100;11404255320;B
20241111;102759;3.9185;100;11404255355;B
20241111;102800;3.918;100;11404255593;B
20241111;102800;3.918;100;11404255880;B
20241111;102801;3.918;100;11404255948;B
20241111;102801;3.919;100;11404255965;B
20241111;102802;3.918;100;11404256159;B
20241111;102802;3.919;100;11404256214;B
20241111;102803;3.918;100;11404256511;B
20241111;102803;3.9175;1200;11404256593;S
20241111;102805;3.918;100;11404257154;B
20241111;102805;3.918;100;11404257287;B
20241111;102806;3.918;100;11404257544;B
20241111;102806;3.9175;5000;11404257627;S
20241111;102807;3.918;100;11404257700;B
20241111;102807;3.918;100;11404257914;B
20241111;102808;3.9165;100;11404258102;S
20241111;102808;3.916;300;11404258103;S
20241111;102809;3.9165;100;11404258270;B
20241111;102809;3.9185;100;11404258274;B
20241111;102809;3.9165;100;11404258349;B
20241111;102810;3.9165;100;11404258587;B
20241111;102810;3.9165;100;11404258789;B
20241111;102810;3.918;100;11404258799;B
20241111;102811;3.9165;100;11404258900;B
20241111;102812;3.9165;200;11404259226;B
20241111;102813;3.9165;100;11404259525;B
20241111;102813;3.9165;100;11404259702;B
20241111;102814;3.916;1000;11404259754;S
