<DATE>;<TIME>;<LAST>;<VOL>;<ID>;<OPER>
20241016;095932;3.89;11000;11302956121;B
20241016;095932;3.89;1300;11302956122;B
20241016;095932;3.89;1000;11302956123;S
20241016;095932;3.89;7800;11302956124;S
20241016;095932;3.89;1000;11302956125;S
20241016;095932;3.89;200;11302956126;B
20241016;095932;3.89;100;11302956127;B
20241016;095932;3.89;100;11302956128;B
20241016;095932;3.89;100;11302956129;B
20241016;095932;3.89;600;11302956130;B
20241016;095932;3.89;100;11302956131;B
20241016;095932;3.89;100;11302956132;B
20241016;095932;3.89;100;11302956133;S
20241016;095932;3.89;800;11302956134;S
20241016;095932;3.89;500;11302956135;S
20241016;095932;3.89;1200;11302956136;S
20241016;095932;3.89;800;11302956137;S
20241016;095932;3.89;200;11302956138;B
20241016;095932;3.89;100;11302956139;B
20241016;095932;3.89;1000;11302956140;S
20241016;095932;3.89;100;11302956141;B
20241016;095932;3.89;100;11302956142;B
20241016;095932;3.89;1000;11302956143;S
20241016;095932;3.89;100;11302956144;B
20241016;095932;3.89;20000;11302956145;B
20241016;095932;3.89;26600;11302956146;S
20241016;100002;3.8835;1000;11302962985;S
20241016;100002;3.8805;1600;11302963114;S
20241016;100002;3.88;14600;11302963115;S
20241016;100002;3.8795;3000;11302963116;S
20241016;100002;3.879;200;11302963117;S
20241016;100002;3.879;100;11302963118;S
20241016;100002;3.879;100;11302963119;S
20241016;100002;3.879;400;11302963120;S
20241016;100002;3.879;200;11302963121;S
20241016;100002;3.879;200;11302963122;S
20241016;100002;3.879;1000;11302963123;S
20241016;100002;3.879;2000;11302963124;S
20241016;100002;3.879;100;11302963125;S
20241016;100002;3.879;300;11302963126;S
20241016;100002;3.879;100;11302963127;S
20241016;100002;3.878;100;11302963128;S
20241016;100002;3.878;100;11302963129;S
20241016;100002;3.878;100;11302963130;S
20241016;100002;3.878;100;11302963131;S
20241016;100002;3.8755;28400;11302963132;S
20241016;100002;3.875;1000;11302963133;S
20241016;100002;3.875;500;11302963134;S
20241016;100002;3.875;30600;11302963135;S
20241016;100002;3.875;12500;11302963136;S
20241016;100002;3.883;18000;11302963375;B
20241016;100003;3.879;100;11302963566;S
20241016;100003;3.879;300;11302963757;S
20241016;100004;3.879;6000;11302964470;S
20241016;100004;3.885;100;11302964472;B
20241016;100004;3.884;100;11302964496;B
20241016;100004;3.8845;100;11302964500;B
20241016;100004;3.885;100;11302964502;B
20241016;100004;3.8865;100;11302965777;B
20241016;100005;3.8865;100;11302966274;B
20241016;100005;3.8795;100;11302966715;S
20241016;100005;3.8865;3500;11302966719;B
20241016;100005;3.888;100;11302967298;B
20241016;100005;3.8795;200;11302967488;S
20241016;100005;3.8795;1000;11302967614;S
20241016;100005;3.8795;1000;11302967615;S
20241016;100006;3.887;100;11302967864;B
20241016;100006;3.888;200;11302968058;B
20241016;100006;3.8795;300;11302968059;S
20241016;100006;3.884;100;11302968928;S
20241016;100007;3.884;200;11302969182;S
20241016;100007;3.886;100;11302969510;B
20241016;100007;3.884;200;11302969513;S
20241016;100007;3.886;100;11302969584;B
20241016;100007;3.885;200;11302970037;B
20241016;100007;3.885;100;11302970038;B
20241016;100010;3.8855;300;11302970738;B
20241016;100010;3.8855;400;11302970903;B
20241016;100011;3.884;2800;11302971149;S
20241016;100018;3.8845;200;11302972811;S
20241016;100023;3.8845;1400;11302973944;B
20241016;100025;3.884;500;11302974325;S
20241016;100025;3.884;24800;11302974333;S
20241016;100025;3.884;6400;11302974334;S
20241016;100026;3.8795;3500;11302974658;S
20241016;100026;3.879;400;11302974659;S
20241016;100027;3.8795;200;11302974906;B
20241016;100028;3.879;100;11302975198;S
20241016;100030;3.8795;100;11302975658;B
20241016;100031;3.879;6000;11302975819;S
20241016;100031;3.878;40000;11302975820;S
20241016;100031;3.876;4000;11302975821;S
20241016;100032;3.876;3800;11302975879;S
20241016;100032;3.8745;300;11302975880;S
20241016;100032;3.8745;100;11302975881;S
20241016;100032;3.8745;2600;11302975882;S
20241016;100032;3.8745;7100;11302975883;S
20241016;100032;3.874;100;11302976060;S
20241016;100032;3.874;8000;11302976061;S
20241016;100032;3.8735;4500;11302976062;S
20241016;100033;3.873;100;11302976236;S
20241016;100033;3.8715;1000;11302976307;B
20241016;100033;3.8715;20000;11302976308;B
20241016;100033;3.8715;15100;11302976309;B
20241016;100033;3.8715;12400;11302976310;B
20241016;100034;3.872;36100;11302976364;B
20241016;100034;3.872;12400;11302976365;B
20241016;100034;3.872;36100;11302976463;B
20241016;100034;3.872;2800;11302976464;B
20241016;100038;3.872;300;11302977384;B
20241016;100046;3.8715;500;11302979153;B
20241016;100047;3.8715;300;11302979369;B
20241016;100052;3.8715;200;11302980755;B
20241016;100053;3.8725;10900;11302980915;B
20241016;100057;3.8745;10000;11302981747;S
20241016;100100;3.876;100;11302982471;B
20241016;100121;3.878;100;11302987237;B
20241016;100132;3.8785;100;11302989400;B
20241016;100132;3.8785;12400;11302989402;S
20241016;100134;3.88;100;11302989799;B
20241016;100139;3.8785;500;11302990663;S
20241016;100145;3.8805;1000;11302991897;B
20241016;100150;3.8795;200;11302993006;S
20241016;100150;3.879;1200;11302993007;S
20241016;100209;3.8805;100;11302997485;B
20241016;100230;3.881;100;11303002357;S
20241016;100243;3.8865;100;11303005426;B
20241016;100243;3.8865;100;11303005427;B
20241016;100251;3.885;100;11303007871;S
20241016;100251;3.885;700;11303007872;S
20241016;100252;3.8875;3000;11303008057;B
20241016;100254;3.8875;100;11303008695;B
20241016;100257;3.8875;600;11303009787;B
20241016;100300;3.8855;100;11303010832;S
20241016;100301;3.8855;200;11303011252;S
20241016;100319;3.8875;100;11303016717;B
20241016;100326;3.8865;2200;11303019546;S
20241016;100329;3.887;5200;11303020256;S
20241016;100331;3.887;1100;11303020760;S
20241016;100332;3.887;1000;11303021091;S
20241016;100332;3.887;1100;11303021149;S
20241016;100332;3.887;5800;11303021199;S
20241016;100332;3.887;2200;11303021200;S
20241016;100332;3.887;12400;11303021201;S
20241016;100332;3.8865;7100;11303021202;S
20241016;100333;3.8855;300;11303021626;S
20241016;100336;3.8855;100;11303022453;B
20241016;100348;3.8855;4600;11303026053;S
20241016;100348;3.885;500;11303026054;S
20241016;100348;3.884;12400;11303026055;S
20241016;100354;3.885;200;11303027830;B
20241016;100358;3.885;300;11303028625;B
20241016;100359;3.8845;100;11303028895;S
20241016;100359;3.885;600;11303028927;B
20241016;100402;3.8875;100;11303029752;B
20241016;100413;3.8875;14200;11303032379;B
20241016;100415;3.8875;100;11303032740;B
20241016;100416;3.8875;100;11303032966;B
20241016;100418;3.886;300;11303033469;S
20241016;100425;3.886;500;11303035116;S
20241016;100428;3.886;500;11303035740;S
20241016;100437;3.8865;100;11303037876;S
20241016;100439;3.8875;100;11303038223;B
20241016;100444;3.8865;600;11303039334;S
20241016;100445;3.8865;700;11303039553;S
20241016;100448;3.8875;100;11303040483;B
20241016;100451;3.8865;52000;11303041135;S
20241016;100456;3.887;100;11303042308;S
20241016;100458;3.887;100;11303042732;S
20241016;100504;3.8875;2000;11303044077;B
20241016;100505;3.8875;1000;11303044313;B
20241016;100505;3.887;600;11303044466;S
20241016;100505;3.887;2100;11303044467;S
20241016;100506;3.8875;2000;11303044612;B
20241016;100508;3.887;5300;11303045034;S
20241016;100510;3.8875;200;11303045726;B
20241016;100510;3.8875;1700;11303045727;B
20241016;100514;3.8875;6100;11303046420;B
20241016;100514;3.8875;700;11303046558;S
20241016;100514;3.8875;1300;11303046593;S
20241016;100527;3.8885;100;11303049355;B
20241016;100528;3.8885;1400;11303049525;S
20241016;100528;3.8885;6000;11303049526;S
20241016;100528;3.8885;600;11303049527;S
20241016;100531;3.888;300;11303050177;S
20241016;100542;3.8885;600;11303052140;S
20241016;100549;3.89;1000;11303053501;B
20241016;100550;3.8885;1000;11303053639;S
20241016;100550;3.89;14000;11303053667;B
20241016;100550;3.8905;36000;11303053668;B
20241016;100552;3.8895;1000;11303054065;S
20241016;100552;3.889;5000;11303054094;S
20241016;100556;3.889;1000;11303054740;S
20241016;100559;3.8885;1000;11303055288;S
20241016;100606;3.8885;5000;11303056717;S
20241016;100619;3.8905;100;11303059555;B
20241016;100619;3.8885;1000;11303059566;S
20241016;100620;3.8885;1000;11303059866;S
20241016;100622;3.8885;1000;11303060162;S
20241016;100623;3.8905;100;11303060258;B
20241016;100623;3.891;400;11303060309;B
20241016;100630;3.89;100;11303061522;B
20241016;100630;3.8905;100;11303061523;B
20241016;100635;3.889;2000;11303062387;B
20241016;100635;3.89;1900;11303062388;B
20241016;100635;3.8905;2900;11303062389;B
20241016;100635;3.8905;1900;11303062390;B
20241016;100636;3.8905;1300;11303062584;S
20241016;100639;3.8895;100;11303063167;B
20241016;100640;3.8895;100;11303063512;B
20241016;100653;3.8895;1900;11303066050;B
20241016;100702;3.8895;600;11303067720;S
20241016;100708;3.8895;1000;11303068950;S
20241016;100709;3.8895;9300;11303068991;S
20241016;100709;3.889;600;11303068992;S
20241016;100719;3.889;100;11303071348;B
20241016;100729;3.889;100;11303073341;B
20241016;100729;3.889;200;11303073342;B
20241016;100730;3.889;100;11303073491;B
20241016;100745;3.889;300;11303075844;B
20241016;100748;3.889;4000;11303076440;B
20241016;100755;3.8895;500;11303077898;B
20241016;100800;3.889;300;11303079158;B
20241016;100801;3.889;200;11303079416;B
20241016;100801;3.889;2200;11303079417;B
20241016;100801;3.8895;2200;11303079418;B
20241016;100801;3.8895;8300;11303079419;B
20241016;100801;3.89;1000;11303079420;B
20241016;100801;3.89;9000;11303079421;B
20241016;100801;3.89;1000;11303079422;B
20241016;100801;3.8905;18700;11303079423;B
20241016;100801;3.8905;300;11303079424;B
20241016;100803;3.8905;100;11303079790;B
20241016;100804;3.8905;10000;11303079956;B
20241016;100807;3.8895;1000;11303080509;S
20241016;100808;3.8895;200;11303080671;S
20241016;100809;3.8895;85900;11303080729;S
20241016;100809;3.8895;4100;11303080730;S
20241016;100809;3.8895;6000;11303080731;S
20241016;100809;3.8885;1000;11303080734;S
20241016;100809;3.8885;4000;11303080735;S
20241016;100809;3.8885;2600;11303080736;S
20241016;100809;3.8885;100;11303080737;S
20241016;100809;3.8885;200;11303080738;S
20241016;100809;3.8885;100;11303080739;S
20241016;100809;3.8885;500;11303080740;S
20241016;100809;3.8885;100;11303080741;S
20241016;100809;3.8885;500;11303080742;S
20241016;100809;3.8875;1500;11303080743;S
20241016;100809;3.8875;500;11303080744;S
20241016;100809;3.887;200;11303080746;S
20241016;100809;3.8865;2000;11303080747;S
20241016;100809;3.886;100;11303080748;S
20241016;100809;3.884;1000;11303080750;S
20241016;100809;3.8835;1800;11303080751;S
20241016;100809;3.8825;6600;11303080754;S
20241016;100809;3.8825;1000;11303080791;S
20241016;100810;3.8825;28200;11303080855;S
20241016;100810;3.8825;100;11303080856;S
20241016;100810;3.8825;36000;11303080858;B
20241016;100810;3.882;10000;11303080954;B
20241016;100811;3.8815;16600;11303080968;S
20241016;100811;3.8815;12400;11303080969;S
20241016;100811;3.881;36000;11303080989;S
20241016;100811;3.8805;200;11303080990;S
20241016;100811;3.8805;5100;11303080991;S
20241016;100811;3.88;5500;11303080992;S
20241016;100811;3.8795;3200;11303080993;S
20241016;100812;3.879;27900;11303081152;S
20241016;100812;3.879;1900;11303081310;S
20241016;100813;3.8805;10000;11303081508;B
20241016;100814;3.879;1000;11303081579;S
20241016;100816;3.879;1000;11303081884;S
20241016;100816;3.8805;7500;11303082003;B
20241016;100818;3.8795;1000;11303082330;S
20241016;100819;3.8825;2000;11303082537;B
20241016;100820;3.8815;200;11303082665;S
20241016;100820;3.883;100;11303082668;B
20241016;100821;3.8815;1000;11303082722;S
20241016;100821;3.8815;8000;11303082822;S
20241016;100825;3.8845;6700;11303083391;B
20241016;100825;3.885;90000;11303083392;B
20241016;100825;3.885;12400;11303083393;B
20241016;100825;3.886;90000;11303083394;B
20241016;100825;3.8865;36000;11303083395;B
20241016;100825;3.8885;14900;11303083396;B
20241016;100829;3.8865;700;11303084125;S
20241016;100844;3.886;1000;11303086888;S
20241016;100900;3.8855;200;11303089417;S
20241016;100902;3.8875;12400;11303089726;B
20241016;100902;3.8875;6300;11303089727;B
20241016;100902;3.888;33000;11303089728;B
20241016;100904;3.8875;5600;11303090048;B
20241016;100905;3.8875;500;11303090271;B
20241016;100907;3.8875;100;11303090493;B
20241016;100911;3.8875;100;11303091174;B
20241016;100921;3.8855;1900;11303093051;S
20241016;100921;3.8855;100;11303093104;S
20241016;100921;3.8875;100;11303093153;B
20241016;100930;3.886;1300;11303094509;S
20241016;100932;3.886;100;11303094877;S
20241016;100933;3.886;2000;11303095105;S
20241016;100933;3.8875;100;11303095167;B
20241016;100934;3.8875;1000;11303095303;B
20241016;100935;3.8875;1500;11303095338;B
20241016;100935;3.886;4700;11303095424;S
20241016;100951;3.8875;4900;11303098168;B
20241016;100951;3.8875;1500;11303098169;B
20241016;100951;3.888;1000;11303098170;B
20241016;100951;3.888;1500;11303098171;B
20241016;100951;3.8885;1000;11303098172;B
20241016;100951;3.8885;100;11303098173;B
20241016;100957;3.885;100;11303099462;B
20241016;101000;3.8845;100;11303100015;S
20241016;101000;3.884;900;11303100016;S
20241016;101000;3.885;100;11303100050;B
20241016;101002;3.8845;200;11303100500;S
20241016;101010;3.885;100;11303101770;B
20241016;101012;3.8845;3100;11303102117;S
20241016;101012;3.8845;3200;11303102118;S
20241016;101013;3.885;100;11303102383;B
20241016;101019;3.885;100;11303103344;B
20241016;101023;3.8845;200;11303103896;S
20241016;101025;3.8845;1700;11303104224;S
20241016;101025;3.8845;900;11303104225;S
20241016;101025;3.8845;100;11303104226;S
20241016;101025;3.884;1100;11303104227;S
20241016;101025;3.8835;900;11303104228;S
20241016;101025;3.8835;900;11303104229;S
20241016;101025;3.883;800;11303104230;S
20241016;101035;3.8845;100;11303106340;B
20241016;101035;3.8845;100;11303106341;B
20241016;101035;3.883;100;11303106397;S
20241016;101035;3.8825;900;11303106398;S
20241016;101035;3.882;800;11303106399;S
20241016;101035;3.882;200;11303106400;S
20241016;101035;3.8815;800;11303106401;S
20241016;101035;3.8815;1100;11303106402;S
20241016;101048;3.882;3300;11303108486;S
20241016;101048;3.8815;700;11303108487;S
20241016;101048;3.8815;700;11303108488;S
20241016;101048;3.8805;5900;11303108533;S
20241016;101104;3.8805;700;11303111150;S
20241016;101106;3.8805;400;11303111488;B
20241016;101106;3.8805;1100;11303111489;B
20241016;101108;3.8805;100;11303111773;B
20241016;101108;3.8805;4900;11303111774;B
20241016;101117;3.8815;300;11303113073;S
20241016;101117;3.881;600;11303113074;S
20241016;101117;3.8805;600;11303113075;S
20241016;101117;3.8805;300;11303113076;S
20241016;101117;3.8805;4600;11303113077;S
20241016;101126;3.883;5500;11303114241;B
20241016;101126;3.883;700;11303114242;B
20241016;101126;3.8835;600;11303114243;B
20241016;101126;3.884;3200;11303114244;B
20241016;101139;3.8835;500;11303116042;B
20241016;101200;3.881;100;11303119290;S
20241016;101210;3.8815;400;11303120952;S
20241016;101210;3.8815;100;11303120953;S
20241016;101238;3.881;100;11303124743;S
20241016;101239;3.881;200;11303124831;S
20241016;101249;3.881;600;11303125914;S
20241016;101249;3.881;12400;11303125915;S
20241016;101249;3.8805;100;11303125916;S
20241016;101327;3.8835;100;11303131226;B
20241016;101338;3.8835;100;11303132942;B
20241016;101339;3.8835;200;11303133128;B
20241016;101339;3.884;1700;11303133129;B
20241016;101340;3.882;600;11303133379;S
20241016;101340;3.882;700;11303133380;S
20241016;101340;3.881;2000;11303133441;S
20241016;101341;3.8805;1000;11303133460;S
20241016;101350;3.8805;1600;11303134938;S
20241016;101404;3.881;500;11303137507;B
20241016;101421;3.8845;100;11303139661;B
20241016;101423;3.8865;2700;11303139895;B
20241016;101423;3.8865;2700;11303139896;B
20241016;101425;3.8845;400;11303140133;B
20241016;101429;3.8845;100;11303140617;B
20241016;101436;3.8845;900;11303141764;B
20241016;101436;3.8845;4500;11303141765;B
20241016;101436;3.8875;100;11303141778;B
20241016;101436;3.888;400;11303141792;B
20241016;101436;3.8885;200;11303141797;B
20241016;101436;3.8885;4000;11303141798;B
20241016;101436;3.8885;2000;11303141811;B
20241016;101436;3.889;1000;11303141823;B
20241016;101436;3.889;500;11303141824;B
20241016;101436;3.889;1000;11303141825;B
20241016;101436;3.8895;3400;11303141835;B
20241016;101438;3.8895;300;11303142086;B
20241016;101457;3.888;100;11303145440;S
20241016;101457;3.8895;100;11303145634;B
20241016;101504;3.8895;200;11303147145;B
20241016;101504;3.8895;2600;11303147148;B
20241016;101504;3.8895;2200;11303147149;B
20241016;101504;3.8895;400;11303147167;B
20241016;101504;3.8895;100;11303147173;B
20241016;101504;3.8895;100;11303147174;B
20241016;101505;3.8895;2100;11303147393;B
20241016;101506;3.888;900;11303147579;S
20241016;101506;3.889;100;11303147642;B
20241016;101511;3.8875;100;11303148727;S
20241016;101514;3.8875;100;11303150438;S
20241016;101514;3.8875;12400;11303150439;S
20241016;101514;3.8875;1500;11303150440;S
20241016;101515;3.8865;100;11303150953;S
20241016;101518;3.8865;100;11303151775;S
20241016;101521;3.8855;100;11303152756;S
20241016;101522;3.8855;1000;11303153065;S
20241016;101523;3.8855;100;11303153229;S
20241016;101523;3.8855;100;11303153326;S
20241016;101524;3.8855;100;11303153435;S
20241016;101525;3.8855;100;11303153653;S
20241016;101525;3.8855;100;11303153915;S
20241016;101528;3.8855;100;11303154677;S
20241016;101531;3.8855;100;11303155795;S
20241016;101532;3.8855;100;11303155893;S
20241016;101538;3.8885;100;11303157495;B
20241016;101549;3.8885;500;11303160417;B
20241016;101552;3.8885;100;11303160949;B
20241016;101557;3.886;100;11303162467;S
20241016;101557;3.8885;100;11303162676;B
20241016;101614;3.8885;1300;11303168735;B
20241016;101614;3.8885;700;11303168736;B
20241016;101614;3.887;300;11303168781;S
20241016;101617;3.8855;300;11303169768;S
20241016;101618;3.8885;3300;11303169843;B
20241016;101619;3.8885;1000;11303170211;B
20241016;101626;3.885;2000;11303171582;S
20241016;101626;3.885;9000;11303171618;S
20241016;101627;3.8855;1300;11303172044;B
20241016;101629;3.885;100;11303172334;B
20241016;101629;3.8825;100;11303172464;S
20241016;101630;3.885;100;11303172584;B
20241016;101634;3.885;100;11303173397;B
20241016;101634;3.885;200;11303173398;B
20241016;101637;3.8845;300;11303174045;B
20241016;101638;3.8845;2500;11303174079;B
20241016;101638;3.8845;1800;11303174099;B
20241016;101643;3.8845;500;11303174988;B
20241016;101651;3.8835;6400;11303176003;B
20241016;101701;3.8815;100;11303177682;S
20241016;101701;3.8815;100;11303177683;S
20241016;101701;3.8815;400;11303177684;S
20241016;101701;3.881;8400;11303177685;S
20241016;101701;3.8805;1000;11303177774;S
20241016;101701;3.8805;8000;11303177775;S
20241016;101702;3.8805;9000;11303177919;S
20241016;101707;3.8805;9000;11303178852;S
20241016;101708;3.8805;9000;11303178908;S
20241016;101708;3.8805;1000;11303179059;S
20241016;101710;3.88;7400;11303179385;S
20241016;101710;3.88;100;11303179386;S
20241016;101710;3.88;1500;11303179387;S
20241016;101711;3.88;9000;11303179440;S
20241016;101711;3.8805;100;11303179479;B
20241016;101713;3.88;9000;11303179706;S
20241016;101716;3.88;9000;11303180159;S
20241016;101716;3.88;7500;11303180227;S
20241016;101716;3.8795;1500;11303180228;S
20241016;101736;3.8805;200;11303184149;B
20241016;101825;3.88;500;11303199062;B
20241016;101829;3.88;100;11303199798;B
20241016;101834;3.88;200;11303200462;B
20241016;101842;3.8795;400;11303202148;S
20241016;101850;3.88;200;11303203637;B
20241016;101851;3.88;100;11303203738;B
20241016;101851;3.8795;4000;11303203751;S
20241016;101858;3.88;500;11303205511;B
20241016;101905;3.88;700;11303206628;B
20241016;101917;3.8795;15000;11303209811;S
20241016;101923;3.88;100;11303211066;B
20241016;101923;3.8795;7900;11303211246;S
20241016;101923;3.879;100;11303211247;S
20241016;101928;3.879;9000;11303212591;S
20241016;101928;3.879;9000;11303212621;S
20241016;101929;3.879;9000;11303212691;S
20241016;101929;3.8795;4100;11303212892;B
20241016;101929;3.8795;5600;11303212893;B
20241016;101929;3.8795;12400;11303212894;B
20241016;101929;3.88;17600;11303212895;B
20241016;101929;3.88;3900;11303212896;B
20241016;101929;3.88;500;11303212897;B
20241016;101929;3.88;100;11303212898;B
20241016;101929;3.88;9000;11303212899;B
20241016;101933;3.8805;200;11303213596;B
20241016;101948;3.8805;800;11303215364;B
20241016;101948;3.8805;2000;11303215365;B
20241016;102011;3.8825;2000;11303218147;B
20241016;102011;3.8825;2500;11303218161;B
20241016;102013;3.881;400;11303218347;S
20241016;102015;3.881;9000;11303218866;S
20241016;102016;3.881;400;11303218953;S
20241016;102020;3.8805;400;11303219936;S
20241016;102020;3.88;8600;11303219937;S
20241016;102020;3.8805;100;11303219955;B
20241016;102020;3.88;9000;11303219974;S
20241016;102022;3.88;7900;11303220396;S
20241016;102022;3.88;1300;11303220518;S
20241016;102024;3.881;100;11303220893;B
20241016;102024;3.88;8000;11303220916;S
20241016;102028;3.88;200;11303222479;S
20241016;102035;3.88;13700;11303226915;S
20241016;102037;3.88;9000;11303227943;S
20241016;102038;3.88;4000;11303228512;S
20241016;102038;3.88;1100;11303228658;S
20241016;102040;3.88;9000;11303230104;S
20241016;102040;3.88;9000;11303230297;S
20241016;102040;3.88;5100;11303230298;S
20241016;102040;3.88;10900;11303230299;S
20241016;102040;3.88;400;11303230300;S
20241016;102040;3.88;100;11303230301;S
20241016;102040;3.8795;400;11303230340;B
20241016;102040;3.88;400;11303230390;B
20241016;102040;3.88;400;11303230466;S
20241016;102041;3.88;400;11303230586;S
20241016;102041;3.88;400;11303230684;S
20241016;102041;3.88;400;11303230811;S
20241016;102041;3.88;400;11303230877;S
20241016;102041;3.88;400;11303231010;S
20241016;102041;3.88;200;11303231111;S
20241016;102041;3.879;100;11303231131;S
20241016;102041;3.879;100;11303231132;S
20241016;102041;3.8785;300;11303231133;S
20241016;102041;3.8785;9000;11303231134;S
20241016;102044;3.8795;100;11303232935;B
20241016;102044;3.88;100;11303232973;B
20241016;102044;3.88;100;11303233068;S
20241016;102044;3.88;100;11303233069;S
20241016;102044;3.88;100;11303233131;S
20241016;102044;3.88;100;11303233160;S
20241016;102044;3.88;100;11303233273;S
20241016;102044;3.88;100;11303233274;S
20241016;102044;3.88;100;11303233275;S
20241016;102044;3.88;100;11303233335;B
20241016;102045;3.88;100;11303233372;S
20241016;102045;3.88;100;11303233418;S
20241016;102058;3.8795;1600;11303242169;B
20241016;102058;3.88;3800;11303242170;B
20241016;102105;3.8795;600;11303246071;B
20241016;102106;3.8785;1700;11303246597;S
20241016;102115;3.8795;100;11303252431;B
20241016;102122;3.8795;200;11303256947;B
20241016;102130;3.8795;1000;11303262657;B
20241016;102140;3.8795;100;11303266301;B
20241016;102145;3.8795;200;11303267085;B
20241016;102158;3.8795;1300;11303269130;B
20241016;102211;3.8795;100;11303271059;B
20241016;102213;3.8795;5100;11303271205;B
20241016;102218;3.8795;100;11303272025;B
20241016;102229;3.879;100;11303273543;B
20241016;102229;3.879;4500;11303273544;B
20241016;102229;3.8795;9000;11303273545;B
20241016;102229;3.8795;2500;11303273546;B
20241016;102229;3.88;16600;11303273547;B
20241016;102229;3.88;2400;11303273548;B
20241016;102229;3.8805;8000;11303273549;B
20241016;102229;3.8805;2000;11303273550;B
20241016;102229;3.8805;100;11303273551;B
20241016;102254;3.8825;100;11303276458;B
20241016;102304;3.8825;2500;11303277931;B
20241016;102305;3.8825;100;11303278069;B
20241016;102309;3.8825;100;11303278693;B
20241016;102324;3.881;200;11303280774;S
20241016;102324;3.8825;600;11303280779;B
20241016;102331;3.8825;100;11303281640;B
20241016;102333;3.8825;100;11303281927;B
20241016;102337;3.8825;400;11303282409;B
20241016;102353;3.8835;3700;11303284448;B
20241016;102353;3.884;1800;11303284449;B
20241016;102353;3.8845;1800;11303284450;B
20241016;102353;3.8845;400;11303284451;B
20241016;102353;3.885;2000;11303284452;B
20241016;102353;3.885;8100;11303284453;B
20241016;102409;3.885;3300;11303286192;B
20241016;102409;3.885;1700;11303286193;B
20241016;102409;3.8855;900;11303286194;B
20241016;102420;3.883;3000;11303287409;B
20241016;102420;3.8835;1600;11303287410;B
20241016;102420;3.884;1600;11303287411;B
20241016;102420;3.8845;9000;11303287412;B
20241016;102420;3.886;400;11303287413;B
20241016;102420;3.886;200;11303287414;B
20241016;102420;3.8865;2000;11303287415;B
20241016;102420;3.8865;8400;11303287416;B
20241016;102420;3.884;2700;11303287484;B
20241016;102420;3.8845;300;11303287485;B
20241016;102421;3.885;1600;11303287612;S
20241016;102421;3.883;1800;11303287613;S
20241016;102421;3.8825;300;11303287614;S
20241016;102425;3.8835;500;11303288068;B
20241016;102507;3.883;900;11303294742;B
20241016;102507;3.8835;2500;11303294743;B
20241016;102507;3.8835;2400;11303294744;B
20241016;102507;3.8835;800;11303294745;B
20241016;102507;3.8845;12400;11303294746;B
20241016;102507;3.885;9000;11303294747;B
20241016;102507;3.885;12000;11303294748;B
20241016;102507;3.8835;2000;11303294776;B
20241016;102533;3.8825;100;11303298425;S
20241016;102552;3.8825;100;11303302029;S
20241016;102552;3.8825;300;11303302030;S
20241016;102552;3.8825;2000;11303302031;S
20241016;102559;3.8835;100;11303303393;B
20241016;102600;3.8835;1900;11303303760;B
20241016;102600;3.8845;100;11303303761;B
20241016;102600;3.885;36000;11303303762;B
20241016;102600;3.885;2000;11303303763;B
20241016;102624;3.883;100;11303308493;S
20241016;102631;3.883;100;11303309417;S
20241016;102643;3.8845;100;11303310723;B
20241016;102643;3.8845;2000;11303310744;B
20241016;102643;3.8845;1700;11303310745;B
20241016;102643;3.8845;20000;11303310746;S
20241016;102643;3.8845;10000;11303310747;S
20241016;102655;3.8855;100;11303312223;B
20241016;102659;3.8855;100;11303312543;B
20241016;102709;3.8845;200;11303314479;S
20241016;102718;3.8855;100;11303316654;B
20241016;102734;3.8845;16100;11303319554;S
20241016;102734;3.8845;100;11303319555;S
20241016;102734;3.8845;100;11303319556;S
20241016;102734;3.884;5300;11303319557;S
20241016;102756;3.8845;100;11303324120;B
20241016;102803;3.886;1500;11303325719;B
20241016;102803;3.8885;100;11303325720;B
20241016;102803;3.8885;28400;11303325721;B
20241016;102803;3.889;9900;11303325722;B
20241016;102803;3.889;12400;11303325723;B
20241016;102803;3.889;1700;11303325724;B
20241016;102806;3.8875;100;11303326192;B
20241016;102817;3.8875;100;11303328623;B
20241016;102818;3.8875;600;11303328897;B
20241016;102819;3.887;200;11303328944;S
20241016;102834;3.888;100;11303331918;B
20241016;102834;3.8885;700;11303331919;B
20241016;102836;3.8885;500;11303332314;B
20241016;102846;3.8895;1000;11303333773;B
20241016;102847;3.8895;100;11303333896;B
20241016;102847;3.8895;100;11303333897;B
20241016;102902;3.8895;100;11303336065;B
20241016;102902;3.8895;1200;11303336066;B
20241016;102902;3.89;2000;11303336067;B
20241016;102902;3.89;1000;11303336068;B
20241016;102902;3.89;600;11303336069;B
20241016;102902;3.89;1000;11303336070;B
20241016;102903;3.8895;1100;11303336170;B
20241016;102903;3.89;2300;11303336171;B
20241016;102903;3.89;100;11303336172;B
20241016;102903;3.89;1500;11303336173;B
20241016;102903;3.8895;1000;11303336217;B
20241016;102903;3.8905;36000;11303336218;B
20241016;102903;3.891;200;11303336219;B
20241016;102903;3.891;12800;11303336220;B
20241016;102903;3.8905;100;11303336249;B
20241016;102904;3.8885;500;11303336340;S
20241016;102919;3.8885;10000;11303338324;S
20241016;102924;3.89;100;11303339039;B
20241016;102939;3.89;500;11303340987;B
20241016;102939;3.8885;300;11303340990;S
20241016;102954;3.89;100;11303343185;B
20241016;102955;3.89;200;11303343222;S
20241016;102955;3.891;600;11303343241;B
20241016;102957;3.8885;800;11303343440;S
20241016;102957;3.8885;1200;11303343441;S
20241016;103004;3.89;100;11303344702;B
20241016;103015;3.89;100;11303346561;B
20241016;103024;3.889;100;11303348055;S
20241016;103025;3.89;300;11303348182;B
20241016;103035;3.889;100;11303349584;S
20241016;103037;3.8885;300;11303350006;S
20241016;103038;3.8885;1000;11303350150;S
20241016;103038;3.8885;5300;11303350182;S
20241016;103038;3.8885;1100;11303350241;S
20241016;103100;3.89;1500;11303354824;B
20241016;103104;3.8885;1600;11303355619;S
20241016;103107;3.8885;100;11303355952;S
20241016;103109;3.8885;100;11303356643;S
20241016;103113;3.8885;100;11303357660;S
20241016;103120;3.89;300;11303358723;B
20241016;103120;3.89;14100;11303358771;B
20241016;103120;3.89;45900;11303358772;B
20241016;103129;3.89;8900;11303359930;B
20241016;103129;3.89;1800;11303359931;B
20241016;103129;3.89;1700;11303359945;S
20241016;103129;3.89;1500;11303359963;S
20241016;103130;3.89;1300;11303359980;S
20241016;103130;3.89;1200;11303360022;S
20241016;103135;3.89;100;11303361080;S
20241016;103136;3.891;500;11303361163;B
20241016;103137;3.89;100;11303361471;S
20241016;103153;3.89;100;11303364572;S
20241016;103156;3.891;100;11303365548;B
20241016;103200;3.8905;200;11303366351;B
20241016;103200;3.89;100;11303366493;S
20241016;103203;3.89;500;11303366821;S
20241016;103207;3.89;100;11303367443;S
20241016;103210;3.8905;100;11303367884;B
20241016;103215;3.8905;1400;11303368634;B
20241016;103215;3.891;8000;11303368635;B
20241016;103219;3.89;600;11303369173;S
20241016;103230;3.8905;500;11303370451;B
20241016;103231;3.8905;1200;11303370536;B
20241016;103231;3.891;4000;11303370537;B
20241016;103231;3.8915;100;11303370538;B
20241016;103231;3.8915;100;11303370539;B
20241016;103231;3.892;9400;11303370540;B
20241016;103231;3.8925;4000;11303370541;B
20241016;103231;3.8925;700;11303370542;B
20241016;103231;3.893;2000;11303370543;B
20241016;103231;3.8935;100;11303370544;B
20241016;103231;3.8935;300;11303370545;B
20241016;103231;3.8935;8100;11303370546;B
20241016;103239;3.8925;500;11303371409;B
20241016;103242;3.8925;100;11303371749;B
20241016;103254;3.8905;300;11303374019;S
20241016;103256;3.8905;300;11303374342;S
20241016;103328;3.8925;100;11303379340;B
20241016;103333;3.8905;100;11303379985;S
20241016;103342;3.8905;200;11303381101;S
20241016;103344;3.8915;100;11303381520;S
20241016;103344;3.8915;200;11303381624;S
20241016;103346;3.8915;100;11303381889;S
20241016;103348;3.8915;100;11303382273;S
20241016;103350;3.8915;100;11303382642;S
20241016;103351;3.8925;300;11303382788;B
20241016;103352;3.8925;1000;11303383110;B
20241016;103352;3.893;400;11303383111;B
20241016;103352;3.8915;100;11303383133;S
20241016;103354;3.8925;500;11303383595;B
20241016;103359;3.8915;9000;11303384405;S
20241016;103359;3.8905;4700;11303384406;S
20241016;103405;3.8905;100;11303385274;B
20241016;103405;3.8915;900;11303385275;B
20241016;103422;3.8925;300;11303387408;B
20241016;103423;3.8925;100;11303387487;B
20241016;103437;3.893;1000;11303389671;B
20241016;103440;3.893;200;11303390218;B
20241016;103441;3.8915;300;11303390352;S
20241016;103449;3.893;200;11303391339;B
20241016;103512;3.893;100;11303394618;B
20241016;103527;3.8915;200;11303397048;S
20241016;103527;3.8915;100;11303397049;S
20241016;103527;3.891;2700;11303397050;S
20241016;103530;3.8905;300;11303397548;S
20241016;103530;3.89;1300;11303397549;S
20241016;103532;3.8925;5000;11303397860;B
20241016;103532;3.893;500;11303397872;B
20241016;103555;3.893;200;11303401932;B
20241016;103605;3.893;100;11303403182;B
20241016;103611;3.891;5300;11303404181;S
20241016;103611;3.891;100;11303404276;S
20241016;103611;3.8905;1800;11303404277;S
20241016;103611;3.89;3300;11303404335;S
20241016;103613;3.89;1100;11303404944;S
20241016;103613;3.89;100;11303405125;S
20241016;103613;3.89;200;11303405373;S
20241016;103615;3.89;100;11303406116;S
20241016;103615;3.89;900;11303406288;S
20241016;103615;3.89;100;11303406289;S
20241016;103615;3.89;500;11303406290;S
20241016;103615;3.89;100;11303406291;S
20241016;103615;3.89;100;11303406292;S
20241016;103615;3.89;100;11303406293;S
20241016;103615;3.889;2100;11303406294;S
20241016;103618;3.8885;2400;11303407316;S
20241016;103618;3.8885;1600;11303407774;S
20241016;103618;3.888;500;11303407775;S
20241016;103618;3.888;2400;11303407776;S
20241016;103618;3.888;200;11303407777;S
20241016;103619;3.8865;8000;11303407824;S
20241016;103619;3.8865;700;11303407938;S
20241016;103619;3.887;100;11303408318;S
20241016;103620;3.887;100;11303408452;S
20241016;103621;3.8865;100;11303409063;S
20241016;103621;3.8865;1900;11303409242;S
20241016;103621;3.8865;1600;11303409284;S
20241016;103622;3.8865;100;11303409597;S
20241016;103622;3.8865;14100;11303409949;S
20241016;103622;3.886;100;11303409950;S
20241016;103622;3.886;300;11303409951;S
20241016;103622;3.886;2400;11303409952;S
20241016;103622;3.885;3400;11303410069;S
20241016;103626;3.885;100;11303411644;S
20241016;103643;3.8855;200;11303416149;B
20241016;103645;3.8855;100;11303416337;B
20241016;103646;3.885;600;11303416486;S
20241016;103649;3.8855;100;11303416730;B
20241016;103650;3.8855;300;11303416815;B
20241016;103704;3.885;100;11303418468;S
20241016;103738;3.8855;100;11303422267;B
20241016;103750;3.8855;2400;11303423272;B
20241016;103750;3.8855;1600;11303423288;S
20241016;103752;3.885;1100;11303423579;S
20241016;103757;3.885;100;11303424152;S
20241016;103759;3.885;100;11303424388;S
20241016;103802;3.8855;100;11303424695;B
20241016;103802;3.8855;500;11303424746;B
20241016;103803;3.885;3800;11303424878;S
20241016;103803;3.885;5200;11303424879;S
20241016;103803;3.885;9000;11303424906;S
20241016;103811;3.885;400;11303425738;S
20241016;103817;3.8855;600;11303426290;B
20241016;103818;3.8855;700;11303426431;B
20241016;103819;3.885;100;11303426487;S
20241016;103822;3.8865;200;11303426692;B
20241016;103825;3.8865;300;11303426850;B
20241016;103831;3.885;100;11303427234;S
20241016;103837;3.8865;300;11303427776;B
20241016;103845;3.885;100;11303428947;S
20241016;103903;3.8865;100;11303430604;B
20241016;103907;3.8865;100;11303430906;B
20241016;103909;3.8865;400;11303431069;B
20241016;103913;3.885;600;11303431389;S
20241016;103914;3.885;200;11303431728;S
20241016;103914;3.885;300;11303431745;S
20241016;103916;3.885;100;11303432020;S
20241016;103917;3.885;100;11303432111;S
20241016;103919;3.885;100;11303432237;S
20241016;103922;3.885;100;11303432472;S
20241016;103923;3.885;100;11303432578;S
20241016;103925;3.885;100;11303432810;S
20241016;103927;3.885;100;11303432974;S
20241016;103939;3.885;100;11303434170;S
20241016;103941;3.885;100;11303434362;S
20241016;103942;3.885;100;11303434512;S
20241016;103944;3.885;100;11303434762;S
20241016;103946;3.885;100;11303435047;S
20241016;103947;3.8865;1600;11303435108;B
20241016;103947;3.887;400;11303435109;B
20241016;103956;3.885;300;11303436098;S
20241016;103959;3.885;100;11303436382;S
20241016;104001;3.885;100;11303436596;S
20241016;104002;3.885;100;11303436686;S
20241016;104003;3.885;8500;11303436946;S
20241016;104003;3.885;10500;11303437001;S
20241016;104012;3.8865;800;11303438799;B
20241016;104021;3.886;200;11303440011;B
20241016;104041;3.886;100;11303442520;B
20241016;104052;3.886;100;11303444889;B
20241016;104059;3.886;200;11303446488;S
20241016;104122;3.886;100;11303450730;S
20241016;104140;3.886;100;11303454524;S
20241016;104154;3.8865;100;11303456733;B
20241016;104219;3.8865;100;11303460234;B
20241016;104228;3.8865;100;11303461362;B
20241016;104228;3.8865;1400;11303461363;B
20241016;104228;3.887;1700;11303461364;B
20241016;104232;3.8865;1200;11303461850;B
20241016;104232;3.887;26700;11303461851;B
20241016;104232;3.887;2400;11303461852;B
20241016;104232;3.8875;66700;11303461853;B
20241016;104234;3.8865;300;11303462132;B
20241016;104234;3.886;100;11303462167;S
20241016;104302;3.886;200;11303467530;S
20241016;104305;3.887;3000;11303468149;B
20241016;104305;3.8875;1000;11303468150;B
20241016;104310;3.8875;2100;11303468824;B
20241016;104346;3.8865;16500;11303474982;B
20241016;104346;3.887;100;11303475004;B
20241016;104351;3.886;800;11303475493;S
20241016;104351;3.886;100;11303475497;S
20241016;104351;3.886;100;11303475498;S
20241016;104351;3.886;100;11303475499;S
20241016;104351;3.886;800;11303475500;S
20241016;104351;3.886;200;11303475501;S
20241016;104351;3.886;100;11303475502;S
20241016;104351;3.886;100;11303475507;S
20241016;104351;3.886;100;11303475508;S
20241016;104351;3.886;100;11303475509;S
20241016;104351;3.886;100;11303475510;S
20241016;104351;3.886;600;11303475511;S
20241016;104351;3.886;100;11303475512;S
20241016;104351;3.886;200;11303475513;S
20241016;104404;3.885;100;11303477176;S
20241016;104413;3.8855;100;11303480415;B
20241016;104418;3.885;1000;11303482635;S
20241016;104423;3.885;2100;11303484715;S
20241016;104423;3.885;400;11303484716;S
20241016;104423;3.885;3800;11303484717;S
20241016;104423;3.885;500;11303484718;S
20241016;104423;3.8845;1100;11303484719;S
20241016;104423;3.884;700;11303484720;S
20241016;104424;3.883;100;11303484849;S
20241016;104424;3.883;100;11303484850;S
20241016;104424;3.883;1700;11303484851;S
20241016;104425;3.884;1200;11303485569;B
20241016;104455;3.8835;100;11303496439;B
20241016;104508;3.8835;200;11303498429;B
20241016;104542;3.883;100;11303504048;S
20241016;104542;3.883;1000;11303504049;S
20241016;104542;3.883;800;11303504050;S
20241016;104614;3.883;5600;11303509885;S
20241016;104614;3.883;200;11303509886;S
20241016;104614;3.883;2300;11303509887;S
20241016;104614;3.8825;5700;11303509888;S
20241016;104621;3.8835;200;11303511543;B
20241016;104629;3.8835;300;11303512682;B
20241016;104651;3.8835;1000;11303516651;B
20241016;104702;3.8835;4800;11303517951;B
20241016;104708;3.8835;2000;11303518605;B
20241016;104708;3.8835;200;11303518606;B
20241016;104716;3.8835;200;11303520045;B
20241016;104728;3.8835;1500;11303521744;B
20241016;104738;3.8835;100;11303523028;B
20241016;104749;3.8835;700;11303524278;B
20241016;104800;3.8835;200;11303525569;S
20241016;104809;3.884;500;11303526433;B
20241016;104843;3.8835;1600;11303530387;S
20241016;104843;3.883;200;11303530388;S
20241016;104843;3.883;900;11303530389;S
20241016;104845;3.885;100;11303530558;B
20241016;104853;3.8825;300;11303531480;S
20241016;104853;3.8825;600;11303531481;S
20241016;104901;3.8835;700;11303532842;S
20241016;104901;3.8835;2300;11303532843;S
20241016;104901;3.8825;6300;11303532891;S
20241016;104904;3.882;100;11303533345;S
20241016;104905;3.882;600;11303533678;S
20241016;104906;3.882;2000;11303533805;S
20241016;104906;3.882;1900;11303533806;S
20241016;104906;3.882;200;11303533807;S
20241016;104906;3.8815;100;11303533808;S
20241016;104907;3.8815;100;11303533967;S
20241016;104907;3.881;500;11303533968;S
20241016;104913;3.883;200;11303534951;B
20241016;104917;3.881;200;11303535393;S
20241016;104928;3.883;5000;11303536674;B
20241016;104951;3.881;100;11303539270;S
20241016;104954;3.883;500;11303539758;B
20241016;104956;3.8825;300;11303540295;B
20241016;104959;3.8825;100;11303540785;B
20241016;105039;3.881;300;11303545552;S
20241016;105102;3.883;100;11303547585;B
20241016;105117;3.883;100;11303549030;S
20241016;105124;3.882;200;11303549809;S
20241016;105124;3.884;200;11303549891;B
20241016;105138;3.882;11600;11303551555;S
20241016;105156;3.884;900;11303554252;B
20241016;105159;3.8815;100;11303554525;S
20241016;105159;3.8815;1000;11303554526;S
20241016;105159;3.8815;12400;11303554527;S
20241016;105159;3.881;8800;11303554528;S
20241016;105159;3.881;100;11303554529;S
20241016;105159;3.881;12000;11303554530;S
20241016;105159;3.881;100;11303554531;S
20241016;105159;3.881;2500;11303554532;S
20241016;105159;3.881;100;11303554533;S
20241016;105159;3.881;1000;11303554534;S
20241016;105159;3.8805;1900;11303554535;S
20241016;105204;3.8835;200;11303555851;B
20241016;105205;3.8835;100;11303555949;B
20241016;105229;3.8815;100;11303562789;S
20241016;105234;3.8815;100;11303564001;S
20241016;105234;3.8815;100;11303564002;S
20241016;105236;3.8815;100;11303564543;S
20241016;105236;3.8815;1000;11303564544;S
20241016;105248;3.882;100;11303566684;B
20241016;105248;3.882;100;11303566685;B
20241016;105304;3.883;100;11303569080;B
20241016;105318;3.882;3000;11303571088;B
20241016;105319;3.8815;100;11303571192;S
20241016;105319;3.8815;100;11303571195;B
20241016;105319;3.8815;100;11303571204;B
20241016;105324;3.8815;100;11303571832;B
20241016;105324;3.8815;100;11303571833;B
20241016;105326;3.8815;100;11303572121;B
20241016;105347;3.881;100;11303574546;B
20241016;105347;3.881;200;11303574547;B
20241016;105401;3.8805;900;11303579340;S
20241016;105408;3.8805;15200;11303580360;S
20241016;105412;3.881;400;11303581185;B
20241016;105412;3.881;100;11303581188;S
20241016;105421;3.881;4100;11303582340;B
20241016;105421;3.881;3700;11303582467;S
20241016;105422;3.881;3300;11303582514;S
20241016;105422;3.881;3000;11303582532;S
20241016;105422;3.881;2700;11303582562;S
20241016;105422;3.881;2400;11303582586;S
20241016;105423;3.881;2200;11303582606;S
20241016;105423;3.881;2000;11303582625;S
20241016;105423;3.881;1800;11303582644;S
20241016;105423;3.881;1600;11303582759;S
20241016;105424;3.881;1400;11303582791;S
20241016;105424;3.881;1300;11303582816;S
20241016;105436;3.8815;100;11303584674;B
20241016;105436;3.8815;100;11303584675;B
20241016;105436;3.8815;100;11303584676;B
20241016;105436;3.8815;100;11303584677;B
20241016;105436;3.8815;100;11303584678;B
20241016;105436;3.8815;300;11303584679;B
20241016;105436;3.8815;200;11303584680;B
20241016;105436;3.8815;200;11303584681;B
20241016;105436;3.8815;100;11303584682;B
20241016;105436;3.8815;100;11303584683;B
20241016;105436;3.8815;200;11303584684;B
20241016;105436;3.8815;200;11303584685;B
20241016;105436;3.8815;100;11303584686;B
20241016;105436;3.8815;100;11303584687;B
20241016;105436;3.8815;100;11303584688;B
20241016;105436;3.8815;900;11303584689;B
20241016;105436;3.8815;300;11303584690;B
20241016;105436;3.8815;100;11303584691;B
20241016;105436;3.8815;100;11303584692;B
20241016;105436;3.8815;200;11303584693;B
20241016;105436;3.8815;400;11303584694;B
20241016;105436;3.8815;300;11303584695;B
20241016;105436;3.8815;200;11303584696;B
20241016;105436;3.8815;200;11303584697;B
20241016;105436;3.8815;100;11303584698;B
20241016;105436;3.8815;200;11303584699;B
20241016;105436;3.8815;100;11303584700;B
20241016;105436;3.8815;300;11303584701;B
20241016;105436;3.8815;100;11303584702;B
20241016;105436;3.8815;300;11303584703;B
20241016;105436;3.8815;100;11303584704;B
20241016;105436;3.8815;100;11303584705;B
20241016;105436;3.8815;200;11303584706;B
20241016;105436;3.8815;400;11303584707;B
20241016;105436;3.8815;300;11303584708;B
20241016;105436;3.8815;200;11303584709;B
20241016;105436;3.8815;200;11303584710;B
20241016;105436;3.8815;100;11303584711;B
20241016;105436;3.8815;100;11303584712;B
20241016;105436;3.8815;400;11303584713;B
20241016;105436;3.8815;100;11303584714;B
20241016;105436;3.8815;100;11303584715;B
20241016;105436;3.8815;100;11303584716;B
20241016;105436;3.8815;100;11303584717;B
20241016;105436;3.8815;100;11303584718;B
20241016;105436;3.8815;800;11303584719;B
20241016;105436;3.8815;300;11303584720;B
20241016;105436;3.8815;100;11303584721;B
20241016;105436;3.8815;100;11303584722;B
20241016;105436;3.8815;500;11303584723;B
20241016;105436;3.8815;300;11303584724;B
20241016;105436;3.8815;200;11303584725;B
20241016;105436;3.8815;100;11303584726;B
20241016;105436;3.8815;200;11303584727;B
20241016;105436;3.8815;100;11303584728;B
20241016;105436;3.8815;100;11303584729;B
20241016;105436;3.8815;200;11303584730;B
20241016;105436;3.8815;100;11303584731;B
20241016;105436;3.8815;100;11303584732;B
20241016;105436;3.8815;500;11303584733;B
20241016;105436;3.8815;100;11303584734;B
20241016;105436;3.8815;200;11303584735;B
20241016;105436;3.8815;100;11303584736;B
20241016;105436;3.8815;200;11303584737;B
20241016;105436;3.8815;100;11303584738;B
20241016;105436;3.8815;100;11303584739;B
20241016;105436;3.8815;200;11303584740;B
20241016;105436;3.8815;100;11303584741;B
20241016;105436;3.8815;300;11303584742;B
20241016;105436;3.8815;200;11303584743;B
20241016;105436;3.8815;100;11303584744;B
20241016;105436;3.8815;200;11303584745;B
20241016;105436;3.8815;200;11303584746;B
20241016;105436;3.8815;200;11303584747;B
20241016;105436;3.8815;300;11303584748;B
20241016;105436;3.8815;200;11303584749;B
20241016;105436;3.8815;200;11303584750;B
20241016;105436;3.8815;200;11303584751;B
20241016;105436;3.8815;2900;11303584752;B
20241016;105436;3.8815;200;11303584753;B
20241016;105436;3.8815;200;11303584754;B
20241016;105436;3.8815;300;11303584755;B
20241016;105436;3.8815;200;11303584756;B
20241016;105436;3.8815;900;11303584757;B
20241016;105436;3.8815;100;11303584758;B
20241016;105436;3.8815;100;11303584759;B
20241016;105436;3.8815;100;11303584760;B
20241016;105436;3.8815;1000;11303584761;B
20241016;105436;3.8815;100;11303584770;S
20241016;105436;3.8815;100;11303584771;S
20241016;105436;3.8815;100;11303584772;S
20241016;105436;3.8815;100;11303584774;S
20241016;105436;3.8815;100;11303584775;S
20241016;105436;3.8815;300;11303584776;S
20241016;105436;3.8815;200;11303584777;S
20241016;105436;3.8815;200;11303584778;S
20241016;105436;3.8815;100;11303584779;S
20241016;105436;3.8815;100;11303584780;S
20241016;105436;3.8815;200;11303584781;S
20241016;105436;3.8815;200;11303584782;S
20241016;105436;3.8815;100;11303584783;S
20241016;105436;3.8815;100;11303584784;S
20241016;105436;3.8815;900;11303584786;S
20241016;105436;3.8815;100;11303584787;S
20241016;105436;3.8815;100;11303584788;S
20241016;105436;3.8815;100;11303584789;S
20241016;105436;3.8815;200;11303584790;S
20241016;105436;3.8815;300;11303584791;S
20241016;105436;3.8815;400;11303584792;S
20241016;105436;3.8815;300;11303584793;S
20241016;105436;3.8815;200;11303584794;S
20241016;105436;3.8815;200;11303584795;S
20241016;105436;3.8815;100;11303584796;S
20241016;105436;3.8815;100;11303584797;S
20241016;105436;3.8815;300;11303584798;S
20241016;105436;3.8815;100;11303584799;S
20241016;105436;3.8815;100;11303584800;S
20241016;105436;3.8815;200;11303584801;S
20241016;105436;3.8815;300;11303584802;S
20241016;105436;3.8815;200;11303584803;S
20241016;105436;3.8815;100;11303584804;S
20241016;105436;3.8815;100;11303584805;S
20241016;105436;3.8815;100;11303584806;S
20241016;105436;3.8815;300;11303584807;S
20241016;105436;3.8815;100;11303584808;S
20241016;105436;3.8815;100;11303584809;S
20241016;105436;3.8815;100;11303584810;S
20241016;105436;3.8815;100;11303584811;S
20241016;105436;3.8815;200;11303584812;S
20241016;105436;3.8815;500;11303584813;S
20241016;105436;3.8815;200;11303584814;S
20241016;105436;3.8815;100;11303584815;S
20241016;105436;3.8815;100;11303584816;S
20241016;105436;3.8815;100;11303584817;S
20241016;105436;3.8815;100;11303584818;S
20241016;105436;3.8815;100;11303584819;S
20241016;105436;3.8815;100;11303584820;S
20241016;105436;3.8815;300;11303584821;S
20241016;105436;3.8815;200;11303584822;S
20241016;105436;3.8815;100;11303584823;S
20241016;105436;3.8815;500;11303584824;S
20241016;105436;3.8815;200;11303584825;S
20241016;105436;3.8815;300;11303584826;S
20241016;105436;3.8815;200;11303584827;S
20241016;105436;3.8815;400;11303584828;S
20241016;105436;3.8815;100;11303584829;S
20241016;105436;3.8815;400;11303584830;S
20241016;105436;3.8815;800;11303584831;S
20241016;105436;3.8815;100;11303584832;S
20241016;105436;3.8815;100;11303584833;S
20241016;105436;3.8815;300;11303584834;S
20241016;105436;3.8815;200;11303584835;S
20241016;105436;3.8815;200;11303584837;S
20241016;105436;3.8815;100;11303584839;S
20241016;105436;3.8815;100;11303584840;S
20241016;105436;3.8815;200;11303584841;S
20241016;105436;3.8815;200;11303584842;S
20241016;105436;3.8815;200;11303584843;S
20241016;105436;3.8815;2900;11303584844;S
20241016;105436;3.8815;200;11303584845;S
20241016;105436;3.8815;200;11303584846;S
20241016;105436;3.8815;200;11303584847;S
20241016;105436;3.8815;200;11303584848;S
20241016;105436;3.8815;200;11303584849;S
20241016;105436;3.8815;100;11303584850;S
20241016;105436;3.8815;100;11303584851;S
20241016;105436;3.8815;100;11303584852;S
20241016;105436;3.8815;200;11303584853;S
20241016;105436;3.8815;100;11303584854;S
20241016;105436;3.8815;900;11303584855;S
20241016;105436;3.8815;300;11303584856;S
20241016;105436;3.8815;200;11303584857;S
20241016;105436;3.8815;300;11303584858;S
20241016;105436;3.8815;200;11303584859;S
20241016;105436;3.8815;100;11303584863;S
20241016;105436;3.8815;100;11303584864;S
20241016;105436;3.8815;100;11303584865;S
20241016;105436;3.8815;100;11303584866;S
20241016;105436;3.8815;300;11303584867;S
20241016;105436;3.8815;100;11303584868;S
20241016;105436;3.8815;200;11303584869;S
20241016;105436;3.8815;200;11303584870;S
20241016;105436;3.8815;100;11303584871;S
20241016;105436;3.8815;100;11303584872;S
20241016;105436;3.8815;200;11303584884;S
20241016;105436;3.8815;100;11303584885;S
20241016;105436;3.8815;100;11303584886;S
20241016;105436;3.8815;200;11303584887;S
20241016;105436;3.8815;200;11303584888;S
20241016;105436;3.8815;100;11303584889;S
20241016;105436;3.8815;300;11303584890;S
20241016;105436;3.8815;100;11303584891;S
20241016;105436;3.8815;200;11303584893;S
20241016;105436;3.8815;200;11303584894;S
20241016;105436;3.8815;100;11303584895;S
20241016;105436;3.8815;100;11303584896;S
20241016;105436;3.8815;100;11303584897;S
20241016;105436;3.8815;100;11303584898;S
20241016;105436;3.8815;100;11303584900;S
20241016;105436;3.8815;100;11303584901;S
20241016;105436;3.8815;300;11303584902;S
20241016;105436;3.8815;400;11303584903;S
20241016;105436;3.8815;300;11303584904;S
20241016;105436;3.8815;200;11303584905;S
20241016;105436;3.8815;100;11303584906;S
20241016;105436;3.8815;100;11303584907;S
20241016;105436;3.8815;200;11303584908;S
20241016;105436;3.8815;100;11303584909;S
20241016;105436;3.8815;100;11303584911;S
20241016;105436;3.8815;100;11303584913;S
20241016;105436;3.8815;200;11303584914;S
20241016;105436;3.8815;100;11303584915;S
20241016;105436;3.8815;100;11303584916;S
20241016;105436;3.8815;100;11303584917;S
20241016;105436;3.8815;200;11303584918;S
20241016;105436;3.8815;100;11303584919;S
20241016;105436;3.8815;300;11303584920;S
20241016;105436;3.8815;100;11303584921;S
20241016;105436;3.8815;100;11303584922;S
20241016;105436;3.8815;200;11303584923;S
20241016;105436;3.8815;500;11303584924;S
20241016;105436;3.8815;300;11303584925;S
20241016;105436;3.8815;400;11303584926;S
20241016;105436;3.8815;2500;11303584927;S
20241016;105436;3.8815;100;11303584928;S
20241016;105449;3.881;300;11303588131;S
20241016;105456;3.8815;100;11303590116;B
20241016;105456;3.8815;400;11303590117;B
20241016;105456;3.8815;200;11303590118;B
20241016;105456;3.8815;100;11303590119;B
20241016;105456;3.8815;100;11303590120;B
20241016;105456;3.8815;100;11303590121;B
20241016;105459;3.8815;400;11303590574;B
20241016;105459;3.8815;200;11303590575;B
20241016;105459;3.8815;200;11303590576;B
20241016;105459;3.8815;300;11303590577;B
20241016;105459;3.8815;200;11303590578;B
20241016;105459;3.8815;200;11303590579;B
20241016;105459;3.8815;900;11303590580;B
20241016;105459;3.8815;200;11303590581;B
20241016;105459;3.8815;300;11303590582;B
20241016;105459;3.8815;400;11303590583;B
20241016;105459;3.8815;200;11303590584;B
20241016;105459;3.8815;100;11303590585;B
20241016;105459;3.8815;300;11303590586;B
20241016;105459;3.8815;300;11303590587;B
20241016;105459;3.8815;200;11303590588;B
20241016;105459;3.8815;200;11303590589;B
20241016;105459;3.8815;200;11303590590;B
20241016;105459;3.8815;300;11303590591;B
20241016;105459;3.8815;100;11303590592;B
20241016;105459;3.8815;200;11303590593;B
20241016;105459;3.8815;200;11303590594;B
20241016;105459;3.8815;100;11303590595;B
20241016;105459;3.8815;100;11303590596;B
20241016;105459;3.8815;100;11303590597;B
20241016;105459;3.8815;200;11303590598;B
20241016;105459;3.8815;100;11303590599;B
20241016;105459;3.8815;100;11303590600;B
20241016;105459;3.8815;100;11303590601;B
20241016;105459;3.8815;100;11303590602;B
20241016;105459;3.8815;300;11303590603;B
20241016;105459;3.8815;100;11303590604;B
20241016;105459;3.8815;800;11303590605;B
20241016;105459;3.8815;100;11303590606;B
20241016;105459;3.8815;100;11303590607;B
20241016;105459;3.8815;100;11303590608;B
20241016;105459;3.8815;200;11303590609;B
20241016;105459;3.8815;200;11303590610;B
20241016;105459;3.8815;200;11303590611;B
20241016;105459;3.8815;200;11303590612;B
20241016;105459;3.8815;900;11303590613;B
20241016;105459;3.8815;200;11303590614;B
20241016;105459;3.8815;100;11303590615;B
20241016;105459;3.8815;100;11303590616;B
20241016;105459;3.8815;200;11303590617;B
20241016;105459;3.8815;200;11303590618;B
20241016;105459;3.8815;100;11303590619;B
20241016;105459;3.8815;300;11303590620;B
20241016;105459;3.8815;100;11303590621;B
20241016;105459;3.8815;200;11303590622;B
20241016;105459;3.8815;200;11303590623;B
20241016;105459;3.8815;100;11303590624;B
20241016;105459;3.8815;100;11303590625;B
20241016;105459;3.8815;100;11303590626;B
20241016;105459;3.8815;100;11303590627;B
20241016;105459;3.8815;100;11303590628;B
20241016;105459;3.8815;100;11303590629;B
20241016;105459;3.8815;300;11303590630;B
20241016;105459;3.8815;400;11303590631;B
20241016;105459;3.8815;300;11303590632;B
20241016;105459;3.8815;200;11303590633;B
20241016;105459;3.8815;100;11303590634;B
20241016;105459;3.8815;100;11303590635;B
20241016;105459;3.8815;200;11303590636;B
20241016;105459;3.8815;100;11303590637;B
20241016;105459;3.8815;100;11303590638;B
20241016;105459;3.8815;200;11303590639;B
20241016;105459;3.8815;100;11303590640;B
20241016;105459;3.8815;100;11303590641;B
20241016;105459;3.8815;100;11303590642;B
20241016;105459;3.8815;100;11303590643;B
20241016;105459;3.8815;100;11303590644;B
20241016;105459;3.8815;200;11303590645;B
20241016;105459;3.8815;300;11303590646;B
20241016;105459;3.8815;100;11303590647;B
20241016;105459;3.8815;100;11303590648;B
20241016;105459;3.8815;200;11303590649;B
20241016;105459;3.8815;500;11303590650;B
20241016;105459;3.8815;300;11303590651;B
20241016;105459;3.8815;2900;11303590652;B
20241016;105459;3.8815;100;11303590653;B
20241016;105459;3.8815;800;11303590654;B
20241016;105507;3.8815;100;11303592291;B
20241016;105507;3.8815;400;11303592292;B
20241016;105507;3.8815;200;11303592293;B
20241016;105508;3.8815;100;11303592454;B
20241016;105508;3.8815;100;11303592455;B
20241016;105508;3.8815;500;11303592456;B
20241016;105508;3.8815;200;11303592457;B
20241016;105508;3.8815;100;11303592458;B
20241016;105516;3.881;100;11303593488;S
20241016;105516;3.881;100;11303593598;S
20241016;105516;3.881;100;11303593642;S
20241016;105516;3.881;100;11303593818;S
20241016;105516;3.881;100;11303593823;S
20241016;105516;3.881;100;11303593858;S
20241016;105517;3.881;100;11303593946;S
20241016;105517;3.881;100;11303594097;S
20241016;105518;3.881;100;11303594336;S
20241016;105518;3.881;100;11303594522;S
20241016;105521;3.8815;200;11303595578;B
20241016;105521;3.8815;100;11303595579;B
20241016;105522;3.881;100;11303596070;S
20241016;105523;3.881;100;11303596470;S
20241016;105524;3.881;100;11303596919;S
20241016;105524;3.881;100;11303596943;S
20241016;105524;3.881;100;11303597035;S
20241016;105525;3.8815;100;11303597402;B
20241016;105525;3.8815;100;11303597403;B
20241016;105525;3.8815;200;11303597404;B
20241016;105525;3.8815;100;11303597405;B
20241016;105525;3.8815;400;11303597406;B
20241016;105525;3.8815;200;11303597407;B
20241016;105525;3.8815;100;11303597408;B
20241016;105525;3.8815;100;11303597409;B
20241016;105525;3.8815;200;11303597410;B
20241016;105525;3.8815;300;11303597411;B
20241016;105525;3.8815;200;11303597412;B
20241016;105526;3.881;100;11303597630;S
20241016;105530;3.8815;100;11303598335;B
20241016;105530;3.8815;100;11303598336;B
20241016;105530;3.8815;200;11303598337;B
20241016;105530;3.8815;100;11303598338;B
20241016;105530;3.8815;100;11303598339;B
20241016;105530;3.8815;100;11303598340;B
20241016;105530;3.8815;100;11303598341;B
20241016;105530;3.8815;200;11303598342;B
20241016;105530;3.8815;100;11303598343;B
20241016;105530;3.8815;100;11303598344;B
20241016;105530;3.8815;100;11303598345;B
20241016;105537;3.8815;100;11303599678;B
20241016;105537;3.8815;100;11303599679;B
20241016;105537;3.8815;100;11303599680;B
20241016;105537;3.8815;200;11303599681;B
20241016;105537;3.8815;100;11303599682;B
20241016;105537;3.8815;100;11303599683;B
20241016;105537;3.8815;300;11303599684;B
20241016;105537;3.8815;100;11303599685;B
20241016;105537;3.8815;200;11303599686;B
20241016;105537;3.8815;2900;11303599687;B
20241016;105537;3.8815;300;11303599688;B
20241016;105537;3.8815;100;11303599689;B
20241016;105537;3.8815;200;11303599690;B
20241016;105537;3.8815;100;11303599691;B
20241016;105537;3.8815;200;11303599692;B
20241016;105537;3.8815;200;11303599693;B
20241016;105537;3.8815;100;11303599694;B
20241016;105537;3.8815;300;11303599695;B
20241016;105537;3.8815;200;11303599696;B
20241016;105537;3.8815;200;11303599697;B
20241016;105537;3.8815;100;11303599698;B
20241016;105537;3.8815;100;11303599699;B
20241016;105537;3.8815;200;11303599700;B
20241016;105537;3.8815;100;11303599701;B
20241016;105537;3.8815;900;11303599702;B
20241016;105537;3.8815;100;11303599703;B
20241016;105537;3.8815;200;11303599704;B
20241016;105537;3.8815;300;11303599705;B
20241016;105537;3.8815;200;11303599706;B
20241016;105537;3.8815;100;11303599707;B
20241016;105537;3.8815;300;11303599708;B
20241016;105537;3.8815;200;11303599709;B
20241016;105537;3.8815;300;11303599710;B
20241016;105537;3.8815;100;11303599711;B
20241016;105537;3.8815;100;11303599712;B
20241016;105537;3.8815;100;11303599713;B
20241016;105537;3.8815;200;11303599714;B
20241016;105537;3.8815;100;11303599715;B
20241016;105537;3.8815;300;11303599716;B
20241016;105537;3.8815;400;11303599717;B
20241016;105537;3.8815;300;11303599718;B
20241016;105537;3.8815;500;11303599719;B
20241016;105537;3.8815;200;11303599720;B
20241016;105537;3.8815;100;11303599721;B
20241016;105537;3.8815;200;11303599722;B
20241016;105537;3.8815;200;11303599723;B
20241016;105537;3.8815;100;11303599724;B
20241016;105537;3.8815;200;11303599725;B
20241016;105537;3.8815;300;11303599726;B
20241016;105537;3.8815;100;11303599727;B
20241016;105537;3.8815;100;11303599728;B
20241016;105537;3.8815;100;11303599729;B
20241016;105537;3.8815;800;11303599730;B
20241016;105537;3.8815;100;11303599731;B
20241016;105537;3.8815;200;11303599732;B
20241016;105537;3.8815;900;11303599733;B
20241016;105537;3.8815;100;11303599734;B
20241016;105537;3.8815;300;11303599735;B
20241016;105541;3.881;100;11303600331;S
20241016;105556;3.8815;100;11303603372;B
20241016;105556;3.8815;200;11303603373;B
20241016;105556;3.8815;100;11303603374;B
20241016;105556;3.8815;100;11303603375;B
20241016;105556;3.8815;300;11303603376;B
20241016;105558;3.8815;200;11303603910;B
20241016;105558;3.8815;200;11303603911;B
20241016;105558;3.8815;200;11303603912;B
20241016;105558;3.8815;300;11303603913;B
20241016;105558;3.8815;200;11303603914;B
20241016;105558;3.8815;100;11303603915;B
20241016;105558;3.8815;400;11303603916;B
20241016;105558;3.8815;100;11303603917;B
20241016;105558;3.8815;100;11303603918;B
20241016;105558;3.8815;200;11303603919;B
20241016;105558;3.8815;100;11303603920;B
20241016;105558;3.8815;200;11303603921;B
20241016;105558;3.8815;200;11303603922;B
20241016;105558;3.8815;300;11303603923;B
20241016;105558;3.8815;200;11303603924;B
20241016;105558;3.8815;100;11303603925;B
20241016;105558;3.8815;100;11303603926;B
20241016;105558;3.8815;200;11303603927;B
20241016;105558;3.8815;100;11303603928;B
20241016;105558;3.8815;100;11303603929;B
20241016;105558;3.8815;100;11303603930;B
20241016;105558;3.8815;200;11303603931;B
20241016;105558;3.8815;100;11303603932;B
20241016;105558;3.8815;100;11303603933;B
20241016;105558;3.8815;100;11303603934;B
20241016;105558;3.8815;200;11303603935;B
20241016;105558;3.8815;100;11303603936;B
20241016;105558;3.8815;100;11303603937;B
20241016;105558;3.8815;200;11303603938;B
20241016;105558;3.8815;100;11303603939;B
20241016;105558;3.8815;100;11303603940;B
20241016;105602;3.8815;200;11303604730;B
20241016;105602;3.8815;200;11303604731;B
20241016;105608;3.8815;1000;11303606402;B
20241016;105619;3.8815;100;11303608906;B
20241016;105632;3.8815;100;11303611722;B
20241016;105650;3.8815;100;11303614242;B
20241016;105654;3.8815;100;11303614874;B
20241016;105707;3.8815;1300;11303617130;B
20241016;105707;3.8815;300;11303617131;B
20241016;105707;3.8815;300;11303617132;B
20241016;105707;3.8815;100;11303617133;B
20241016;105707;3.8815;100;11303617134;B
20241016;105707;3.8815;200;11303617135;B
20241016;105707;3.8815;100;11303617136;B
20241016;105707;3.8815;200;11303617137;B
20241016;105707;3.8815;200;11303617138;B
20241016;105707;3.8815;200;11303617139;B
20241016;105707;3.8815;300;11303617140;B
20241016;105707;3.8815;200;11303617141;B
20241016;105707;3.8815;100;11303617142;B
20241016;105707;3.8815;100;11303617143;B
20241016;105707;3.8815;200;11303617144;B
20241016;105707;3.8815;100;11303617145;B
20241016;105707;3.8815;100;11303617146;B
20241016;105707;3.8815;900;11303617147;B
20241016;105707;3.8815;100;11303617148;B
20241016;105707;3.8815;300;11303617149;B
20241016;105707;3.8815;200;11303617150;B
20241016;105707;3.8815;200;11303617151;B
20241016;105707;3.8815;100;11303617152;B
20241016;105707;3.8815;300;11303617153;B
20241016;105707;3.8815;100;11303617154;B
20241016;105707;3.8815;300;11303617155;B
20241016;105707;3.8815;200;11303617156;B
20241016;105707;3.8815;100;11303617157;B
20241016;105707;3.8815;100;11303617158;B
20241016;105707;3.8815;100;11303617159;B
20241016;105707;3.8815;300;11303617160;B
20241016;105707;3.8815;400;11303617161;B
20241016;105707;3.8815;300;11303617162;B
20241016;105707;3.8815;200;11303617163;B
20241016;105707;3.8815;200;11303617164;B
20241016;105707;3.8815;200;11303617165;B
20241016;105707;3.8815;200;11303617166;B
20241016;105707;3.8815;100;11303617167;B
20241016;105707;3.8815;200;11303617168;B
20241016;105707;3.8815;300;11303617169;B
20241016;105707;3.8815;500;11303617170;B
20241016;105707;3.8815;100;11303617171;B
20241016;105707;3.8815;100;11303617172;B
20241016;105707;3.8815;100;11303617173;B
20241016;105707;3.8815;100;11303617174;B
20241016;105707;3.8815;100;11303617175;B
20241016;105707;3.8815;100;11303617176;B
20241016;105707;3.8815;800;11303617177;B
20241016;105707;3.8815;200;11303617178;B
20241016;105707;3.8815;900;11303617179;B
20241016;105707;3.8815;400;11303617180;B
20241016;105707;3.8815;200;11303617181;B
20241016;105707;3.8815;100;11303617182;B
20241016;105707;3.8815;100;11303617183;B
20241016;105707;3.8815;500;11303617184;B
20241016;105707;3.8815;200;11303617185;B
20241016;105707;3.8815;300;11303617186;B
20241016;105707;3.8815;200;11303617187;B
20241016;105707;3.8815;400;11303617188;B
20241016;105707;3.8815;100;11303617189;B
20241016;105707;3.8815;100;11303617190;B
20241016;105707;3.8815;200;11303617191;B
20241016;105707;3.8815;100;11303617192;B
20241016;105707;3.8815;200;11303617193;B
20241016;105707;3.8815;200;11303617194;B
20241016;105707;3.8815;300;11303617195;B
20241016;105707;3.8815;200;11303617196;B
20241016;105707;3.8815;100;11303617197;B
20241016;105707;3.8815;100;11303617198;B
20241016;105707;3.8815;200;11303617199;B
20241016;105707;3.8815;100;11303617200;B
20241016;105707;3.8815;100;11303617201;B
20241016;105707;3.8815;100;11303617202;B
20241016;105707;3.8815;200;11303617203;B
20241016;105707;3.8815;100;11303617204;B
20241016;105707;3.8815;100;11303617205;B
20241016;105707;3.8815;200;11303617206;B
20241016;105707;3.8815;100;11303617207;B
20241016;105707;3.8815;100;11303617208;B
20241016;105707;3.8815;200;11303617209;B
20241016;105707;3.8815;100;11303617210;B
20241016;105707;3.8815;100;11303617211;B
20241016;105707;3.8815;100;11303617212;B
20241016;105707;3.8815;200;11303617213;B
20241016;105707;3.8815;1000;11303617214;B
20241016;105707;3.8815;2900;11303617221;S
20241016;105707;3.8815;300;11303617222;S
20241016;105707;3.8815;300;11303617223;S
20241016;105707;3.8815;100;11303617225;S
20241016;105707;3.8815;100;11303617226;S
20241016;105707;3.8815;200;11303617228;S
20241016;105707;3.8815;100;11303617229;S
20241016;105707;3.8815;200;11303617230;S
20241016;105707;3.8815;200;11303617231;S
20241016;105707;3.8815;200;11303617232;S
20241016;105707;3.8815;300;11303617233;S
20241016;105707;3.8815;200;11303617234;S
20241016;105707;3.8815;100;11303617235;S
20241016;105707;3.8815;100;11303617236;S
20241016;105707;3.8815;200;11303617237;S
20241016;105707;3.8815;100;11303617238;S
20241016;105707;3.8815;100;11303617239;S
20241016;105707;3.8815;900;11303617240;S
20241016;105707;3.8815;100;11303617241;S
20241016;105707;3.8815;300;11303617242;S
20241016;105707;3.8815;200;11303617243;S
20241016;105707;3.8815;200;11303617244;S
20241016;105707;3.8815;100;11303617245;S
20241016;105707;3.8815;300;11303617246;S
20241016;105707;3.8815;100;11303617248;S
20241016;105707;3.8815;300;11303617249;S
20241016;105707;3.8815;100;11303617250;S
20241016;105707;3.8815;200;11303617251;S
20241016;105707;3.8815;100;11303617252;S
20241016;105707;3.8815;100;11303617253;S
20241016;105707;3.8815;200;11303617254;S
20241016;105707;3.8815;100;11303617255;S
20241016;105707;3.8815;300;11303617256;S
20241016;105707;3.8815;400;11303617257;S
20241016;105707;3.8815;300;11303617258;S
20241016;105707;3.8815;500;11303617259;S
20241016;105707;3.8815;100;11303617260;S
20241016;105707;3.8815;200;11303617261;S
20241016;105707;3.8815;200;11303617262;S
20241016;105707;3.8815;100;11303617263;S
20241016;105707;3.8815;100;11303617264;S
20241016;105707;3.8815;200;11303617265;S
20241016;105707;3.8815;500;11303617266;S
20241016;105707;3.8815;200;11303617267;S
20241016;105707;3.8815;300;11303617268;S
20241016;105707;3.8815;200;11303617269;S
20241016;105707;3.8815;100;11303617270;S
20241016;105707;3.8815;100;11303617271;S
20241016;105707;3.8815;400;11303617272;S
20241016;105707;3.8815;100;11303617273;S
20241016;105707;3.8815;200;11303617274;S
20241016;105707;3.8815;200;11303617275;S
20241016;105707;3.8815;200;11303617276;S
20241016;105707;3.8815;300;11303617277;S
20241016;105707;3.8815;100;11303617278;S
20241016;105707;3.8815;200;11303617279;S
20241016;105707;3.8815;100;11303617280;S
20241016;105707;3.8815;200;11303617281;S
20241016;105707;3.8815;100;11303617282;S
20241016;105707;3.8815;100;11303617283;S
20241016;105707;3.8815;100;11303617284;S
20241016;105707;3.8815;200;11303617285;S
20241016;105707;3.8815;100;11303617286;S
20241016;105707;3.8815;400;11303617287;S
20241016;105707;3.8815;200;11303617288;S
20241016;105707;3.8815;100;11303617289;S
20241016;105707;3.8815;100;11303617290;S
20241016;105707;3.8815;100;11303617291;S
20241016;105707;3.8815;300;11303617292;S
20241016;105707;3.8815;100;11303617293;S
20241016;105707;3.8815;100;11303617294;S
20241016;105707;3.8815;100;11303617295;S
20241016;105707;3.8815;800;11303617296;S
20241016;105707;3.8815;100;11303617297;S
20241016;105707;3.8815;100;11303617299;S
20241016;105707;3.8815;200;11303617300;S
20241016;105707;3.8815;100;11303617301;S
20241016;105707;3.8815;100;11303617302;S
20241016;105707;3.8815;100;11303617303;S
20241016;105707;3.8815;200;11303617304;S
20241016;105707;3.8815;200;11303617305;S
20241016;105707;3.8815;200;11303617306;S
20241016;105707;3.8815;200;11303617307;S
20241016;105707;3.8815;900;11303617308;S
20241016;105707;3.8815;2900;11303617316;S
20241016;105707;3.8815;300;11303617317;S
20241016;105707;3.8815;300;11303617318;S
20241016;105707;3.8815;100;11303617319;S
20241016;105707;3.8815;100;11303617320;S
20241016;105707;3.8815;200;11303617321;S
20241016;105707;3.8815;200;11303617327;S
20241016;105707;3.8815;200;11303617328;S
20241016;105707;3.8815;100;11303617329;S
20241016;105707;3.8815;100;11303617330;S
20241016;105707;3.8815;100;11303617331;S
20241016;105707;3.8815;100;11303617332;S
20241016;105707;3.8815;100;11303617333;S
20241016;105707;3.8815;100;11303617334;S
20241016;105707;3.8815;100;11303617335;S
20241016;105707;3.8815;200;11303617337;S
20241016;105707;3.8815;100;11303617338;S
20241016;105707;3.8815;100;11303617339;S
20241016;105707;3.8815;100;11303617340;S
20241016;105707;3.8815;200;11303617341;S
20241016;105707;3.8815;300;11303617342;S
20241016;105707;3.8815;200;11303617343;S
20241016;105707;3.8815;100;11303617344;S
20241016;105707;3.8815;200;11303617345;S
20241016;105707;3.8815;100;11303617346;S
20241016;105707;3.8815;100;11303617347;S
20241016;105707;3.8815;200;11303617348;S
20241016;105707;3.8815;100;11303617349;S
20241016;105707;3.8815;100;11303617350;S
20241016;105707;3.8815;300;11303617351;S
20241016;105707;3.8815;400;11303617352;S
20241016;105707;3.8815;300;11303617353;S
20241016;105707;3.8815;300;11303617354;S
20241016;105707;3.8815;100;11303617355;S
20241016;105707;3.8815;300;11303617356;S
20241016;105707;3.8815;200;11303617357;S
20241016;105707;3.8815;200;11303617358;S
20241016;105707;3.8815;200;11303617359;S
20241016;105707;3.8815;200;11303617360;S
20241016;105707;3.8815;100;11303617361;S
20241016;105707;3.8815;100;11303617362;S
20241016;105707;3.8815;300;11303617363;S
20241016;105707;3.8815;200;11303617364;S
20241016;105707;3.8815;500;11303617365;S
20241016;105707;3.8815;100;11303617366;S
20241016;105707;3.8815;200;11303617367;S
20241016;105707;3.8815;300;11303617369;S
20241016;105707;3.8815;200;11303617370;S
20241016;105707;3.8815;500;11303617372;S
20241016;105707;3.8815;100;11303617373;S
20241016;105707;3.8815;300;11303617374;S
20241016;105707;3.8815;100;11303617375;S
20241016;105707;3.8815;100;11303617376;S
20241016;105707;3.8815;100;11303617377;S
20241016;105707;3.8815;100;11303617378;S
20241016;105707;3.8815;200;11303617380;S
20241016;105707;3.8815;900;11303617381;S
20241016;105707;3.8815;200;11303617382;S
20241016;105707;3.8815;100;11303617383;S
20241016;105707;3.8815;400;11303617384;S
20241016;105707;3.8815;300;11303617385;S
20241016;105707;3.8815;100;11303617386;S
20241016;105707;3.8815;2900;11303617387;S
20241016;105707;3.8815;100;11303617388;S
20241016;105707;3.8815;200;11303617389;S
20241016;105707;3.8815;200;11303617390;S
20241016;105707;3.8815;200;11303617391;S
20241016;105707;3.8815;100;11303617392;S
20241016;105707;3.8815;200;11303617393;S
20241016;105707;3.8815;200;11303617394;S
20241016;105707;3.8815;100;11303617395;S
20241016;105707;3.8815;100;11303617396;S
20241016;105707;3.8815;200;11303617397;S
20241016;105707;3.8815;300;11303617398;S
20241016;105707;3.8815;200;11303617399;S
20241016;105707;3.8815;100;11303617400;S
20241016;105707;3.8815;100;11303617401;S
20241016;105707;3.8815;100;11303617402;S
20241016;105707;3.8815;400;11303617403;S
20241016;105707;3.8815;100;11303617404;S
20241016;105707;3.8815;100;11303617405;S
20241016;105707;3.8815;800;11303617406;S
20241016;105707;3.8815;100;11303617407;S
20241016;105707;3.8815;200;11303617408;S
20241016;105707;3.8815;200;11303617409;S
20241016;105707;3.8815;900;11303617410;S
20241016;105707;3.8815;200;11303617413;S
20241016;105707;3.8815;200;11303617414;S
20241016;105707;3.8815;100;11303617416;S
20241016;105707;3.8815;100;11303617417;S
20241016;105707;3.8815;100;11303617418;S
20241016;105707;3.8815;100;11303617419;S
20241016;105707;3.8815;100;11303617420;S
20241016;105707;3.8815;100;11303617421;S
20241016;105707;3.8815;100;11303617424;S
20241016;105707;3.8815;200;11303617426;S
20241016;105707;3.8815;100;11303617427;S
20241016;105707;3.8815;200;11303617428;S
20241016;105707;3.8815;100;11303617429;S
20241016;105707;3.8815;200;11303617430;S
20241016;105707;3.8815;100;11303617431;S
20241016;105707;3.8815;100;11303617432;S
20241016;105707;3.8815;200;11303617433;S
20241016;105707;3.8815;200;11303617434;S
20241016;105707;3.8815;100;11303617435;S
20241016;105707;3.8815;100;11303617436;S
20241016;105707;3.8815;100;11303617437;S
20241016;105707;3.8815;200;11303617438;S
20241016;105707;3.8815;100;11303617439;S
20241016;105707;3.8815;300;11303617440;S
20241016;105707;3.8815;100;11303617441;S
20241016;105707;3.8815;100;11303617442;S
20241016;105707;3.8815;100;11303617443;S
20241016;105707;3.8815;100;11303617446;S
20241016;105707;3.8815;100;11303617447;S
20241016;105707;3.8815;200;11303617448;S
20241016;105707;3.8815;100;11303617449;S
20241016;105707;3.8815;300;11303617450;S
20241016;105707;3.8815;400;11303617451;S
20241016;105707;3.8815;200;11303617452;S
20241016;105707;3.8815;200;11303617453;S
20241016;105707;3.8815;300;11303617454;S
20241016;105707;3.8815;100;11303617455;S
20241016;105707;3.8815;100;11303617456;S
20241016;105707;3.8815;100;11303617457;S
20241016;105707;3.8815;500;11303617458;S
20241016;105707;3.8815;300;11303617459;S
20241016;105707;3.8815;300;11303617460;S
20241016;105707;3.8815;100;11303617461;S
20241016;105707;3.8815;2600;11303617462;S
20241016;105707;3.8815;500;11303617463;S
20241016;105707;3.8815;200;11303617464;S
20241016;105707;3.8815;100;11303617465;S
20241016;105707;3.8815;100;11303617466;S
20241016;105707;3.8815;400;11303617467;S
20241016;105707;3.8815;300;11303617468;S
20241016;105707;3.8815;100;11303617469;S
20241016;105707;3.8815;300;11303617472;S
20241016;105707;3.8815;900;11303617473;S
20241016;105707;3.8815;100;11303617474;S
20241016;105707;3.8815;100;11303617475;S
20241016;105707;3.8815;200;11303617476;S
20241016;105707;3.8815;200;11303617477;S
20241016;105707;3.8815;200;11303617478;S
20241016;105707;3.8815;200;11303617479;S
20241016;105707;3.8815;200;11303617480;S
20241016;105707;3.8815;100;11303617481;S
20241016;105707;3.8815;100;11303617482;S
20241016;105707;3.8815;200;11303617484;S
20241016;105707;3.8815;300;11303617485;S
20241016;105707;3.8815;200;11303617486;S
20241016;105707;3.8815;100;11303617487;S
20241016;105707;3.8815;100;11303617488;S
20241016;105707;3.8815;100;11303617489;S
20241016;105707;3.8815;400;11303617490;S
20241016;105707;3.8815;100;11303617491;S
20241016;105707;3.8815;200;11303617492;S
20241016;105707;3.8815;100;11303617493;S
20241016;105707;3.8815;200;11303617494;S
20241016;105707;3.8815;200;11303617495;S
20241016;105707;3.8815;900;11303617496;S
20241016;105707;3.8815;100;11303617497;S
20241016;105707;3.8815;200;11303617499;S
20241016;105707;3.8815;100;11303617500;S
20241016;105707;3.8815;100;11303617502;S
20241016;105707;3.8815;100;11303617503;S
20241016;105707;3.8815;100;11303617504;S
20241016;105707;3.8815;100;11303617505;S
20241016;105707;3.8815;100;11303617506;S
20241016;105707;3.8815;100;11303617509;S
20241016;105707;3.8815;200;11303617514;S
20241016;105707;3.8815;100;11303617515;S
20241016;105707;3.8815;200;11303617517;S
20241016;105707;3.8815;100;11303617518;S
20241016;105707;3.8815;200;11303617519;S
20241016;105707;3.8815;100;11303617522;S
20241016;105707;3.8815;100;11303617524;S
20241016;105707;3.8815;100;11303617525;S
20241016;105707;3.8815;300;11303617526;S
20241016;105707;3.8815;100;11303617527;S
20241016;105707;3.8815;200;11303617532;S
20241016;105707;3.8815;100;11303617533;S
20241016;105707;3.8815;100;11303617540;S
20241016;105707;3.8815;200;11303617541;S
20241016;105707;3.8815;100;11303617542;S
20241016;105707;3.8815;300;11303617543;S
20241016;105707;3.8815;400;11303617545;S
20241016;105707;3.8815;100;11303617546;S
20241016;105707;3.8815;300;11303617547;S
20241016;105707;3.8815;100;11303617548;S
20241016;105707;3.8815;100;11303617552;S
20241016;105707;3.8815;300;11303617554;S
20241016;105707;3.8815;200;11303617556;S
20241016;105707;3.8815;300;11303617557;S
20241016;105707;3.8815;100;11303617558;S
20241016;105707;3.8815;300;11303617561;S
20241016;105707;3.8815;200;11303617563;S
20241016;105707;3.8815;100;11303617564;S
20241016;105707;3.8815;100;11303617565;S
20241016;105707;3.8815;400;11303617566;S
20241016;105707;3.8815;300;11303617568;S
20241016;105707;3.8815;300;11303617575;S
20241016;105707;3.8815;900;11303617578;S
20241016;105707;3.8815;200;11303617579;S
20241016;105707;3.8815;200;11303617580;S
20241016;105707;3.8815;200;11303617581;S
20241016;105707;3.8815;100;11303617583;S
20241016;105707;3.8815;100;11303617584;S
20241016;105707;3.8815;100;11303617585;S
20241016;105707;3.8815;200;11303617586;S
20241016;105707;3.8815;100;11303617587;S
20241016;105707;3.8815;300;11303617593;S
20241016;105707;3.8815;100;11303617594;S
20241016;105707;3.8815;100;11303617595;S
20241016;105707;3.8815;200;11303617596;S
20241016;105707;3.8815;100;11303617597;S
20241016;105707;3.8815;200;11303617598;S
20241016;105707;3.8815;100;11303617599;S
20241016;105707;3.8815;100;11303617600;S
20241016;105707;3.8815;100;11303617601;S
20241016;105707;3.8815;200;11303617603;S
20241016;105707;3.8815;200;11303617604;S
20241016;105707;3.8815;900;11303617605;S
20241016;105707;3.8815;200;11303617606;S
20241016;105707;3.8815;100;11303617607;S
20241016;105707;3.8815;100;11303617608;S
20241016;105707;3.8815;100;11303617609;S
20241016;105707;3.8815;100;11303617610;S
20241016;105707;3.8815;100;11303617611;S
20241016;105707;3.8815;100;11303617612;S
20241016;105707;3.8815;100;11303617613;S
20241016;105707;3.8815;100;11303617614;S
20241016;105707;3.8815;100;11303617615;S
20241016;105707;3.8815;200;11303617616;S
20241016;105707;3.8815;100;11303617620;S
20241016;105707;3.8815;200;11303617621;S
20241016;105707;3.8815;100;11303617623;S
20241016;105707;3.8815;100;11303617624;S
20241016;105707;3.8815;200;11303617625;S
20241016;105707;3.8815;100;11303617626;S
20241016;105707;3.8815;100;11303617627;S
20241016;105707;3.8815;100;11303617629;S
20241016;105707;3.8815;100;11303617630;S
20241016;105707;3.8815;300;11303617631;S
20241016;105707;3.8815;100;11303617632;S
20241016;105707;3.8815;200;11303617633;S
20241016;105707;3.8815;100;11303617634;S
20241016;105707;3.8815;100;11303617635;S
20241016;105707;3.8815;200;11303617644;S
20241016;105707;3.8815;100;11303617645;S
20241016;105707;3.8815;100;11303617646;S
20241016;105707;3.8815;100;11303617647;S
20241016;105707;3.8815;200;11303617648;S
20241016;105707;3.8815;300;11303617649;S
20241016;105707;3.8815;100;11303617650;S
20241016;105707;3.8815;900;11303617651;S
20241016;105707;3.8815;200;11303617652;S
20241016;105707;3.8815;200;11303617653;S
20241016;105707;3.8815;100;11303617654;S
20241016;105707;3.8815;100;11303617655;S
20241016;105707;3.8815;100;11303617656;S
20241016;105707;3.8815;200;11303617658;S
20241016;105707;3.8815;300;11303617661;S
20241016;105707;3.8815;100;11303617665;S
20241016;105707;3.8815;200;11303617666;S
20241016;105707;3.8815;100;11303617667;S
20241016;105707;3.8815;200;11303617668;S
20241016;105707;3.8815;100;11303617670;S
20241016;105707;3.8815;200;11303617673;S
20241016;105707;3.8815;200;11303617676;S
20241016;105707;3.8815;200;11303617678;S
20241016;105707;3.8815;600;11303617679;S
20241016;105707;3.8815;300;11303617680;S
20241016;105707;3.8815;100;11303617681;S
20241016;105729;3.8815;100;11303621873;B
20241016;105729;3.8815;100;11303621874;B
20241016;105729;3.8815;100;11303621875;B
20241016;105729;3.8815;100;11303621876;B
20241016;105729;3.8815;100;11303621877;B
20241016;105729;3.8815;100;11303621878;B
20241016;105729;3.8815;100;11303621879;B
20241016;105729;3.8815;100;11303621880;B
20241016;105729;3.8815;100;11303621881;B
20241016;105729;3.8815;200;11303621882;B
20241016;105729;3.8815;200;11303621883;B
20241016;105729;3.8815;100;11303621884;B
20241016;105729;3.8815;100;11303621885;B
20241016;105729;3.8815;100;11303621886;B
20241016;105729;3.8815;100;11303621887;B
20241016;105729;3.8815;100;11303621888;B
20241016;105729;3.8815;100;11303621889;B
20241016;105729;3.8815;100;11303621890;B
20241016;105729;3.8815;300;11303621891;B
20241016;105729;3.8815;200;11303621892;B
20241016;105729;3.8815;200;11303621893;B
20241016;105729;3.8815;100;11303621894;B
20241016;105729;3.8815;100;11303621895;B
20241016;105729;3.8815;200;11303621896;B
20241016;105729;3.8815;100;11303621897;B
20241016;105729;3.8815;100;11303621898;B
20241016;105729;3.8815;100;11303621899;B
20241016;105729;3.8815;100;11303621900;B
20241016;105729;3.8815;100;11303621901;B
20241016;105729;3.8815;200;11303621902;B
20241016;105729;3.8815;100;11303621903;B
20241016;105729;3.8815;200;11303621904;B
20241016;105729;3.8815;100;11303621905;B
20241016;105729;3.8815;300;11303621906;B
20241016;105729;3.8815;100;11303621907;B
20241016;105729;3.882;17600;11303621908;B
20241016;105729;3.882;500;11303621909;B
20241016;105729;3.882;100;11303621910;B
20241016;105729;3.882;12400;11303621911;B
20241016;105729;3.882;4800;11303621912;B
20241016;105729;3.883;100;11303621917;S
20241016;105729;3.8825;100;11303621923;S
20241016;105729;3.8825;100;11303621927;S
20241016;105729;3.8825;100;11303621928;S
20241016;105729;3.8825;100;11303621934;S
20241016;105729;3.8825;200;11303621935;S
20241016;105729;3.8825;100;11303621941;S
20241016;105729;3.8825;100;11303621942;S
20241016;105729;3.8825;100;11303621943;S
20241016;105729;3.882;200;11303621944;S
20241016;105729;3.882;100;11303621946;S
20241016;105729;3.882;100;11303621947;S
20241016;105729;3.882;200;11303621948;S
20241016;105729;3.882;100;11303621949;S
20241016;105729;3.882;100;11303621950;S
20241016;105729;3.882;100;11303621953;S
20241016;105729;3.882;100;11303621954;S
20241016;105729;3.882;100;11303621955;S
20241016;105729;3.882;100;11303621972;S
20241016;105729;3.882;100;11303621974;S
20241016;105729;3.882;100;11303621976;S
20241016;105729;3.882;100;11303621981;S
20241016;105729;3.882;100;11303621983;S
20241016;105729;3.882;100;11303621993;S
20241016;105729;3.882;100;11303622005;S
20241016;105839;3.8845;100;11303633642;B
20241016;105848;3.8845;600;11303637568;B
20241016;105848;3.8845;100;11303637769;B
20241016;105917;3.8845;300;11303649577;B
20241016;105922;3.8845;100;11303650264;B
20241016;105928;3.8845;200;11303650964;B
20241016;105954;3.883;100;11303655086;S
20241016;105955;3.883;300;11303655159;S
20241016;110012;3.8845;100;11303659331;B
20241016;110012;3.8845;600;11303659384;B
20241016;110012;3.8845;1400;11303659385;B
20241016;110013;3.883;100;11303659592;S
20241016;110036;3.8845;100;11303664336;B
20241016;110053;3.883;10300;11303667399;S
20241016;110053;3.883;8700;11303667400;S
20241016;110053;3.883;4800;11303667533;S
20241016;110053;3.883;24800;11303667663;S
20241016;110053;3.883;400;11303667772;S
20241016;110102;3.883;100;11303669417;S
20241016;110103;3.883;100;11303669482;S
20241016;110103;3.883;600;11303669546;S
20241016;110103;3.883;100;11303669635;S
20241016;110104;3.883;100;11303669668;S
20241016;110104;3.883;100;11303669701;S
20241016;110104;3.883;100;11303669727;S
20241016;110105;3.883;100;11303669799;S
20241016;110105;3.883;3200;11303669848;S
20241016;110105;3.883;100;11303669880;S
20241016;110105;3.883;100;11303669944;S
20241016;110106;3.883;100;11303670032;S
20241016;110106;3.883;100;11303670075;S
20241016;110107;3.883;100;11303670131;S
20241016;110107;3.883;100;11303670191;S
20241016;110107;3.883;100;11303670263;S
20241016;110108;3.883;100;11303670531;S
20241016;110145;3.8835;200;11303679169;B
20241016;110217;3.883;2100;11303687221;S
20241016;110233;3.884;200;11303691986;B
20241016;110250;3.883;100;11303695689;S
20241016;110253;3.884;100;11303696337;B
20241016;110256;3.883;500;11303697209;S
20241016;110305;3.884;100;11303699783;B
20241016;110316;3.884;100;11303709864;B
20241016;110323;3.883;100;11303717315;S
20241016;110333;3.884;200;11303726394;B
20241016;110356;3.884;2500;11303745386;B
20241016;110402;3.884;200;11303750538;B
20241016;110402;3.884;800;11303751082;B
20241016;110412;3.884;200;11303759937;B
20241016;110413;3.884;100;11303761073;B
20241016;110435;3.884;100;11303782455;B
20241016;110448;3.884;5000;11303793507;B
20241016;110453;3.884;100;11303798858;B
20241016;110517;3.883;2400;11303824424;S
20241016;110520;3.884;200;11303827749;B
20241016;110523;3.884;100;11303831323;B
20241016;110528;3.883;300;11303836318;S
20241016;110542;3.884;10000;11303850734;B
20241016;110547;3.8835;100;11303856268;B
20241016;110549;3.8835;100;11303857671;B
20241016;110603;3.883;300;11303872549;S
20241016;110604;3.883;100;11303873925;S
20241016;110619;3.8835;600;11303889169;B
20241016;110619;3.884;200;11303889170;B
20241016;110619;3.884;100;11303889171;B
20241016;110633;3.883;1700;11303902865;S
20241016;110701;3.8835;300;11303925502;B
20241016;110707;3.884;900;11303931015;B
20241016;110714;3.884;300;11303937749;B
20241016;110728;3.8835;200;11303951980;B
20241016;110728;3.8835;400;11303951981;B
20241016;110728;3.8835;100;11303951982;B
20241016;110728;3.8835;200;11303951983;B
20241016;110728;3.8835;300;11303951984;B
20241016;110728;3.8835;100;11303951985;B
20241016;110728;3.8835;100;11303951986;B
20241016;110728;3.8835;100;11303951987;B
20241016;110728;3.8835;100;11303951988;B
20241016;110728;3.8835;100;11303951989;B
20241016;110728;3.8835;200;11303951990;B
20241016;110728;3.8835;100;11303951991;B
20241016;110728;3.8835;100;11303951992;B
20241016;110728;3.8835;200;11303951993;B
20241016;110728;3.8835;200;11303951994;B
20241016;110728;3.8835;100;11303951995;B
20241016;110728;3.8835;100;11303951996;B
20241016;110728;3.8835;200;11303951997;B
20241016;110728;3.8835;200;11303951998;B
20241016;110728;3.8835;100;11303951999;B
20241016;110728;3.8835;100;11303952000;B
20241016;110728;3.8835;200;11303952001;B
20241016;110728;3.8835;200;11303952002;B
20241016;110728;3.8835;100;11303952003;B
20241016;110728;3.8835;400;11303952004;B
20241016;110728;3.8835;100;11303952005;B
20241016;110728;3.8835;200;11303952006;B
20241016;110728;3.8835;100;11303952007;B
20241016;110728;3.8835;300;11303952008;B
20241016;110728;3.8835;100;11303952009;B
20241016;110733;3.883;100;11303957269;S
20241016;110735;3.883;1000;11303959069;S
20241016;110736;3.883;1100;11303959747;S
20241016;110736;3.883;1900;11303960437;S
20241016;110736;3.883;1000;11303960512;S
20241016;110736;3.883;700;11303960603;S
20241016;110737;3.8835;600;11303960943;B
20241016;110737;3.883;1000;11303961192;S
20241016;110737;3.8835;100;11303961377;B
20241016;110737;3.8835;300;11303961378;B
20241016;110737;3.8835;100;11303961379;B
20241016;110737;3.8835;400;11303961380;B
20241016;110737;3.8835;200;11303961381;B
20241016;110737;3.8835;200;11303961382;B
20241016;110737;3.8835;100;11303961383;B
20241016;110737;3.8835;100;11303961384;B
20241016;110737;3.8835;100;11303961385;B
20241016;110737;3.8835;200;11303961386;B
20241016;110737;3.8835;200;11303961387;B
20241016;110737;3.8835;100;11303961388;B
20241016;110737;3.8835;100;11303961389;B
20241016;110737;3.8835;100;11303961390;B
20241016;110737;3.8835;100;11303961391;B
20241016;110737;3.8835;200;11303961392;B
20241016;110737;3.8835;100;11303961393;B
20241016;110737;3.8835;400;11303961394;B
20241016;110737;3.8835;200;11303961395;B
20241016;110737;3.8835;100;11303961396;B
20241016;110737;3.8835;300;11303961397;B
20241016;110737;3.8835;100;11303961398;B
20241016;110737;3.8835;100;11303961399;B
20241016;110737;3.8835;200;11303961400;B
20241016;110737;3.8835;100;11303961401;B
20241016;110737;3.8835;100;11303961402;B
20241016;110737;3.8835;100;11303961403;B
20241016;110737;3.8835;100;11303961404;B
20241016;110737;3.8835;200;11303961405;B
20241016;110737;3.8835;200;11303961406;B
20241016;110737;3.8835;200;11303961407;B
20241016;110737;3.8835;100;11303961408;B
20241016;110737;3.8835;100;11303961409;B
20241016;110737;3.883;12000;11303961530;S
20241016;110738;3.883;1100;11303961919;S
20241016;110738;3.883;900;11303962071;S
20241016;110738;3.883;1100;11303962521;S
20241016;110739;3.883;1000;11303963423;S
20241016;110740;3.883;1100;11303963658;S
20241016;110754;3.883;200;11303978039;S
20241016;110759;3.8835;100;11303982805;B
20241016;110801;3.883;100;11303984707;S
20241016;110807;3.8835;100;11303990703;B
20241016;110808;3.8835;100;11303991542;B
20241016;110835;3.8835;100;11304018675;B
20241016;110847;3.8835;100;11304030926;B
20241016;110847;3.8835;100;11304030927;B
20241016;110900;3.8835;100;11304044169;B
20241016;110908;3.883;100;11304051702;S
20241016;110929;3.883;20600;11304073199;S
20241016;110931;3.8835;100;11304075529;B
20241016;110935;3.8835;400;11304080255;B
20241016;110935;3.8835;100;11304080256;B
20241016;110957;3.8835;100;11304098310;B
20241016;110959;3.8835;100;11304100167;B
20241016;111002;3.883;800;11304102665;S
20241016;111003;3.8835;100;11304103842;B
20241016;111021;3.8835;100;11304121568;B
20241016;111021;3.8835;100;11304121569;B
20241016;111036;3.8835;200;11304137175;B
20241016;111036;3.8835;500;11304137176;B
20241016;111037;3.8835;100;11304138202;B
20241016;111045;3.883;600;11304145213;S
20241016;111046;3.8835;100;11304146666;B
20241016;111046;3.8835;100;11304146667;B
20241016;111046;3.8835;300;11304146668;B
20241016;111046;3.8835;100;11304146669;B
20241016;111046;3.8835;600;11304146670;B
20241016;111046;3.8835;100;11304146671;B
20241016;111046;3.8835;100;11304146672;B
20241016;111046;3.8835;100;11304146673;B
20241016;111046;3.8835;100;11304146674;B
20241016;111046;3.8835;100;11304146675;B
20241016;111046;3.8835;100;11304146676;B
20241016;111046;3.8835;2900;11304146677;B
20241016;111046;3.8835;100;11304146678;B
20241016;111046;3.8835;100;11304146679;B
20241016;111046;3.8835;100;11304146680;B
20241016;111046;3.8835;200;11304146681;B
20241016;111056;3.883;2000;11304156604;S
20241016;111056;3.883;100;11304156605;S
20241016;111056;3.883;300;11304156606;S
20241016;111056;3.883;5600;11304156607;S
20241016;111109;3.8835;100;11304169997;B
20241016;111113;3.8835;100;11304173024;B
20241016;111113;3.8835;300;11304173025;B
20241016;111116;3.8835;400;11304176813;B
20241016;111116;3.8835;600;11304176814;B
20241016;111116;3.8835;100;11304176815;B
20241016;111116;3.8835;200;11304176816;B
20241016;111116;3.8835;200;11304176817;B
20241016;111116;3.8835;100;11304176818;B
20241016;111116;3.8835;200;11304176819;B
20241016;111116;3.8835;100;11304176820;B
20241016;111116;3.8835;500;11304176821;B
20241016;111116;3.8835;500;11304176822;B
20241016;111116;3.8835;100;11304176823;B
20241016;111116;3.8835;100;11304176824;B
20241016;111116;3.8835;100;11304176825;B
20241016;111123;3.883;200;11304183182;S
20241016;111123;3.883;100;11304183186;S
20241016;111123;3.883;100;11304183188;S
20241016;111123;3.883;200;11304183193;S
20241016;111123;3.883;300;11304183205;S
20241016;111123;3.883;100;11304183206;S
20241016;111123;3.883;100;11304183209;S
20241016;111123;3.883;100;11304183213;S
20241016;111123;3.883;200;11304183219;S
20241016;111123;3.883;200;11304183220;S
20241016;111123;3.883;400;11304183221;S
20241016;111123;3.883;100;11304183222;S
20241016;111123;3.883;200;11304183621;S
20241016;111123;3.883;100;11304183622;S
20241016;111123;3.883;300;11304183628;S
20241016;111123;3.883;100;11304183630;S
20241016;111123;3.883;100;11304183631;S
20241016;111123;3.883;100;11304183633;S
20241016;111123;3.883;200;11304183634;S
20241016;111123;3.883;400;11304183636;S
20241016;111123;3.883;200;11304183637;S
20241016;111123;3.883;100;11304183638;S
20241016;111123;3.883;100;11304183639;S
20241016;111123;3.883;100;11304183644;S
20241016;111123;3.883;100;11304183645;S
20241016;111123;3.883;100;11304183646;S
20241016;111123;3.883;100;11304183647;S
20241016;111123;3.883;200;11304183672;S
20241016;111123;3.883;100;11304183674;S
20241016;111123;3.883;100;11304183675;S
20241016;111123;3.883;200;11304183676;S
20241016;111123;3.883;100;11304183677;S
20241016;111123;3.883;100;11304183678;S
20241016;111123;3.883;100;11304183679;S
20241016;111123;3.883;100;11304183681;S
20241016;111123;3.883;100;11304183718;S
20241016;111123;3.883;200;11304183719;S
20241016;111123;3.883;100;11304183730;B
20241016;111123;3.883;100;11304183734;B
20241016;111123;3.883;100;11304183740;B
20241016;111123;3.883;100;11304183747;B
20241016;111123;3.883;100;11304183750;B
20241016;111126;3.883;100;11304186737;B
20241016;111126;3.883;200;11304186738;B
20241016;111126;3.883;100;11304186739;B
20241016;111126;3.883;100;11304186740;B
20241016;111126;3.883;100;11304186741;B
20241016;111126;3.883;300;11304186812;B
20241016;111126;3.883;100;11304186813;B
20241016;111126;3.883;100;11304186814;B
20241016;111128;3.883;100;11304188497;B
20241016;111128;3.883;200;11304188498;B
20241016;111128;3.883;100;11304188499;B
20241016;111128;3.883;100;11304188500;B
20241016;111128;3.883;200;11304188501;B
20241016;111128;3.883;200;11304188502;B
20241016;111128;3.883;100;11304188503;B
20241016;111128;3.883;100;11304188504;B
20241016;111128;3.883;300;11304188505;B
20241016;111128;3.883;100;11304188506;B
20241016;111128;3.883;100;11304188507;B
20241016;111128;3.883;100;11304188508;B
20241016;111128;3.883;100;11304188509;B
20241016;111128;3.883;200;11304188510;B
20241016;111128;3.883;200;11304188511;B
20241016;111128;3.883;100;11304188512;B
20241016;111128;3.883;100;11304188513;B
20241016;111128;3.883;200;11304188514;B
20241016;111128;3.883;100;11304188515;B
20241016;111128;3.883;200;11304188516;B
20241016;111128;3.883;100;11304188517;B
20241016;111128;3.883;100;11304188518;B
20241016;111128;3.883;400;11304188519;B
20241016;111128;3.883;100;11304188520;B
20241016;111128;3.883;100;11304188521;B
20241016;111128;3.883;700;11304188522;B
20241016;111128;3.883;100;11304188523;B
20241016;111128;3.883;200;11304188524;B
20241016;111128;3.883;100;11304188525;B
20241016;111128;3.883;100;11304188535;B
20241016;111128;3.883;100;11304188536;B
20241016;111128;3.883;300;11304188537;B
20241016;111128;3.883;200;11304188538;B
20241016;111128;3.883;100;11304188539;B
20241016;111128;3.883;200;11304188540;B
20241016;111137;3.8825;100;11304197427;S
20241016;111140;3.883;100;11304200553;B
20241016;111142;3.883;100;11304202416;B
20241016;111203;3.883;400;11304224232;B
20241016;111203;3.883;300;11304224233;B
20241016;111203;3.883;300;11304224234;B
20241016;111203;3.883;100;11304224235;B
20241016;111203;3.883;100;11304224236;B
20241016;111203;3.883;100;11304224237;B
20241016;111203;3.883;300;11304224238;B
20241016;111213;3.883;100;11304234974;B
20241016;111221;3.883;200;11304243440;B
20241016;111221;3.883;100;11304243441;B
20241016;111228;3.883;100;11304251131;B
20241016;111237;3.883;200;11304259648;B
20241016;111237;3.883;100;11304259649;B
20241016;111237;3.883;100;11304259650;B
20241016;111237;3.883;200;11304259651;B
20241016;111237;3.883;200;11304259652;B
20241016;111237;3.883;100;11304259653;B
20241016;111237;3.883;100;11304259654;B
20241016;111237;3.883;300;11304259655;B
20241016;111237;3.883;100;11304259656;B
20241016;111237;3.883;100;11304259657;B
20241016;111237;3.883;100;11304259658;B
20241016;111253;3.883;200;11304273545;B
20241016;111253;3.883;200;11304273546;B
20241016;111253;3.883;100;11304273547;B
20241016;111253;3.883;100;11304273548;B
20241016;111253;3.883;200;11304273549;B
20241016;111253;3.883;100;11304273550;B
20241016;111253;3.883;200;11304273551;B
20241016;111253;3.883;100;11304273552;B
20241016;111253;3.883;400;11304273553;B
20241016;111253;3.883;100;11304273554;B
20241016;111253;3.883;100;11304273555;B
20241016;111253;3.883;700;11304273556;B
20241016;111253;3.883;100;11304273557;B
20241016;111253;3.883;200;11304273558;B
20241016;111253;3.883;200;11304273559;B
20241016;111253;3.883;100;11304273560;B
20241016;111253;3.883;100;11304273561;B
20241016;111255;3.8825;1100;11304275475;S
20241016;111258;3.882;100;11304277576;S
20241016;111300;3.8825;100;11304279447;S
20241016;111307;3.8825;100;11304285627;S
20241016;111311;3.882;100;11304288975;S
20241016;111313;3.8825;100;11304290751;S
20241016;111318;3.883;100;11304295644;B
20241016;111331;3.8825;1300;11304308662;S
20241016;111339;3.8825;500;11304316465;S
20241016;111345;3.8825;200;11304322209;S
20241016;111351;3.8825;1100;11304328429;S
20241016;111351;3.8825;100;11304328498;S
20241016;111351;3.8825;1000;11304329116;S
20241016;111352;3.8825;1100;11304329814;S
20241016;111353;3.8825;1100;11304330592;S
20241016;111353;3.883;100;11304331029;B
20241016;111354;3.8825;1000;11304331228;S
20241016;111354;3.8825;1100;11304332129;S
20241016;111355;3.8825;3400;11304332619;S
20241016;111355;3.8825;600;11304332691;S
20241016;111355;3.8825;1000;11304332733;S
20241016;111355;3.8825;1800;11304333697;S
20241016;111356;3.8825;1100;11304333747;S
20241016;111356;3.8825;1100;11304334255;S
20241016;111357;3.8825;1000;11304335039;S
20241016;111358;3.8825;1100;11304335544;S
20241016;111358;3.8825;1000;11304336395;S
20241016;111359;3.8825;1100;11304337149;S
20241016;111402;3.883;200;11304340075;B
20241016;111402;3.883;100;11304340076;B
20241016;111402;3.883;100;11304340077;B
20241016;111402;3.883;100;11304340078;B
20241016;111402;3.883;100;11304340079;B
20241016;111402;3.883;100;11304340080;B
20241016;111402;3.883;100;11304340081;B
20241016;111402;3.883;100;11304340082;B
20241016;111402;3.883;100;11304340083;B
20241016;111402;3.883;200;11304340084;B
20241016;111402;3.883;100;11304340085;B
20241016;111402;3.883;500;11304340086;B
20241016;111402;3.883;500;11304340087;B
20241016;111402;3.883;200;11304340088;B
20241016;111402;3.883;200;11304340089;B
20241016;111402;3.883;200;11304340090;B
20241016;111402;3.883;100;11304340091;B
20241016;111402;3.883;100;11304340092;B
20241016;111402;3.883;400;11304340093;B
20241016;111402;3.883;100;11304340094;B
20241016;111402;3.883;100;11304340095;B
20241016;111402;3.883;100;11304340096;B
20241016;111402;3.883;100;11304340097;B
20241016;111402;3.883;100;11304340098;B
20241016;111402;3.883;100;11304340099;B
20241016;111402;3.883;100;11304340100;B
20241016;111402;3.883;100;11304340101;B
20241016;111402;3.883;100;11304340102;B
20241016;111402;3.883;200;11304340103;B
20241016;111402;3.883;300;11304340104;B
20241016;111402;3.883;200;11304340105;B
20241016;111402;3.883;100;11304340106;B
20241016;111402;3.883;100;11304340107;B
20241016;111402;3.883;200;11304340108;B
20241016;111402;3.883;100;11304340109;B
20241016;111402;3.883;400;11304340110;B
20241016;111402;3.883;100;11304340111;B
20241016;111402;3.883;100;11304340112;B
20241016;111402;3.883;100;11304340113;B
20241016;111402;3.883;100;11304340114;B
20241016;111402;3.883;100;11304340115;B
20241016;111402;3.883;600;11304340116;B
20241016;111402;3.883;600;11304340117;B
20241016;111402;3.883;100;11304340118;B
20241016;111402;3.883;100;11304340119;B
20241016;111402;3.883;100;11304340120;B
20241016;111402;3.883;2900;11304340121;B
20241016;111402;3.883;100;11304340122;B
20241016;111402;3.883;100;11304340123;B
20241016;111402;3.883;100;11304340124;B
20241016;111402;3.883;100;11304340125;B
20241016;111402;3.883;700;11304340126;B
20241016;111402;3.883;100;11304340127;B
20241016;111402;3.883;100;11304340128;B
20241016;111402;3.883;100;11304340129;B
20241016;111402;3.883;100;11304340130;B
20241016;111402;3.883;100;11304340131;B
20241016;111402;3.883;200;11304340132;B
20241016;111402;3.883;100;11304340133;B
20241016;111402;3.883;200;11304340134;B
20241016;111402;3.883;100;11304340135;B
20241016;111402;3.883;100;11304340136;B
20241016;111402;3.883;300;11304340137;B
20241016;111402;3.883;100;11304340138;B
20241016;111402;3.883;100;11304340139;B
20241016;111402;3.883;100;11304340140;B
20241016;111402;3.883;100;11304340141;B
20241016;111402;3.883;100;11304340142;B
20241016;111402;3.883;200;11304340143;B
20241016;111402;3.883;100;11304340144;B
