<DATE>;<TIME>;<LAST>;<VOL>;<ID>;<OPER>
20240417;095940;7897;1;10136989084;S
20240417;095940;7897;13;10136989085;S
20240417;095940;7897;5;10136989086;S
20240417;095940;7897;1;10136989087;S
20240417;095940;7897;11;10136989088;S
20240417;095940;7897;1;10136989089;S
20240417;095940;7897;1;10136989090;B
20240417;095940;7897;20;10136989091;B
20240417;095940;7897;5;10136989092;B
20240417;095940;7897;3;10136989093;B
20240417;095940;7897;1;10136989094;S
20240417;095940;7897;1;10136989095;S
20240417;095940;7897;37;10136989096;S
20240417;095940;7897;5;10136989097;B
20240417;095940;7897;5;10136989098;B
20240417;095940;7897;1;10136989099;B
20240417;095940;7897;7;10136989100;B
20240417;095940;7897;7;10136989101;B
20240417;095940;7897;1;10136989102;S
20240417;095940;7897;1;10136989103;B
20240417;095940;7897;1;10136989104;B
20240417;095940;7897;13;10136989105;B
20240417;095940;7897;12;10136989106;S
20240417;095940;7897;1;10136989107;S
20240417;095940;7897;20;10136989108;B
20240417;095940;7897;1;10136989109;S
20240417;095940;7897;3;10136989110;B
20240417;095940;7897;10;10136989111;S
20240417;095940;7897;25;10136989112;S
20240417;095940;7897;28;10136989113;B
20240417;095940;7897;2;10136989114;B
20240417;095940;7897;7;10136989115;B
20240417;095940;7897;3;10136989116;B
20240417;095940;7897;1;10136989117;B
20240417;095940;7897;4;10136989118;B
20240417;095940;7897;6;10136989119;S
20240417;095940;7897;24;10136989120;S
20240417;095940;7897;2;10136989121;S
20240417;095940;7897;4;10136989122;S
20240417;095940;7897;2;10136989123;S
20240417;095940;7897;1;10136989124;S
20240417;095940;7897;1;10136989125;B
20240417;095940;7897;5;10136989126;B
20240417;095940;7897;30;10136989127;B
20240417;095940;7897;1;10136989128;B
20240417;095940;7897;1;10136989129;B
20240417;095940;7897;2;10136989130;B
20240417;095940;7897;2;10136989131;B
20240417;095940;7897;1;10136989132;B
20240417;095940;7897;1;10136989133;B
20240417;095940;7897;7;10136989134;B
20240417;095940;7897;5;10136989135;B
20240417;095940;7897;10;10136989136;B
20240417;095940;7897;1;10136989137;B
20240417;095940;7897;2;10136989138;B
20240417;095940;7897;1;10136989139;B
20240417;095940;7897;4;10136989140;B
20240417;095940;7897;1;10136989141;B
20240417;095940;7897;1;10136989142;S
20240417;095940;7897;12;10136989143;S
20240417;095940;7897;1;10136989144;S
20240417;095940;7897;4;10136989145;B
20240417;095940;7897;1;10136989146;B
20240417;095940;7897;1;10136989147;S
20240417;100000;7897.5;20;10136994702;B
20240417;100000;7897;13;10136994703;S
20240417;100000;7897;1;10136994704;S
20240417;100000;7897;1;10136994705;S
20240417;100000;7897;3;10136994706;S
20240417;100000;7897;10;10136994707;S
20240417;100000;7897.5;17;10136994708;B
20240417;100000;7898;37;10136994709;B
20240417;100000;7898;15;10136994710;B
20240417;100000;7898;28;10136994760;S
20240417;100000;7898;3;10136994772;S
20240417;100000;7898;30;10136994773;S
20240417;100000;7897.5;10;10136994774;S
20240417;100000;7897;7;10136994776;S
20240417;100000;7897;2;10136994777;S
20240417;100000;7897;1;10136994778;S
20240417;100000;7897.5;3;10136995179;B
20240417;100000;7897.5;17;10136995301;B
20240417;100000;7898.5;2;10136995302;B
20240417;100000;7898;1;10136995604;S
20240417;100001;7898;6;10136996552;S
20240417;100003;7898;1;10136997916;S
20240417;100003;7898;11;10136998120;S
20240417;100004;7898.5;1;10136998985;B
20240417;100004;7898;15;10136999227;S
20240417;100005;7898.5;1;10136999377;B
20240417;100005;7898.5;33;10136999550;B
20240417;100005;7899;22;10136999551;B
20240417;100006;7899;1;10137000149;B
20240417;100006;7898.5;1;10137000154;S
20240417;100006;7899;2;10137000314;B
20240417;100006;7899;1;10137000317;B
20240417;100007;7899.5;1;10137001415;B
20240417;100007;7899.5;1;10137001488;B
20240417;100007;7899;1;10137001866;S
20240417;100009;7899;4;10137004129;S
20240417;100009;7899;1;10137004130;S
20240417;100010;7899;10;10137004621;S
20240417;100010;7898;3;10137004622;S
20240417;100010;7899;1;10137005053;B
20240417;100010;7899;3;10137005101;B
20240417;100010;7899;6;10137005346;B
20240417;100010;7899;4;10137005347;B
20240417;100010;7898;2;10137005356;S
20240417;100010;7899;1;10137005456;B
20240417;100010;7899.5;2;10137005681;B
20240417;100010;7899.5;1;10137005682;B
20240417;100010;7899.5;3;10137005886;B
20240417;100010;7898;2;10137005968;S
20240417;100010;7897.5;1;10137005969;S
20240417;100010;7899.5;1;10137005970;B
20240417;100011;7899.5;1;10137006023;B
20240417;100011;7899.5;1;10137006118;B
20240417;100011;7898.5;3;10137006178;S
20240417;100011;7899;1;10137006496;S
20240417;100011;7899.5;1;10137006586;B
20240417;100011;7899.5;1;10137006615;B
20240417;100011;7899.5;12;10137006746;B
20240417;100011;7899.5;2;10137006748;B
20240417;100011;7899.5;1;10137006753;B
20240417;100011;7899.5;10;10137006755;B
20240417;100011;7899.5;1;10137006756;B
20240417;100011;7900;22;10137006757;B
20240417;100011;7900;2;10137006764;B
20240417;100011;7900;13;10137006788;B
20240417;100011;7900;1;10137006848;B
20240417;100012;7900;1;10137006895;B
20240417;100012;7900;1;10137007013;B
20240417;100018;7900;1;10137008609;B
20240417;100018;7899.5;10;10137008796;S
20240417;100020;7900;2;10137009145;B
20240417;100020;7900;3;10137009146;B
20240417;100022;7899.5;9;10137009897;B
20240417;100023;7899.5;3;10137010144;B
20240417;100023;7899.5;3;10137010161;B
20240417;100024;7899.5;4;10137010457;B
20240417;100025;7900;1;10137010460;B
20240417;100025;7900;2;10137010462;B
20240417;100025;7900;2;10137010463;B
20240417;100025;7900;1;10137010464;B
20240417;100025;7900;5;10137010465;B
20240417;100025;7900;1;10137010493;B
20240417;100025;7900;1;10137010550;B
20240417;100025;7900;1;10137010586;B
20240417;100025;7900;2;10137010646;B
20240417;100026;7900;5;10137010712;B
20240417;100026;7900;2;10137010723;B
20240417;100027;7900;1;10137010873;B
20240417;100027;7900;7;10137010940;B
20240417;100032;7900;100;10137012221;B
20240417;100032;7900;1;10137012256;B
20240417;100036;7900;1;10137013061;B
20240417;100036;7900;1;10137013062;B
20240417;100036;7900;4;10137013081;B
20240417;100036;7900;5;10137013082;B
20240417;100036;7900;1;10137013083;B
20240417;100037;7900;1;10137013416;B
20240417;100037;7900;2;10137013417;B
20240417;100037;7900;7;10137013418;B
20240417;100040;7900;9;10137014227;B
20240417;100041;7900;35;10137014406;B
20240417;100042;7900;25;10137014727;B
20240417;100043;7900;1;10137015074;B
20240417;100044;7899.5;4;10137015417;S
20240417;100046;7900;2;10137015933;B
20240417;100047;7900;3;10137016179;B
20240417;100047;7900;1;10137016260;B
20240417;100050;7899.5;1;10137017056;S
20240417;100050;7899.5;4;10137017057;S
20240417;100050;7899.5;10;10137017058;S
20240417;100051;7900;1;10137017268;B
20240417;100051;7900;16;10137017539;B
20240417;100051;7900;2;10137017540;B
20240417;100052;7900.5;1;10137017588;B
20240417;100052;7900.5;14;10137017731;B
20240417;100052;7900.5;6;10137017779;B
20240417;100054;7900;1;10137018196;S
20240417;100055;7900;9;10137018829;S
20240417;100055;7900;1;10137018830;S
20240417;100056;7900.5;1;10137018895;B
20240417;100056;7900.5;16;10137018899;B
20240417;100056;7900.5;15;10137018900;B
20240417;100056;7901;19;10137018901;B
20240417;100056;7900.5;2;10137019108;B
20240417;100058;7900.5;1;10137019585;B
20240417;100102;7900.5;1;10137020498;S
20240417;100102;7901;1;10137020538;B
20240417;100104;7900.5;1;10137020911;S
20240417;100106;7900.5;8;10137021179;S
20240417;100106;7900;31;10137021180;S
20240417;100106;7900;38;10137021181;S
20240417;100106;7900;14;10137021182;S
20240417;100106;7900;1;10137021183;S
20240417;100106;7900;40;10137021184;S
20240417;100106;7899.5;140;10137021185;S
20240417;100108;7901;1;10137021820;B
20240417;100109;7901;1;10137022258;B
20240417;100111;7900.5;10;10137022557;S
20240417;100111;7900;15;10137022558;S
20240417;100111;7900;1;10137022752;S
20240417;100115;7900.5;1;10137023803;B
20240417;100116;7900.5;14;10137024052;B
20240417;100118;7901;16;10137024282;B
20240417;100118;7901;15;10137024283;B
20240417;100118;7901;1;10137024284;B
20240417;100119;7901;1;10137024411;S
20240417;100122;7901.5;5;10137024930;B
20240417;100123;7901.5;2;10137025147;B
20240417;100124;7901.5;7;10137025277;B
20240417;100125;7901;5;10137025573;S
20240417;100126;7901.5;5;10137025705;B
20240417;100129;7901;12;10137026146;S
20240417;100129;7901;12;10137026147;S
20240417;100129;7901;32;10137026148;S
20240417;100129;7901;1;10137026149;S
20240417;100129;7901;9;10137026150;S
20240417;100129;7901.5;10;10137026343;B
20240417;100130;7901.5;5;10137026353;B
20240417;100131;7901;19;10137026793;S
20240417;100131;7901;32;10137026794;S
20240417;100131;7901;10;10137026795;S
20240417;100132;7901;39;10137026866;B
20240417;100132;7901.5;1;10137026964;B
20240417;100134;7901.5;3;10137027148;B
20240417;100134;7901.5;12;10137027149;B
20240417;100134;7901.5;2;10137027150;B
20240417;100134;7901.5;4;10137027206;S
20240417;100134;7902;4;10137027223;B
20240417;100138;7902;10;10137027778;B
20240417;100140;7902;24;10137028274;B
20240417;100140;7902;1;10137028275;B
20240417;100140;7902.5;15;10137028276;B
20240417;100141;7902;1;10137028303;S
20240417;100141;7902.5;5;10137028461;B
20240417;100142;7902.5;18;10137028546;B
20240417;100142;7902.5;5;10137028547;B
20240417;100142;7902.5;12;10137028548;B
20240417;100142;7903;15;10137028549;B
20240417;100142;7903;8;10137028572;B
20240417;100142;7903;1;10137028753;B
20240417;100145;7903;4;10137029173;B
20240417;100147;7903;6;10137029877;B
20240417;100149;7902.5;8;10137030189;S
20240417;100150;7902.5;2;10137030321;S
20240417;100150;7902.5;8;10137030322;S
20240417;100150;7903;2;10137030417;B
20240417;100151;7903;1;10137030597;B
20240417;100152;7902.5;1;10137030700;S
20240417;100152;7903;1;10137030723;B
20240417;100152;7903.5;38;10137030724;B
20240417;100152;7903.5;2;10137030725;B
20240417;100152;7903.5;15;10137030726;B
20240417;100152;7903.5;1;10137030727;B
20240417;100152;7903.5;11;10137030728;B
20240417;100152;7904;38;10137030729;B
20240417;100152;7904;5;10137030730;B
20240417;100152;7904;333;10137030731;B
20240417;100152;7904;1;10137030732;B
20240417;100152;7904;10;10137030733;B
20240417;100152;7904.5;38;10137030734;B
20240417;100152;7904.5;3;10137030735;B
20240417;100152;7904.5;4;10137030736;B
20240417;100155;7904.5;5;10137031359;B
20240417;100159;7904;1;10137031956;S
20240417;100159;7904.5;5;10137031975;B
20240417;100159;7904.5;5;10137032007;B
20240417;100159;7904.5;5;10137032025;B
20240417;100200;7904.5;6;10137032308;B
20240417;100200;7905;12;10137032498;B
20240417;100200;7905;3;10137032499;B
20240417;100200;7905;1;10137032587;B
20240417;100201;7904.5;10;10137032610;S
20240417;100201;7905;1;10137032611;B
20240417;100201;7905;1;10137032612;B
20240417;100201;7905;1;10137032622;B
20240417;100201;7905;2;10137032704;B
20240417;100201;7905;1;10137032705;B
20240417;100201;7905;1;10137032716;B
20240417;100201;7905;1;10137032772;B
20240417;100201;7905;1;10137032773;B
20240417;100201;7905;1;10137032787;B
20240417;100201;7905;2;10137032799;B
20240417;100201;7905;1;10137032800;B
20240417;100202;7905;1;10137032895;B
20240417;100202;7905;1;10137032896;B
20240417;100202;7905;6;10137032959;B
20240417;100202;7905;1;10137033010;B
20240417;100202;7905;1;10137033015;B
20240417;100202;7905;2;10137033022;B
20240417;100203;7905;1;10137033178;B
20240417;100204;7905;1;10137033245;B
20240417;100204;7905;1;10137033246;B
20240417;100205;7905;1;10137033453;B
20240417;100205;7905;1;10137033454;B
20240417;100206;7905;1;10137033658;B
20240417;100206;7905;1;10137033659;B
20240417;100208;7905;1;10137034009;B
20240417;100208;7905;1;10137034010;B
20240417;100210;7905;1;10137034323;B
20240417;100210;7905;1;10137034324;B
20240417;100210;7905;1;10137034402;B
20240417;100210;7905;1;10137034403;B
20240417;100211;7905;1;10137034594;B
20240417;100211;7905;1;10137034595;B
20240417;100213;7905;10;10137035028;B
20240417;100214;7905;1;10137035144;B
20240417;100214;7904.5;5;10137035158;S
20240417;100214;7905;1;10137035248;B
20240417;100215;7905;1;10137035364;B
20240417;100217;7904.5;5;10137035544;S
20240417;100217;7905;2;10137035545;B
20240417;100217;7905;2;10137035546;B
20240417;100219;7905;4;10137036052;B
20240417;100220;7905;1;10137036259;B
20240417;100220;7905;1;10137036260;B
20240417;100221;7905;1;10137036443;B
20240417;100221;7905;1;10137036520;B
20240417;100223;7905;2;10137036708;B
20240417;100223;7905;1;10137036837;B
20240417;100223;7904.5;20;10137036912;S
20240417;100223;7905;1;10137036913;B
20240417;100224;7905;1;10137037073;B
20240417;100224;7905;4;10137037084;B
20240417;100225;7905;3;10137037280;B
20240417;100225;7905;1;10137037281;B
20240417;100226;7905;1;10137037365;B
20240417;100226;7905;1;10137037366;B
20240417;100227;7905;1;10137037518;B
20240417;100227;7905;1;10137037578;B
20240417;100227;7905;3;10137037609;B
20240417;100227;7905;1;10137037659;B
20240417;100227;7905;1;10137037660;B
20240417;100228;7905;1;10137037913;B
20240417;100228;7905;1;10137037914;B
20240417;100228;7905;1;10137037934;B
20240417;100229;7905;1;10137038014;B
20240417;100229;7905;1;10137038015;B
20240417;100232;7904.5;1;10137038628;S
20240417;100232;7905;10;10137038774;B
20240417;100233;7905;4;10137039583;B
20240417;100234;7905;1;10137039815;B
20240417;100234;7905;1;10137039995;B
20240417;100234;7905;2;10137040049;B
20240417;100234;7905;1;10137040050;B
20240417;100234;7905;2;10137040076;B
20240417;100234;7905;1;10137040077;B
20240417;100234;7905;2;10137040144;B
20240417;100234;7905;1;10137040145;B
20240417;100235;7905;1;10137040190;B
20240417;100235;7905;1;10137040233;B
20240417;100235;7905;2;10137040417;B
20240417;100235;7905;4;10137040418;B
20240417;100235;7905;2;10137040419;B
20240417;100235;7905;1;10137040445;B
20240417;100235;7905;1;10137040446;B
20240417;100235;7905;1;10137040456;B
20240417;100235;7905;1;10137040463;B
20240417;100236;7905;1;10137040517;B
20240417;100236;7905;2;10137040550;B
20240417;100236;7905;1;10137040551;B
20240417;100236;7905;7;10137040570;B
20240417;100236;7905;1;10137040590;B
20240417;100236;7905;20;10137040591;B
20240417;100236;7905;1;10137040592;B
20240417;100236;7905;1;10137040623;B
20240417;100236;7905;1;10137040632;B
20240417;100236;7905;1;10137040635;B
20240417;100236;7905;1;10137040648;B
20240417;100236;7905;1;10137040649;B
20240417;100236;7905;1;10137040650;B
20240417;100236;7905;1;10137040696;B
20240417;100238;7905;1;10137040915;B
20240417;100239;7905;1;10137041099;B
20240417;100240;7905;1;10137041226;B
20240417;100241;7905;1;10137041445;B
20240417;100242;7905;1;10137041507;B
20240417;100242;7905;2;10137041508;B
20240417;100242;7905;1;10137041509;B
20240417;100242;7905;5;10137041520;B
20240417;100243;7905;1;10137041651;B
20240417;100243;7905;1;10137041754;B
20240417;100243;7905;1;10137041755;B
20240417;100243;7905;1;10137041765;B
20240417;100244;7905;1;10137041837;B
20240417;100245;7905;1;10137041961;B
20240417;100245;7905;2;10137042128;B
20240417;100246;7905;1;10137042327;B
20240417;100246;7905;1;10137042329;B
20240417;100246;7905;1;10137042330;B
20240417;100247;7905;1;10137042371;B
20240417;100247;7905;1;10137042446;B
20240417;100247;7905;1;10137042493;B
20240417;100247;7905;1;10137042494;B
20240417;100247;7905;1;10137042510;B
20240417;100249;7905;1;10137042974;B
20240417;100250;7905;1;10137043096;B
20240417;100250;7905;1;10137043219;B
20240417;100251;7904.5;9;10137043315;S
20240417;100251;7904.5;30;10137043316;S
20240417;100251;7904.5;1;10137043317;S
20240417;100251;7904.5;40;10137043318;S
20240417;100251;7904.5;1;10137043319;S
20240417;100251;7904.5;9;10137043320;S
20240417;100252;7905;1;10137043496;B
20240417;100253;7905;5;10137043581;B
20240417;100253;7905;1;10137043582;B
20240417;100253;7905;1;10137043668;B
20240417;100253;7905;1;10137043710;B
20240417;100253;7905;2;10137043711;B
20240417;100253;7905;1;10137043712;B
20240417;100254;7905;1;10137043724;B
20240417;100254;7905;1;10137043773;B
20240417;100254;7905;1;10137043792;B
20240417;100254;7905;1;10137043860;B
20240417;100254;7905;1;10137043861;B
20240417;100254;7904.5;23;10137043894;S
20240417;100254;7904.5;2;10137043895;S
20240417;100254;7904.5;10;10137043896;S
20240417;100254;7904.5;22;10137043897;S
20240417;100254;7904;11;10137043898;S
20240417;100254;7904;30;10137043899;S
20240417;100256;7905;1;10137044039;B
20240417;100256;7905;1;10137044042;B
20240417;100256;7905;1;10137044144;B
20240417;100256;7905;1;10137044145;B
20240417;100257;7905;1;10137044201;B
20240417;100257;7905;1;10137044267;B
20240417;100258;7905;1;10137044432;B
20240417;100258;7905;1;10137044436;B
20240417;100258;7905;1;10137044438;B
20240417;100258;7905;1;10137044440;B
20240417;100258;7905;1;10137044469;B
20240417;100258;7905;1;10137044470;B
20240417;100258;7905;1;10137044551;B
20240417;100258;7905;1;10137044552;B
20240417;100258;7905;1;10137044556;B
20240417;100259;7905;1;10137044630;B
20240417;100259;7905;1;10137044669;B
20240417;100259;7905;1;10137044678;B
20240417;100300;7905;1;10137044890;B
20240417;100300;7905;1;10137045050;B
20240417;100300;7905;2;10137045051;B
20240417;100300;7905;1;10137045052;B
20240417;100301;7905;2;10137045193;B
20240417;100301;7905;5;10137045194;B
20240417;100301;7905;1;10137045195;B
20240417;100301;7905;1;10137045196;B
20240417;100302;7905;1;10137045338;B
20240417;100302;7905;2;10137045339;B
20240417;100302;7905;1;10137045340;B
20240417;100302;7905;3;10137045401;B
20240417;100304;7905;3;10137045865;B
20240417;100304;7905;1;10137045866;B
20240417;100304;7905;1;10137045867;B
20240417;100304;7905;1;10137045960;B
20240417;100304;7905;1;10137045964;B
20240417;100304;7905;1;10137046052;B
20240417;100304;7905;5;10137046060;B
20240417;100304;7905;1;10137046061;B
20240417;100304;7905.5;4;10137046062;B
20240417;100305;7905.5;5;10137046109;B
20240417;100305;7905.5;1;10137046204;B
20240417;100305;7905.5;1;10137046205;B
20240417;100305;7905.5;1;10137046306;B
20240417;100305;7905;32;10137046312;S
20240417;100305;7905;10;10137046313;S
20240417;100305;7905;28;10137046314;S
20240417;100305;7904.5;1;10137046315;S
20240417;100305;7904.5;12;10137046316;S
20240417;100305;7904;17;10137046317;S
20240417;100305;7905.5;26;10137046335;B
20240417;100305;7905.5;5;10137046336;B
20240417;100305;7906;1;10137046337;B
20240417;100305;7906;3;10137046338;B
20240417;100305;7906;3;10137046339;B
20240417;100305;7906;15;10137046340;B
20240417;100305;7906.5;3;10137046341;B
20240417;100305;7906.5;9;10137046342;B
20240417;100305;7906.5;10;10137046343;B
20240417;100305;7907;1;10137046344;B
20240417;100305;7907;5;10137046345;B
20240417;100305;7907.5;3;10137046346;B
20240417;100305;7907.5;40;10137046347;B
20240417;100305;7907.5;3;10137046348;B
20240417;100305;7908;40;10137046349;B
20240417;100305;7908.5;2;10137046350;B
20240417;100305;7908.5;3;10137046351;B
20240417;100305;7908.5;40;10137046352;B
20240417;100305;7909;2;10137046353;B
20240417;100305;7909;38;10137046354;B
20240417;100305;7909;15;10137046355;B
20240417;100305;7909;3;10137046356;B
20240417;100305;7909;1;10137046357;B
20240417;100305;7909;1;10137046358;B
20240417;100305;7909;38;10137046359;B
20240417;100305;7909.5;6;10137046360;B
20240417;100305;7909.5;30;10137046361;B
20240417;100305;7909.5;3;10137046362;B
20240417;100305;7909.5;28;10137046363;B
20240417;100305;7910;1;10137046364;B
20240417;100305;7910;150;10137046365;B
20240417;100305;7910;4;10137046366;B
20240417;100305;7910;10;10137046367;B
20240417;100305;7910;13;10137046368;B
20240417;100306;7909;1;10137046384;S
20240417;100306;7909.5;9;10137046444;B
20240417;100307;7909.5;1;10137046743;B
20240417;100307;7909.5;3;10137046744;B
20240417;100309;7909.5;12;10137047246;B
20240417;100309;7909.5;10;10137047247;B
20240417;100309;7909.5;1;10137047248;B
20240417;100309;7910;2;10137047249;B
20240417;100314;7908.5;3;10137048235;B
20240417;100321;7908.5;2;10137049814;S
20240417;100322;7908.5;10;10137049972;B
20240417;100322;7909;2;10137049973;B
20240417;100322;7909;11;10137049974;B
20240417;100322;7909.5;2;10137049975;B
20240417;100327;7908;1;10137050978;S
20240417;100328;7909;9;10137051368;B
20240417;100330;7909;4;10137051852;B
20240417;100336;7908;5;10137052950;S
20240417;100337;7909;5;10137053186;B
20240417;100338;7908;1;10137053225;S
20240417;100340;7908.5;1;10137053794;B
20240417;100340;7908;1;10137053824;S
20240417;100344;7908;7;10137054972;S
20240417;100344;7908;12;10137054973;S
20240417;100344;7907.5;28;10137054974;S
20240417;100344;7907;2;10137054975;S
20240417;100344;7907;10;10137054976;S
20240417;100344;7906.5;10;10137054977;S
20240417;100344;7906;30;10137054978;S
20240417;100344;7906;40;10137054979;S
20240417;100344;7905.5;40;10137054980;S
20240417;100344;7905;2;10137054981;S
20240417;100344;7905;40;10137054982;S
20240417;100344;7905;1;10137054983;S
20240417;100344;7904;3;10137054984;S
20240417;100344;7903.5;30;10137054985;S
20240417;100344;7902;76;10137054986;S
20240417;100344;7902;76;10137054987;S
20240417;100344;7902;32;10137054988;S
20240417;100344;7902;38;10137054989;S
20240417;100344;7901.5;23;10137054990;S
20240417;100344;7907;2;10137055008;B
20240417;100346;7905.5;20;10137055620;S
20240417;100347;7907.5;3;10137055853;B
20240417;100347;7905;4;10137055860;S
20240417;100350;7907.5;37;10137056544;B
20240417;100350;7907.5;15;10137056545;B
20240417;100350;7907.5;10;10137056546;B
20240417;100350;7908;40;10137056547;B
20240417;100350;7908;7;10137056548;B
20240417;100350;7908.5;49;10137056549;B
20240417;100350;7908.5;12;10137056550;B
20240417;100352;7908.5;7;10137056959;B
20240417;100355;7908.5;5;10137057744;B
20240417;100356;7908.5;1;10137057815;B
20240417;100358;7908.5;9;10137058315;B
20240417;100358;7908.5;5;10137058316;B
20240417;100358;7909;1;10137058317;B
20240417;100358;7909;7;10137058318;B
20240417;100358;7909;1;10137058319;B
20240417;100358;7909;7;10137058320;B
20240417;100400;7908;1;10137058827;S
20240417;100401;7908;4;10137058909;S
20240417;100404;7908.5;2;10137059720;S
20240417;100410;7909;1;10137061028;B
20240417;100417;7908.5;11;10137062428;S
20240417;100421;7909;5;10137063331;B
20240417;100421;7909;10;10137063332;B
20240417;100421;7909;5;10137063333;B
20240417;100422;7909.5;1;10137063383;B
20240417;100422;7909.5;1;10137063384;B
20240417;100422;7909.5;1;10137063385;B
20240417;100428;7909.5;2;10137064866;B
20240417;100430;7909.5;7;10137065173;B
20240417;100430;7909.5;10;10137065174;B
20240417;100430;7910;2;10137065175;B
20240417;100430;7910;15;10137065176;B
20240417;100435;7910;50;10137066010;B
20240417;100436;7909.5;32;10137066099;S
20240417;100436;7909.5;1;10137066100;S
20240417;100436;7909;180;10137066101;S
20240417;100436;7909;7;10137066102;S
20240417;100437;7909;1;10137066343;B
20240417;100439;7909;7;10137066796;B
20240417;100440;7908.5;2;10137066878;S
20240417;100440;7909;1;10137066945;B
20240417;100441;7909;1;10137066983;B
20240417;100442;7909;3;10137067242;B
20240417;100442;7909;1;10137067263;B
20240417;100446;7909;3;10137068270;B
20240417;100447;7909;7;10137068316;B
20240417;100449;7909;52;10137068855;B
20240417;100451;7909;9;10137069101;B
20240417;100451;7908.5;19;10137069262;S
20240417;100451;7908.5;11;10137069263;S
20240417;100451;7908;1;10137069264;S
20240417;100451;7908;180;10137069265;S
20240417;100451;7908;8;10137069266;S
20240417;100451;7908;1;10137069267;S
20240417;100451;7907.5;1;10137069275;B
20240417;100452;7907.5;1;10137069291;B
20240417;100453;7907.5;1;10137069453;B
20240417;100453;7907.5;1;10137069522;B
20240417;100456;7907.5;11;10137069933;B
20240417;100456;7908;9;10137069934;B
20240417;100456;7908.5;40;10137069935;B
20240417;100456;7908.5;10;10137069936;B
20240417;100456;7909;250;10137069937;B
20240417;100456;7909;30;10137069938;B
20240417;100456;7909;40;10137069939;B
20240417;100456;7909.5;10;10137069940;B
20240417;100501;7906.5;4;10137070811;S
20240417;100501;7906.5;9;10137070959;S
20240417;100501;7906;9;10137070964;S
20240417;100505;7907.5;5;10137071969;B
20240417;100506;7906;1;10137072254;S
20240417;100513;7906;10;10137073318;B
20240417;100513;7906;8;10137073319;B
20240417;100513;7906.5;32;10137073320;B
20240417;100513;7907;15;10137073321;B
20240417;100513;7907;18;10137073322;B
20240417;100513;7907;28;10137073323;B
20240417;100513;7908;38;10137073324;B
20240417;100513;7908.5;1;10137073325;B
20240417;100515;7906;28;10137073834;B
20240417;100515;7906.5;8;10137073835;B
20240417;100515;7907;15;10137073836;B
20240417;100515;7907.5;10;10137073837;B
20240417;100515;7908;23;10137073838;B
20240417;100517;7906;1;10137074227;B
20240417;100517;7907;5;10137074228;B
20240417;100518;7905.5;10;10137074456;S
20240417;100518;7905;6;10137074457;S
20240417;100518;7905;6;10137074458;S
20240417;100520;7905;2;10137074653;S
20240417;100520;7905;2;10137074654;S
20240417;100520;7905;8;10137074698;S
20240417;100520;7904.5;9;10137074699;S
20240417;100520;7904.5;3;10137074700;S
20240417;100522;7907;1;10137075013;B
20240417;100523;7906;2;10137075427;B
20240417;100528;7904.5;37;10137076346;S
20240417;100528;7904.5;10;10137076347;S
20240417;100528;7904.5;8;10137076348;S
20240417;100528;7904;40;10137076349;S
20240417;100528;7904;5;10137076350;S
20240417;100531;7906;2;10137076830;B
20240417;100533;7906;5;10137077233;B
20240417;100533;7906;10;10137077234;B
20240417;100533;7906;10;10137077235;B
20240417;100533;7906.5;8;10137077236;B
20240417;100533;7907;6;10137077237;B
20240417;100533;7904;1;10137077296;S
20240417;100533;7906.5;10;10137077312;B
20240417;100533;7907;3;10137077313;B
20240417;100534;7904;9;10137077328;S
20240417;100534;7903.5;8;10137077329;S
20240417;100538;7906;10;10137078280;B
20240417;100538;7906.5;8;10137078281;B
20240417;100538;7906.5;5;10137078282;B
20240417;100538;7907.5;64;10137078283;B
20240417;100539;7904;1;10137078376;S
20240417;100540;7906.5;20;10137078658;B
20240417;100543;7906;1;10137079385;S
20240417;100550;7908;1;10137080477;B
20240417;100553;7907.5;4;10137081143;B
20240417;100556;7907.5;10;10137081880;B
20240417;100556;7907.5;21;10137081881;B
20240417;100557;7907.5;1;10137082187;B
20240417;100600;7906;1;10137082740;S
20240417;100606;7907;15;10137083928;B
20240417;100606;7907;8;10137083929;B
20240417;100606;7907.5;1;10137083930;B
20240417;100606;7907.5;7;10137083931;B
20240417;100607;7907.5;1;10137084178;B
20240417;100608;7906;1;10137084276;S
20240417;100613;7907.5;14;10137084983;B
20240417;100613;7908;9;10137084984;B
20240417;100613;7908;7;10137084985;B
20240417;100615;7907.5;10;10137085311;B
20240417;100618;7906.5;32;10137085914;S
20240417;100618;7906.5;18;10137085915;S
20240417;100618;7908;3;10137085966;B
20240417;100618;7908;12;10137085967;B
20240417;100618;7908;1;10137085968;B
20240417;100618;7908;2;10137085969;B
20240417;100618;7908;132;10137085970;B
20240417;100622;7908;1;10137086532;B
20240417;100626;7907.5;1;10137087334;B
20240417;100632;7908;1;10137088526;B
20240417;100638;7908;1;10137089288;B
20240417;100640;7908;3;10137089624;B
20240417;100651;7907;1;10137091271;S
20240417;100657;7908;12;10137092025;B
20240417;100657;7908;8;10137092026;B
20240417;100657;7908;5;10137092027;B
20240417;100657;7908;6;10137092028;B
20240417;100657;7908;1;10137092029;B
20240417;100657;7908;1;10137092030;B
20240417;100657;7908;12;10137092031;B
20240417;100657;7908.5;1;10137092032;B
20240417;100657;7908.5;1;10137092033;B
20240417;100657;7908.5;1;10137092034;B
20240417;100657;7908.5;1;10137092035;B
20240417;100657;7909;51;10137092036;B
20240417;100657;7909;100;10137092053;B
20240417;100658;7907.5;1;10137092250;S
20240417;100701;7909;2;10137092762;B
20240417;100701;7908;10;10137092818;S
20240417;100705;7908;13;10137093412;B
20240417;100705;7908;5;10137093473;B
20240417;100707;7907.5;1;10137093791;S
20240417;100711;7908;2;10137094298;B
20240417;100712;7908;1;10137094371;B
20240417;100714;7908;2;10137094750;B
20240417;100714;7907.5;1;10137094769;S
20240417;100720;7908;5;10137095842;B
20240417;100721;7908;100;10137095907;B
20240417;100724;7908;47;10137096385;B
20240417;100725;7908;15;10137096479;B
20240417;100725;7908;5;10137096480;B
20240417;100725;7908;1;10137096481;B
20240417;100725;7908.5;1;10137096498;B
20240417;100729;7909;1;10137097057;B
20240417;100729;7909;2;10137097058;B
20240417;100729;7909;1;10137097121;B
20240417;100729;7909;28;10137097122;B
20240417;100729;7909.5;2;10137097123;B
20240417;100729;7909.5;1;10137097124;B
20240417;100729;7909.5;28;10137097125;B
20240417;100729;7909.5;1;10137097126;B
20240417;100729;7909.5;2;10137097127;B
20240417;100729;7909.5;17;10137097128;B
20240417;100730;7908.5;1;10137097278;S
20240417;100732;7909.5;5;10137097670;B
20240417;100732;7909.5;2;10137097671;B
20240417;100735;7908.5;6;10137097999;S
20240417;100739;7909;1;10137098568;B
20240417;100740;7909;1;10137098694;B
20240417;100741;7908.5;1;10137098891;B
20240417;100744;7908;12;10137099401;S
20240417;100744;7908;11;10137099402;S
20240417;100744;7908;1;10137099403;S
20240417;100744;7908;4;10137099404;S
20240417;100749;7908;1;10137100685;B
20240417;100750;7908;25;10137100818;B
20240417;100751;7907.5;2;10137100990;S
20240417;100751;7907.5;4;10137100991;S
20240417;100756;7907.5;50;10137101921;B
20240417;100807;7907.5;2;10137103635;B
20240417;100808;7907.5;1;10137103972;B
20240417;100816;7907.5;2;10137105149;B
20240417;100823;7907.5;1;10137106291;B
20240417;100823;7907.5;9;10137106292;B
20240417;100826;7907;9;10137106742;S
20240417;100826;7907;1;10137106743;S
20240417;100826;7907;9;10137106823;S
20240417;100826;7907;3;10137106824;S
20240417;100826;7907;2;10137106825;S
20240417;100826;7907;3;10137106826;S
20240417;100826;7907;100;10137106827;S
20240417;100826;7907;10;10137106828;S
20240417;100826;7907;32;10137106829;S
20240417;100828;7906.5;1;10137107088;S
20240417;100832;7906.5;11;10137107683;S
20240417;100832;7906.5;4;10137107684;S
20240417;100833;7907;10;10137107762;B
20240417;100834;7907;2;10137108007;B
20240417;100835;7907;7;10137108133;B
20240417;100841;7906.5;3;10137109045;S
20240417;100845;7907;2;10137109710;B
20240417;100845;7907;29;10137109869;B
20240417;100845;7907;50;10137109870;B
20240417;100845;7907;21;10137109871;B
20240417;100851;7907;13;10137110789;B
20240417;100857;7907;2;10137111661;B
20240417;100858;7907;1;10137111809;B
20240417;100904;7907;5;10137112501;B
20240417;100908;7906.5;10;10137113025;B
20240417;100912;7906;2;10137113501;S
20240417;100914;7906;1;10137113726;S
20240417;100915;7906.5;20;10137113883;B
20240417;100920;7906.5;1;10137114715;B
20240417;100923;7906.5;10;10137115054;B
20240417;100926;7906;3;10137115443;S
20240417;100928;7906.5;3;10137115865;B
20240417;100932;7906;1;10137116337;S
20240417;100933;7906.5;1;10137116541;B
20240417;100933;7906.5;10;10137116561;B
20240417;100933;7906.5;1;10137116566;B
20240417;100936;7906;4;10137117131;S
20240417;100936;7906.5;2;10137117152;B
20240417;100940;7906.5;2;10137117761;B
20240417;100940;7906.5;16;10137117762;B
20240417;100943;7906;6;10137118158;S
20240417;100943;7906;10;10137118159;S
20240417;100943;7906;5;10137118160;S
20240417;100943;7906;1;10137118161;S
20240417;100943;7906;1;10137118162;S
20240417;100950;7906;1;10137119127;B
20240417;101000;7906;3;10137120835;B
20240417;101000;7905.5;1;10137120965;S
20240417;101000;7905.5;50;10137120966;S
20240417;101000;7905;1;10137120967;S
20240417;101000;7905;1;10137120968;S
20240417;101000;7905;30;10137120969;S
20240417;101000;7905;1;10137120970;S
20240417;101000;7905;3;10137120971;S
20240417;101000;7905;2;10137120972;S
20240417;101000;7905;1;10137120973;S
20240417;101000;7905;11;10137120974;S
20240417;101000;7905;12;10137120975;S
20240417;101000;7905;1;10137120976;S
20240417;101000;7904.5;7;10137120977;S
20240417;101000;7904;40;10137120978;S
20240417;101000;7903.5;1;10137120979;S
20240417;101000;7903.5;38;10137120980;S
20240417;101000;7903;85;10137120981;S
20240417;101000;7903;2;10137120982;S
20240417;101000;7903;3;10137120983;S
20240417;101000;7903;50;10137120984;S
20240417;101000;7902.5;1;10137120985;S
20240417;101000;7902;2;10137120986;S
20240417;101000;7902;2;10137120987;S
20240417;101000;7901.5;6;10137120989;S
20240417;101000;7901;1;10137120990;S
20240417;101000;7901;1;10137120991;S
20240417;101001;7900.5;3;10137121044;S
20240417;101001;7900.5;2;10137121151;S
20240417;101001;7900.5;3;10137121152;S
20240417;101001;7900.5;1;10137121154;S
20240417;101003;7901;3;10137121405;B
20240417;101004;7901.5;11;10137121508;B
20240417;101004;7901.5;1;10137121514;B
20240417;101005;7901.5;2;10137121668;B
20240417;101007;7902;12;10137122132;B
20240417;101007;7902.5;12;10137122133;B
20240417;101008;7901;10;10137122275;S
20240417;101008;7901;12;10137122276;S
20240417;101008;7901;40;10137122277;S
20240417;101008;7900.5;46;10137122278;S
20240417;101008;7900.5;1;10137122279;S
20240417;101008;7900.5;40;10137122280;S
20240417;101008;7900;5;10137122281;S
20240417;101008;7900;2;10137122282;S
20240417;101008;7900;1;10137122283;S
20240417;101008;7900;11;10137122284;S
20240417;101008;7900;196;10137122285;S
20240417;101008;7900;2;10137122286;S
20240417;101008;7900;3;10137122287;S
20240417;101008;7900;100;10137122288;S
20240417;101008;7900;3;10137122289;S
20240417;101008;7900;3;10137122290;S
20240417;101008;7900;6;10137122291;S
20240417;101008;7900;5;10137122292;S
20240417;101008;7900;3;10137122293;S
20240417;101008;7900;2;10137122294;S
20240417;101008;7900;2;10137122295;S
20240417;101008;7900;1;10137122296;S
20240417;101008;7900;4;10137122297;S
20240417;101008;7900;12;10137122298;S
20240417;101008;7900;1;10137122299;S
20240417;101008;7900;40;10137122300;S
20240417;101008;7899;6;10137122301;S
20240417;101008;7898;55;10137122302;S
20240417;101008;7898;24;10137122303;S
20240417;101008;7897.5;4;10137122304;S
20240417;101008;7897.5;30;10137122305;S
20240417;101008;7897.5;28;10137122306;S
20240417;101008;7897;9;10137122307;S
20240417;101008;7897;7;10137122308;S
20240417;101008;7897;10;10137122309;S
20240417;101008;7897;2;10137122310;S
20240417;101008;7897;1;10137122311;S
20240417;101008;7897;1;10137122312;S
20240417;101008;7896.5;1;10137122313;S
20240417;101008;7896;1;10137122314;S
20240417;101008;7896;3;10137122315;S
20240417;101008;7896;1;10137122316;S
20240417;101008;7895.5;1;10137122317;S
20240417;101008;7895.5;64;10137122318;S
20240417;101008;7895.5;5;10137122319;S
20240417;101008;7895;1;10137122320;S
20240417;101008;7895;3;10137122321;S
20240417;101008;7895;30;10137122322;S
20240417;101008;7895;25;10137122323;S
20240417;101008;7895;5;10137122324;S
20240417;101008;7895;15;10137122325;S
20240417;101008;7895;150;10137122326;S
20240417;101008;7895;67;10137122327;S
20240417;101008;7899;10;10137122364;S
20240417;101008;7898.5;20;10137122365;S
20240417;101008;7898.5;1;10137122376;S
20240417;101008;7899.5;7;10137122440;B
20240417;101010;7899.5;1;10137122633;S
20240417;101010;7898.5;1;10137122634;S
20240417;101013;7900;6;10137123067;B
20240417;101016;7899.5;10;10137123311;S
20240417;101016;7899.5;10;10137123312;S
20240417;101022;7899.5;4;10137124030;S
20240417;101022;7900;1;10137124104;B
20240417;101022;7900;22;10137124105;B
20240417;101023;7900.5;1;10137124219;B
20240417;101023;7900;10;10137124275;S
20240417;101023;7900.5;1;10137124290;B
20240417;101030;7900.5;1;10137125493;B
20240417;101035;7900;17;10137126175;S
20240417;101035;7900;11;10137126176;S
20240417;101035;7900;18;10137126177;S
20240417;101038;7900.5;1;10137126624;B
20240417;101038;7900.5;1;10137126642;B
20240417;101039;7900.5;1;10137126808;B
20240417;101041;7900;10;10137127015;S
20240417;101041;7900;1;10137127016;S
20240417;101041;7900;50;10137127017;S
20240417;101041;7900;21;10137127018;S
20240417;101041;7900;32;10137127019;S
20240417;101041;7900;38;10137127020;S
20240417;101043;7900;128;10137127284;B
20240417;101043;7900.5;4;10137127285;B
20240417;101044;7901;10;10137127464;S
20240417;101044;7900.5;68;10137127465;S
20240417;101044;7900.5;11;10137127466;S
20240417;101044;7900.5;11;10137127467;S
20240417;101047;7900.5;1;10137127975;S
20240417;101049;7901;1;10137128243;B
20240417;101051;7901;10;10137128612;S
20240417;101051;7900.5;10;10137128613;S
20240417;101051;7900.5;3;10137128771;S
20240417;101052;7902;1;10137128983;B
20240417;101053;7900.5;11;10137129232;S
20240417;101053;7900;18;10137129233;S
20240417;101057;7901.5;1;10137129901;B
20240417;101059;7901;4;10137130500;S
20240417;101103;7901.5;1;10137131079;B
20240417;101104;7902;5;10137131485;B
20240417;101106;7902;2;10137131687;B
20240417;101106;7902;1;10137131710;B
20240417;101107;7901.5;15;10137131983;S
20240417;101107;7901.5;10;10137131984;S
20240417;101107;7901;32;10137131985;S
20240417;101107;7901;38;10137131986;S
20240417;101107;7901;5;10137131987;S
20240417;101109;7902;1;10137132177;B
20240417;101110;7902;3;10137132379;B
20240417;101115;7901.5;1;10137133043;B
20240417;101115;7902;13;10137133044;B
20240417;101125;7901;2;10137135265;S
20240417;101135;7901;1;10137137326;S
20240417;101138;7902;3;10137137778;B
20240417;101144;7902;1;10137138593;B
20240417;101146;7902;1;10137138858;B
20240417;101146;7902;1;10137138859;B
20240417;101146;7902;2;10137138860;B
20240417;101146;7901.5;10;10137138917;S
20240417;101155;7901.5;10;10137139979;S
20240417;101155;7902;2;10137139993;B
20240417;101156;7902;1;10137140066;B
20240417;101156;7902;2;10137140111;B
20240417;101157;7902;1;10137140292;B
20240417;101200;7901.5;3;10137140605;S
20240417;101203;7902;32;10137141081;B
20240417;101203;7902.5;10;10137141082;B
20240417;101203;7902.5;31;10137141083;B
20240417;101203;7902.5;73;10137141188;B
20240417;101203;7902.5;31;10137141190;B
20240417;101203;7902.5;69;10137141192;B
20240417;101203;7903;1;10137141193;B
20240417;101203;7903;8;10137141194;B
20240417;101203;7905;10;10137141269;B
20240417;101203;7905;28;10137141270;B
20240417;101203;7906;18;10137141271;B
20240417;101203;7906;17;10137141272;B
20240417;101203;7906;10;10137141345;S
20240417;101203;7906.5;10;10137141352;B
20240417;101203;7906.5;4;10137141353;B
20240417;101203;7906.5;5;10137141354;B
20240417;101203;7906.5;10;10137141355;B
20240417;101203;7906.5;44;10137141356;B
20240417;101204;7906.5;6;10137141421;B
20240417;101204;7907;67;10137141422;B
20240417;101205;7905;1;10137141802;S
20240417;101205;7904.5;15;10137141830;B
20240417;101211;7904.5;10;10137142715;S
20240417;101221;7904.5;10;10137144162;S
20240417;101221;7903.5;10;10137144164;S
20240417;101227;7903;10;10137145009;S
20240417;101227;7902.5;10;10137145010;S
20240417;101229;7903;1;10137145264;S
20240417;101236;7902.5;1;10137146172;S
20240417;101243;7903;5;10137147224;B
20240417;101243;7904;10;10137147225;B
20240417;101243;7904.5;7;10137147226;B
20240417;101243;7904;1;10137147302;B
20240417;101248;7902.5;1;10137147864;S
20240417;101248;7902;1;10137147871;S
20240417;101248;7902;28;10137147872;S
20240417;101248;7901.5;11;10137147873;S
20240417;101250;7902.5;10;10137148077;B
20240417;101250;7903.5;18;10137148078;B
20240417;101258;7902;10;10137149005;S
20240417;101258;7902;50;10137149006;S
20240417;101258;7902;50;10137149007;S
20240417;101258;7901.5;1;10137149008;S
20240417;101258;7901.5;30;10137149009;S
20240417;101258;7901.5;10;10137149010;S
20240417;101258;7901;8;10137149011;S
20240417;101258;7901;10;10137149012;S
20240417;101258;7901;10;10137149013;S
20240417;101258;7901;1;10137149014;S
20240417;101258;7901;4;10137149015;S
20240417;101258;7901;6;10137149016;S
20240417;101258;7901;84;10137149017;S
20240417;101258;7901;15;10137149018;S
20240417;101258;7901;89;10137149019;S
20240417;101259;7902;1;10137149152;B
20240417;101259;7901;6;10137149342;S
20240417;101259;7901;22;10137149343;S
20240417;101259;7900.5;30;10137149344;S
20240417;101259;7900.5;2;10137149345;S
20240417;101301;7902;2;10137149560;B
20240417;101304;7900.5;1;10137149887;B
20240417;101305;7900.5;6;10137149986;B
20240417;101306;7900.5;16;10137150129;B
20240417;101307;7902;3;10137150289;B
20240417;101307;7902;2;10137150290;B
20240417;101313;7901.5;5;10137151119;S
20240417;101315;7902.5;1;10137151233;B
20240417;101325;7901.5;1;10137152858;S
20240417;101326;7902;3;10137152967;B
20240417;101328;7901.5;1;10137153156;S
20240417;101333;7902.5;7;10137153716;B
20240417;101333;7902.5;3;10137153717;B
20240417;101339;7902.5;1;10137154500;B
20240417;101352;7902.5;1;10137156266;B
20240417;101354;7902.5;5;10137156604;B
20240417;101355;7902.5;3;10137156666;B
20240417;101355;7902;10;10137156727;S
20240417;101355;7902;3;10137156728;S
20240417;101358;7902.5;3;10137157292;B
20240417;101400;7902;5;10137157479;S
20240417;101402;7902.5;50;10137157809;B
20240417;101412;7902.5;16;10137159060;B
20240417;101416;7902;20;10137159581;S
20240417;101422;7902.5;1;10137160365;B
20240417;101425;7902;3;10137160834;S
20240417;101427;7902.5;2;10137161120;B
20240417;101432;7902.5;15;10137161670;B
20240417;101432;7902.5;1;10137161671;B
20240417;101436;7902.5;1;10137162619;B
20240417;101439;7902;8;10137162908;S
20240417;101439;7902.5;13;10137162915;B
20240417;101440;7902;11;10137163077;S
20240417;101446;7902.5;1;10137163568;B
20240417;101453;7902;4;10137164352;S
20240417;101500;7902.5;1;10137165322;B
20240417;101505;7902;3;10137166633;S
20240417;101505;7902.5;3;10137166636;B
20240417;101505;7902.5;2;10137166637;B
20240417;101507;7902.5;1;10137167139;B
20240417;101508;7902.5;1;10137167286;B
20240417;101509;7902.5;3;10137167511;B
20240417;101509;7902.5;3;10137167512;B
20240417;101514;7902.5;1;10137168943;B
20240417;101516;7902.5;2;10137169379;B
20240417;101516;7903;1;10137169380;B
20240417;101517;7904;1;10137169530;B
20240417;101530;7903.5;1;10137172523;B
20240417;101532;7904;1;10137173000;B
20240417;101535;7904;2;10137173795;B
20240417;101536;7904;20;10137174030;B
20240417;101540;7903.5;3;10137174778;S
20240417;101542;7904;63;10137175233;B
20240417;101546;7904;70;10137175963;B
20240417;101546;7904;2;10137175964;B
20240417;101546;7904;10;10137175965;B
20240417;101546;7904;6;10137175966;B
20240417;101546;7904.5;10;10137175967;B
20240417;101546;7904.5;11;10137175968;B
20240417;101546;7904.5;10;10137175969;B
20240417;101546;7905;1;10137175970;B
20240417;101548;7905;2;10137176293;B
20240417;101548;7905;3;10137176312;B
20240417;101551;7905;1;10137176897;B
20240417;101551;7905;4;10137176898;B
20240417;101552;7905;4;10137177125;B
20240417;101556;7905;1;10137177635;B
20240417;101557;7904.5;1;10137177982;S
20240417;101557;7904;9;10137177983;S
20240417;101558;7904.5;1;10137178145;B
20240417;101559;7904.5;8;10137178350;B
20240417;101602;7904.5;3;10137178868;B
20240417;101606;7904.5;11;10137179798;B
20240417;101606;7905;2;10137179799;B
20240417;101609;7905;1;10137180373;B
20240417;101609;7905;10;10137180467;B
20240417;101611;7905;3;10137180796;B
20240417;101611;7905;1;10137180797;B
20240417;101612;7905;6;10137180944;B
20240417;101612;7905;3;10137180945;B
20240417;101613;7905;2;10137181176;B
20240417;101614;7904.5;9;10137181291;S
20240417;101614;7905;2;10137181302;B
20240417;101616;7905;73;10137181614;B
20240417;101616;7905;73;10137181689;B
20240417;101616;7905;38;10137181690;B
20240417;101616;7905;44;10137181691;B
20240417;101616;7905;15;10137181692;B
20240417;101616;7905;5;10137181693;B
20240417;101616;7905;1;10137181694;B
20240417;101618;7906.5;50;10137181921;S
20240417;101618;7906.5;50;10137181922;S
20240417;101618;7906.5;7;10137182020;S
20240417;101621;7907;6;10137182675;B
20240417;101624;7907;1;10137183031;B
20240417;101624;7906.5;1;10137183035;S
20240417;101624;7906.5;1;10137183036;S
20240417;101627;7907;9;10137183663;B
20240417;101634;7906.5;9;10137184617;B
20240417;101636;7906.5;2;10137184901;B
20240417;101639;7906.5;3;10137185348;B
20240417;101641;7906;1;10137185643;B
20240417;101643;7906;1;10137185861;B
20240417;101643;7906;1;10137185916;B
20240417;101654;7906;1;10137187713;B
20240417;101700;7906;6;10137188630;B
20240417;101700;7906;4;10137188631;B
20240417;101701;7906;1;10137188796;B
20240417;101704;7906;1;10137189206;S
20240417;101704;7905;2;10137189207;S
20240417;101704;7905;8;10137189318;S
20240417;101704;7905;2;10137189319;S
20240417;101705;7905;10;10137189356;S
20240417;101705;7905;15;10137189357;S
20240417;101705;7905.5;1;10137189396;B
20240417;101705;7905.5;5;10137189401;B
20240417;101706;7905.5;1;10137189483;B
20240417;101706;7905.5;4;10137189500;B
20240417;101709;7905.5;3;10137190138;B
20240417;101710;7905.5;1;10137190171;B
20240417;101711;7905.5;2;10137190350;B
20240417;101713;7905.5;2;10137190614;B
20240417;101714;7905.5;7;10137190771;B
20240417;101715;7905.5;4;10137190843;B
20240417;101717;7905;1;10137191079;S
20240417;101717;7905;20;10137191175;S
20240417;101717;7905.5;1;10137191179;B
20240417;101720;7905.5;3;10137191497;B
20240417;101721;7905.5;1;10137191658;B
20240417;101722;7905.5;1;10137191752;B
20240417;101723;7905.5;1;10137191849;B
20240417;101724;7905.5;1;10137192011;B
20240417;101729;7905.5;1;10137192818;B
20240417;101732;7905.5;50;10137193260;B
20240417;101732;7905.5;12;10137193261;B
20240417;101732;7906;1;10137193262;B
20240417;101732;7906;32;10137193263;B
20240417;101732;7906;12;10137193264;B
20240417;101732;7905.5;10;10137193265;B
20240417;101737;7905.5;2;10137194151;B
20240417;101737;7905.5;4;10137194161;B
20240417;101738;7905.5;3;10137194302;B
20240417;101738;7905.5;1;10137194371;B
20240417;101738;7905.5;1;10137194378;B
20240417;101739;7905.5;1;10137194394;B
20240417;101740;7905.5;1;10137194591;B
20240417;101740;7905;5;10137194632;S
20240417;101744;7906;20;10137195264;B
20240417;101744;7906;2;10137195400;B
20240417;101745;7906;10;10137195488;B
20240417;101748;7906;1;10137196057;B
20240417;101750;7906;2;10137196564;B
20240417;101755;7906.5;1;10137197948;B
20240417;101755;7906;10;10137197983;S
20240417;101755;7906;32;10137197984;S
20240417;101755;7906;13;10137197985;S
20240417;101755;7905.5;5;10137197986;S
20240417;101755;7905.5;10;10137197987;S
20240417;101755;7905.5;8;10137198001;S
20240417;101800;7906.5;1;10137199155;B
20240417;101801;7905.5;2;10137199362;S
20240417;101801;7905.5;22;10137199363;S
20240417;101804;7906.5;3;10137199799;B
20240417;101804;7906.5;26;10137199800;B
20240417;101804;7906.5;11;10137199801;B
20240417;101804;7907;38;10137199802;B
20240417;101805;7906;2;10137199852;S
20240417;101806;7906.5;2;10137200062;B
20240417;101807;7906.5;1;10137200139;B
20240417;101807;7906;10;10137200162;S
20240417;101807;7906;32;10137200178;B
20240417;101807;7906;13;10137200179;B
20240417;101809;7905.5;2;10137200498;B
20240417;101813;7906.5;47;10137201124;B
20240417;101813;7906.5;23;10137201125;B
20240417;101819;7907;1;10137201846;B
20240417;101823;7906.5;1;10137202208;B
20240417;101823;7906;1;10137202278;S
20240417;101828;7905.5;11;10137202788;S
20240417;101828;7905;59;10137202789;S
20240417;101828;7905;3;10137202790;S
20240417;101828;7905;1;10137202791;S
20240417;101828;7905;26;10137202792;S
20240417;101831;7905.5;4;10137203219;B
20240417;101832;7905.5;27;10137203361;B
20240417;101834;7905;5;10137203509;S
20240417;101835;7905;1;10137203753;S
20240417;101837;7905.5;1;10137203976;B
20240417;101839;7905.5;1;10137204173;B
20240417;101840;7905.5;1;10137204250;B
20240417;101842;7905.5;3;10137204484;B
20240417;101842;7905.5;32;10137204517;B
20240417;101842;7905.5;28;10137204518;B
20240417;101842;7906;2;10137204519;B
20240417;101845;7906;1;10137204797;B
20240417;101846;7906;12;10137204946;B
20240417;101846;7907;26;10137204947;B
20240417;101846;7907;2;10137204948;B
20240417;101847;7907;4;10137205080;B
20240417;101848;7907;2;10137205335;B
20240417;101854;7906.5;5;10137205916;B
20240417;101854;7906.5;2;10137205945;B
20240417;101859;7906;1;10137206641;B
20240417;101900;7906;1;10137206731;B
20240417;101901;7906;9;10137206809;B
20240417;101903;7905.5;1;10137207121;S
20240417;101904;7906;5;10137207356;B
20240417;101906;7906;1;10137207583;B
20240417;101908;7906;2;10137207815;B
20240417;101913;7906;12;10137208359;B
20240417;101913;7906;1;10137208366;B
20240417;101917;7906;1;10137208745;B
20240417;101917;7906;1;10137208746;B
20240417;101919;7906.5;6;10137208874;B
20240417;101920;7905.5;1;10137208975;S
20240417;101920;7905.5;1;10137208976;S
20240417;101920;7905.5;50;10137208977;S
20240417;101920;7905.5;10;10137208978;S
20240417;101920;7905;168;10137208979;S
20240417;101920;7905;1;10137208980;S
20240417;101920;7905;1;10137208981;S
20240417;101920;7905;10;10137208982;S
20240417;101920;7905;3;10137208983;S
20240417;101920;7904.5;4;10137208984;S
20240417;101920;7904.5;15;10137208985;S
20240417;101920;7904.5;5;10137208986;S
20240417;101920;7904.5;12;10137208987;S
20240417;101920;7904.5;21;10137208988;S
20240417;101920;7904;1;10137208989;S
20240417;101920;7904;1;10137208990;S
20240417;101920;7904;50;10137208991;S
20240417;101920;7904;15;10137208992;S
20240417;101920;7903.5;14;10137208993;S
20240417;101920;7903.5;40;10137208994;S
20240417;101920;7903;50;10137208995;S
20240417;101920;7903;1;10137208996;S
20240417;101920;7903;26;10137208997;S
20240417;101920;7903.5;3;10137209200;B
20240417;101921;7903.5;47;10137209395;B
20240417;101921;7903.5;12;10137209396;B
20240417;101921;7904;10;10137209397;B
20240417;101921;7904.5;50;10137209398;B
20240417;101921;7904.5;50;10137209399;B
20240417;101921;7904.5;21;10137209400;B
20240417;101921;7905.5;32;10137209401;B
20240417;101921;7905.5;38;10137209402;B
20240417;101921;7905.5;28;10137209403;B
20240417;101921;7906;50;10137209404;B
20240417;101921;7906;40;10137209405;B
20240417;101924;7906;3;10137209864;S
20240417;101926;7906.5;1;10137210113;B
20240417;101928;7906;2;10137210433;S
20240417;101931;7906;17;10137210837;S
20240417;101931;7906;1;10137210838;S
20240417;101931;7906;2;10137210839;S
20240417;101940;7906;8;10137211885;S
20240417;101940;7906;12;10137211886;S
20240417;101940;7906.5;1;10137211888;B
20240417;101942;7906;50;10137212227;S
20240417;101946;7906.5;2;10137212698;B
20240417;101946;7906;20;10137212729;S
20240417;101946;7906.5;9;10137212733;B
20240417;101951;7906.5;1;10137213196;B
20240417;101952;7906.5;3;10137213337;B
20240417;101955;7906;5;10137213697;S
20240417;101959;7906;9;10137214109;S
20240417;102000;7906.5;9;10137214183;B
20240417;102005;7906.5;1;10137214735;B
20240417;102005;7906.5;1;10137214751;B
20240417;102008;7906;24;10137215204;S
20240417;102008;7906;1;10137215205;S
20240417;102008;7906;25;10137215206;S
20240417;102008;7906;1;10137215207;S
20240417;102008;7906;2;10137215208;S
20240417;102008;7906;1;10137215209;S
20240417;102008;7906;1;10137215210;S
20240417;102011;7906.5;1;10137215683;B
20240417;102011;7906.5;1;10137215693;B
20240417;102012;7906.5;24;10137215898;B
20240417;102012;7906.5;10;10137215899;B
20240417;102012;7906.5;22;10137215900;B
20240417;102020;7906.5;26;10137216942;B
20240417;102022;7906.5;24;10137217192;B
20240417;102022;7906.5;32;10137217193;B
20240417;102023;7906;2;10137218405;S
20240417;102025;7906.5;1;10137220679;B
20240417;102025;7906;10;10137220725;S
20240417;102026;7906.5;1;10137221237;B
20240417;102026;7906.5;5;10137221399;B
20240417;102027;7906;1;10137221878;S
20240417;102028;7906.5;3;10137221946;B
20240417;102029;7906;2;10137222102;S
20240417;102032;7906.5;56;10137223536;B
20240417;102039;7906;1;10137226275;S
20240417;102039;7906.5;1;10137226347;B
20240417;102042;7906.5;56;10137227094;B
20240417;102044;7906.5;5;10137227631;B
20240417;102047;7906.5;2;10137228967;B
20240417;102048;7906.5;5;10137229927;B
20240417;102052;7906.5;33;10137230444;B
20240417;102052;7906.5;1;10137230445;B
20240417;102052;7906.5;22;10137230446;B
20240417;102053;7906.5;4;10137230709;B
20240417;102059;7906.5;4;10137233183;B
20240417;102101;7906.5;1;10137233592;B
20240417;102102;7906.5;2;10137233621;B
20240417;102102;7906.5;1;10137233622;B
20240417;102102;7906.5;1;10137233623;B
20240417;102102;7906.5;1;10137233624;B
20240417;102102;7906.5;1;10137233625;B
20240417;102102;7906.5;1;10137233626;B
20240417;102102;7907;18;10137233646;B
20240417;102102;7907;1;10137233647;B
20240417;102102;7907;9;10137233648;B
20240417;102102;7907;1;10137233649;B
20240417;102102;7907;5;10137233650;B
20240417;102102;7907;5;10137233651;B
20240417;102102;7907;12;10137233652;B
20240417;102102;7907;11;10137233653;B
20240417;102102;7907;1;10137233654;B
20240417;102102;7907;5;10137233655;B
20240417;102102;7907.5;5;10137233696;B
20240417;102102;7907.5;1;10137233697;B
20240417;102103;7907.5;49;10137233856;B
20240417;102105;7907.5;5;10137234750;B
20240417;102105;7907;1;10137234754;S
20240417;102105;7907;1;10137234771;S
20240417;102106;7907.5;1;10137235091;B
20240417;102107;7907;35;10137235547;S
20240417;102107;7907;10;10137235548;S
20240417;102107;7906.5;32;10137235549;S
20240417;102107;7906.5;23;10137235550;S
20240417;102109;7906.5;12;10137236750;S
20240417;102110;7907;5;10137236892;B
20240417;102111;7906.5;20;10137237510;S
20240417;102113;7907;45;10137238611;B
20240417;102113;7907;11;10137238612;B
20240417;102115;7907;1;10137238862;B
20240417;102117;7906.5;1;10137239138;S
20240417;102121;7906.5;20;10137239816;S
20240417;102122;7906.5;2;10137239899;S
20240417;102123;7907;20;10137239931;B
20240417;102123;7907;3;10137239932;B
20240417;102123;7907;32;10137239933;B
20240417;102123;7907;1;10137239934;B
20240417;102128;7907;2;10137240630;B
20240417;102129;7907;23;10137240847;B
20240417;102129;7907;7;10137240848;B
20240417;102131;7907;1;10137243508;B
20240417;102133;7907;13;10137243657;B
20240417;102133;7907;2;10137243658;B
20240417;102134;7907.5;41;10137243768;B
20240417;102138;7907.5;26;10137244595;B
20240417;102140;7907;1;10137245097;S
20240417;102144;7907;49;10137247767;B
20240417;102144;7907;7;10137247768;B
20240417;102145;7906.5;22;10137247852;S
20240417;102145;7906.5;1;10137247853;S
20240417;102145;7906.5;7;10137247854;S
20240417;102148;7907;1;10137248388;B
20240417;102149;7907;2;10137248618;B
20240417;102150;7906.5;7;10137248851;S
20240417;102151;7907;1;10137249265;B
20240417;102154;7907;39;10137249607;B
20240417;102154;7907;17;10137249608;B
20240417;102154;7907;5;10137249631;B
20240417;102156;7907;28;10137250824;B
20240417;102156;7907;100;10137250825;B
20240417;102156;7907.5;72;10137250826;B
20240417;102200;7907;12;10137252730;S
20240417;102200;7907;32;10137252731;S
20240417;102200;7907;2;10137252732;S
20240417;102200;7906.5;1;10137252733;S
20240417;102200;7906.5;174;10137252734;S
20240417;102200;7906.5;10;10137252735;S
20240417;102200;7906;1;10137252736;S
20240417;102200;7906;2;10137252737;S
20240417;102200;7906;1;10137252738;S
20240417;102200;7906;1;10137252739;S
20240417;102200;7906;2;10137252740;S
20240417;102200;7906;1;10137252741;S
20240417;102200;7906;1;10137252742;S
20240417;102200;7906;1;10137252743;S
20240417;102200;7906;4;10137252744;S
20240417;102200;7906;1;10137252745;S
20240417;102200;7906;1;10137252746;S
20240417;102200;7906;1;10137252747;S
20240417;102200;7906;1;10137252748;S
20240417;102200;7906;1;10137252749;S
20240417;102200;7906;1;10137252750;S
20240417;102200;7906;1;10137252751;S
20240417;102200;7906;1;10137252752;S
20240417;102200;7906;10;10137252753;S
20240417;102200;7906;1;10137252754;S
20240417;102200;7906;1;10137252755;S
20240417;102200;7906;50;10137252756;S
20240417;102200;7905;1;10137252757;S
20240417;102200;7905;1;10137252758;S
20240417;102200;7905;2;10137252759;S
20240417;102200;7905;21;10137252760;S
20240417;102200;7905;28;10137252761;S
20240417;102200;7903.5;15;10137252762;S
20240417;102200;7903.5;17;10137252763;S
20240417;102200;7905.5;1;10137252810;B
20240417;102200;7906;2;10137252811;B
20240417;102200;7906;1;10137252812;B
20240417;102200;7906;1;10137252813;B
20240417;102200;7906;2;10137252814;B
20240417;102200;7906;1;10137252815;B
20240417;102200;7906;1;10137252816;B
20240417;102200;7906;4;10137252818;B
20240417;102204;7907;12;10137253324;B
20240417;102204;7907;21;10137253325;B
20240417;102205;7907.5;23;10137253725;B
20240417;102205;7907.5;1;10137253922;B
20240417;102209;7907;28;10137254983;B
20240417;102209;7907;10;10137254984;B
20240417;102211;7907;1;10137256558;B
20240417;102215;7907;10;10137258051;B
20240417;102215;7907;12;10137258052;B
20240417;102215;7907;34;10137258106;S
20240417;102215;7907;28;10137258107;S
20240417;102215;7906.5;10;10137258227;S
20240417;102216;7907;1;10137258433;B
20240417;102221;7906.5;2;10137260066;S
20240417;102224;7907;5;10137261803;B
20240417;102225;7907;32;10137262047;B
20240417;102226;7907.5;24;10137262251;B
20240417;102229;7907;32;10137263119;S
20240417;102236;7907;56;10137265256;B
20240417;102246;7907;56;10137270176;B
20240417;102250;7907;4;10137271321;B
20240417;102255;7906.5;20;10137274615;S
20240417;102256;7907;4;10137274820;B
20240417;102258;7906.5;8;10137275577;S
20240417;102258;7906.5;4;10137275597;S
20240417;102300;7906.5;5;10137276221;S
20240417;102304;7907;5;10137277455;B
20240417;102304;7907;12;10137277537;B
20240417;102306;7907;1;10137278888;B
20240417;102306;7907;45;10137280002;B
20240417;102307;7907;1;10137280267;B
20240417;102315;7906.5;1;10137282427;S
20240417;102316;7907;11;10137282612;B
20240417;102316;7907;1;10137282738;B
20240417;102324;7907;1;10137287228;B
20240417;102326;7907;4;10137287609;B
20240417;102326;7907;10;10137287612;B
20240417;102330;7907;25;10137288436;B
20240417;102339;7907;5;10137293416;B
20240417;102343;7907;33;10137294434;B
20240417;102348;7907;1;10137295241;B
20240417;102348;7906.5;5;10137295353;S
20240417;102352;7907;1;10137296208;B
20240417;102353;7907;1;10137297493;B
20240417;102359;7906.5;1;10137298666;S
20240417;102359;7906.5;8;10137298689;S
20240417;102400;7907;6;10137300021;B
20240417;102406;7906.5;36;10137302064;S
20240417;102406;7906.5;4;10137302065;S
20240417;102406;7907;1;10137302070;B
20240417;102409;7906.5;9;10137302811;S
20240417;102412;7907;4;10137304657;B
20240417;102416;7907;1;10137306015;B
20240417;102419;7907;5;10137306828;B
20240417;102419;7907;2;10137306835;B
20240417;102419;7906.5;1;10137306884;S
20240417;102419;7906.5;7;10137306885;S
20240417;102423;7907;3;10137307789;B
20240417;102425;7906.5;1;10137308333;S
20240417;102425;7906.5;1;10137308334;S
20240417;102425;7906.5;1;10137309309;S
20240417;102425;7906.5;2;10137309310;S
20240417;102425;7906.5;1;10137309311;S
20240417;102425;7906.5;1;10137309312;S
20240417;102425;7906.5;1;10137309313;S
20240417;102425;7906.5;2;10137309314;S
20240417;102425;7906.5;1;10137309315;S
20240417;102425;7906.5;1;10137309316;S
20240417;102431;7907;3;10137311575;B
20240417;102433;7907;3;10137311960;B
20240417;102434;7907;1;10137312442;B
20240417;102436;7906.5;4;10137313048;S
20240417;102436;7906.5;1;10137313049;S
20240417;102436;7906.5;2;10137313050;S
20240417;102436;7906.5;4;10137313051;S
20240417;102437;7906.5;20;10137313400;S
20240417;102444;7907;22;10137316323;B
20240417;102446;7907;4;10137317733;B
20240417;102448;7906.5;2;10137318145;S
20240417;102454;7907;1;10137320523;B
20240417;102502;7906.5;20;10137324316;S
20240417;102504;7907;6;10137325666;B
20240417;102509;7907;1;10137327409;B
20240417;102510;7907;13;10137327671;B
20240417;102510;7907;4;10137327859;B
20240417;102511;7906.5;20;10137328080;S
20240417;102514;7907;6;10137328902;B
20240417;102515;7906.5;379;10137329145;S
20240417;102515;7906.5;1;10137329146;S
20240417;102515;7906.5;2;10137329147;S
20240417;102515;7906.5;1;10137329148;S
20240417;102515;7906.5;1;10137329149;S
20240417;102515;7906.5;1;10137329150;S
20240417;102515;7906.5;1;10137329151;S
20240417;102515;7906.5;2;10137329152;S
20240417;102515;7906.5;1;10137329153;S
20240417;102515;7906.5;4;10137329154;S
20240417;102515;7906.5;4;10137329155;S
20240417;102515;7906.5;1;10137329156;S
20240417;102515;7906.5;2;10137329157;S
20240417;102519;7907;2;10137330111;B
20240417;102524;7907;20;10137333074;B
20240417;102531;7907;1;10137334713;B
20240417;102536;7907;5;10137337187;B
20240417;102537;7907;18;10137337374;B
20240417;102540;7907;2;10137339242;B
20240417;102546;7907;3;10137342661;B
20240417;102547;7907;1;10137343202;B
20240417;102550;7907;5;10137343785;B
20240417;102552;7906.5;1;10137344159;S
20240417;102553;7907;31;10137344276;B
20240417;102554;7907;1;10137344840;B
20240417;102555;7907;1;10137345293;B
20240417;102556;7906.5;254;10137345960;S
20240417;102556;7906.5;2;10137345961;S
20240417;102556;7906.5;1;10137345962;S
20240417;102556;7906.5;1;10137345963;S
20240417;102556;7906.5;2;10137345964;S
20240417;102556;7906.5;1;10137345965;S
20240417;102556;7906.5;1;10137345966;S
20240417;102556;7906.5;4;10137345967;S
20240417;102556;7906.5;221;10137345968;S
20240417;102556;7906.5;1;10137345969;S
20240417;102556;7906.5;2;10137345970;S
20240417;102556;7906.5;10;10137345971;S
20240417;102559;7907;1;10137346809;B
20240417;102601;7906.5;15;10137347261;S
20240417;102603;7907;20;10137347800;B
20240417;102605;7907;34;10137348944;B
20240417;102611;7907;1;10137350971;B
20240417;102613;7907;7;10137351759;B
20240417;102620;7907;1;10137354441;B
20240417;102626;7907;6;10137355877;B
20240417;102627;7907;4;10137356102;B
20240417;102631;7907;56;10137358035;B
20240417;102632;7907;39;10137358211;B
20240417;102634;7906.5;30;10137358481;S
20240417;102635;7907;3;10137358932;B
20240417;102635;7907;35;10137358936;B
20240417;102636;7906.5;20;10137359028;S
20240417;102638;7906.5;14;10137359349;S
20240417;102638;7906.5;26;10137359350;S
20240417;102639;7906.5;3;10137360228;S
20240417;102639;7907;1;10137360234;B
20240417;102640;7907;15;10137360380;B
20240417;102641;7907;56;10137360596;B
20240417;102643;7907;1;10137361376;B
20240417;102643;7907;1;10137361424;B
20240417;102649;7906.5;18;10137362481;S
20240417;102651;7907;56;10137362619;B
20240417;102652;7907;3;10137362880;B
20240417;102656;7906.5;15;10137363468;S
20240417;102656;7907;6;10137363560;B
20240417;102701;7907;56;10137364227;B
20240417;102701;7906.5;13;10137364277;S
20240417;102702;7907;2;10137364450;B
20240417;102705;7907;5;10137364856;B
20240417;102705;7907;10;10137364915;B
20240417;102707;7907;1;10137365192;B
20240417;102708;7907;4;10137365426;B
20240417;102711;7907;56;10137365768;B
20240417;102711;7907;44;10137365770;B
20240417;102713;7907;4;10137366313;B
20240417;102713;7907;7;10137366314;B
20240417;102713;7907;1;10137366315;B
20240417;102713;7907;1;10137366316;B
20240417;102713;7907;28;10137366317;B
20240417;102713;7907;1;10137366318;B
20240417;102713;7907;12;10137366319;B
20240417;102713;7907;2;10137366320;B
20240417;102713;7907;1;10137366321;B
20240417;102713;7907;7;10137366322;B
20240417;102718;7907;1;10137366920;B
20240417;102721;7907;1;10137367253;B
20240417;102721;7907;18;10137367254;B
20240417;102721;7907;12;10137367255;B
20240417;102722;7907.5;7;10137367384;B
20240417;102722;7907.5;18;10137367385;B
20240417;102728;7907.5;1;10137368242;B
20240417;102730;7907.5;7;10137368758;B
20240417;102730;7907.5;1;10137368759;B
20240417;102732;7907.5;1;10137369599;B
20240417;102732;7907.5;10;10137369600;B
20240417;102732;7907.5;5;10137369601;B
20240417;102732;7907.5;1;10137369602;B
20240417;102732;7907.5;27;10137369692;S
20240417;102733;7908;1;10137370013;B
20240417;102733;7908;11;10137370014;B
20240417;102733;7907;1;10137370315;S
20240417;102739;7908;2;10137371253;B
20240417;102743;7907.5;3;10137371790;B
20240417;102743;7907.5;25;10137371791;B
20240417;102743;7907.5;28;10137371792;B
20240417;102748;7907.5;2;10137372602;S
20240417;102748;7907;2;10137372603;S
20240417;102748;7907;2;10137372604;S
20240417;102749;7907.5;8;10137372712;B
20240417;102752;7908;7;10137373138;B
20240417;102753;7908;24;10137373258;B
20240417;102753;7908;19;10137373259;B
20240417;102753;7908;2;10137373260;B
20240417;102753;7908;2;10137373261;B
20240417;102753;7908;9;10137373262;B
20240417;102757;7908;2;10137373797;B
20240417;102800;7908;1;10137374182;B
20240417;102800;7907;1;10137374184;S
20240417;102800;7907;3;10137374185;S
20240417;102800;7906.5;1;10137374186;S
20240417;102802;7908;1;10137374317;B
20240417;102802;7907.5;15;10137374372;B
20240417;102803;7907.5;6;10137374468;B
20240417;102803;7907.5;50;10137374469;B
20240417;102813;7907.5;21;10137375869;B
20240417;102813;7908;1;10137375934;B
20240417;102814;7908;35;10137376063;B
20240417;102814;7908;10;10137376135;B
20240417;102824;7907.5;54;10137377674;B
20240417;102824;7907.5;2;10137377675;B
20240417;102834;7908;56;10137379278;B
20240417;102841;7907.5;20;10137380417;B
20240417;102844;7907.5;22;10137380680;B
20240417;102845;7908;34;10137380805;B
20240417;102854;7908;5;10137381912;B
20240417;102855;7908;56;10137382053;B
20240417;102856;7908;2;10137382220;B
20240417;102904;7908;108;10137383481;B
20240417;102905;7908;56;10137383634;B
20240417;102905;7908;5;10137383722;B
20240417;102911;7908;1;10137384606;B
20240417;102914;7908;1;10137385190;B
20240417;102915;7908;44;10137385370;B
20240417;102917;7908;2;10137385725;B
20240417;102920;7908;12;10137386080;B
20240417;102925;7908;1;10137386730;B
20240417;102929;7908;158;10137387387;B
20240417;102929;7908;10;10137387388;B
20240417;102933;7908;3;10137387921;B
20240417;102941;7908;1;10137389157;B
20240417;102943;7907.5;1;10137389430;S
20240417;102943;7907.5;4;10137389431;S
20240417;102943;7907.5;1;10137389432;S
20240417;102946;7907;2;10137389851;S
20240417;102954;7907.5;1;10137390785;B
20240417;103000;7907;1;10137391515;S
20240417;103001;7907.5;1;10137391640;B
20240417;103001;7907;7;10137391708;S
20240417;103001;7907;18;10137391709;S
20240417;103001;7907;25;10137391710;S
20240417;103001;7907;2;10137391711;S
20240417;103001;7907;1;10137391712;S
20240417;103001;7907;3;10137391713;S
20240417;103002;7907;4;10137391763;S
20240417;103003;7907.5;1;10137391879;B
20240417;103003;7907;1;10137391991;S
20240417;103007;7907.5;1;10137392498;B
20240417;103007;7907.5;21;10137392499;B
20240417;103007;7907.5;7;10137392500;B
20240417;103007;7907;3;10137392544;S
20240417;103008;7907;1;10137392657;S
20240417;103008;7907;2;10137392686;S
20240417;103011;7907.5;25;10137393194;B
20240417;103016;7907;2;10137393787;S
20240417;103036;7907.5;18;10137397597;B
20240417;103036;7907.5;10;10137397598;B
20240417;103036;7907.5;19;10137397599;B
20240417;103038;7907.5;2;10137397783;B
20240417;103038;7907.5;2;10137397784;B
20240417;103038;7907.5;1;10137397785;B
20240417;103038;7908;4;10137397786;B
20240417;103038;7908;4;10137397787;B
20240417;103038;7908;2;10137397845;B
20240417;103041;7907;1;10137398137;S
20240417;103041;7907;2;10137398274;S
20240417;103043;7907.5;1;10137398770;B
20240417;103045;7907.5;1;10137399479;B
20240417;103051;7907.5;2;10137400871;B
20240417;103051;7907.5;1;10137401145;B
20240417;103055;7907.5;21;10137402156;B
20240417;103055;7907.5;1;10137402157;B
20240417;103057;7907;3;10137402695;S
20240417;103058;7907.5;1;10137403011;B
20240417;103102;7907;3;10137403646;S
20240417;103102;7907;10;10137403647;S
20240417;103102;7907;1;10137403648;S
20240417;103102;7906.5;24;10137403649;S
20240417;103102;7906.5;2;10137403650;S
20240417;103102;7906.5;1;10137403651;S
20240417;103102;7906.5;1;10137403652;S
20240417;103102;7906.5;4;10137403653;S
20240417;103102;7906.5;2;10137403654;S
20240417;103102;7906.5;1;10137403655;S
20240417;103102;7906.5;2;10137403656;S
20240417;103102;7906.5;1;10137403657;S
20240417;103102;7906.5;48;10137403658;S
20240417;103104;7907;5;10137404004;B
20240417;103106;7906.5;1;10137404351;S
20240417;103110;7907;1;10137404978;B
20240417;103116;7907;1;10137405629;B
20240417;103122;7907;4;10137406644;B
20240417;103130;7907;1;10137407743;B
20240417;103140;7907;9;10137409871;B
20240417;103140;7907;5;10137409872;B
20240417;103140;7907;6;10137409928;S
20240417;103140;7906.5;51;10137410111;S
20240417;103140;7906.5;2;10137410112;S
20240417;103140;7906.5;47;10137410113;S
20240417;103141;7906.5;4;10137410235;S
20240417;103144;7906.5;1;10137411069;S
20240417;103147;7907;1;10137411943;B
20240417;103148;7907;3;10137411986;B
20240417;103150;7907;1;10137412593;B
20240417;103150;7907;2;10137412594;B
20240417;103150;7907;2;10137412606;B
20240417;103150;7907;2;10137412625;B
20240417;103150;7907;2;10137412632;B
20240417;103150;7907;1;10137412642;B
20240417;103150;7907;1;10137412643;B
20240417;103151;7907;2;10137412647;B
20240417;103151;7907;2;10137412659;B
20240417;103151;7907;2;10137412671;B
20240417;103151;7907;1;10137412681;B
20240417;103151;7907;1;10137412683;B
20240417;103151;7907;1;10137412685;B
20240417;103151;7907;1;10137412686;B
20240417;103151;7907;1;10137412697;B
20240417;103151;7907;1;10137412701;B
20240417;103151;7907;4;10137412706;B
20240417;103151;7907;2;10137412707;B
20240417;103151;7907;1;10137412708;B
20240417;103151;7907;1;10137412722;B
20240417;103151;7907;1;10137412725;B
20240417;103151;7907;4;10137412726;B
20240417;103151;7907;2;10137412727;B
20240417;103151;7907;1;10137412729;B
20240417;103151;7907;1;10137412757;B
20240417;103151;7907;1;10137412759;B
20240417;103151;7907;3;10137412760;B
20240417;103151;7907;1;10137412761;B
20240417;103151;7907;1;10137412762;B
20240417;103151;7907;1;10137412766;B
20240417;103151;7907;4;10137412768;B
20240417;103151;7907;1;10137412770;B
20240417;103151;7907;1;10137412784;B
20240417;103202;7906.5;1;10137414967;S
20240417;103202;7907;10;10137415030;S
20240417;103207;7907;5;10137415826;S
20240417;103213;7907;1;10137417064;B
20240417;103215;7907;14;10137417461;B
20240417;103215;7907;21;10137417462;B
20240417;103215;7907;1;10137417463;B
20240417;103215;7907.5;14;10137417464;B
20240417;103222;7907.5;2;10137418794;B
20240417;103227;7907;1;10137419849;S
20240417;103231;7907.5;19;10137420649;B
20240417;103231;7907.5;12;10137420650;B
20240417;103231;7908;1;10137420676;B
20240417;103236;7908;4;10137421583;B
20240417;103236;7908;2;10137421584;B
20240417;103236;7908;1;10137421585;B
20240417;103236;7908;2;10137421586;B
20240417;103236;7908;1;10137421587;B
20240417;103236;7908;8;10137421588;B
20240417;103237;7908;7;10137421985;B
20240417;103239;7907.5;2;10137423516;S
20240417;103239;7907.5;2;10137423517;S
20240417;103241;7908;8;10137424420;B
20240417;103245;7908;1;10137425373;B
20240417;103245;7908;14;10137425374;B
20240417;103247;7907.5;1;10137425891;S
20240417;103247;7907.5;32;10137425892;S
20240417;103248;7907.5;1;10137426081;B
20240417;103250;7907;1;10137426516;S
20240417;103253;7907.5;1;10137426990;B
20240417;103254;7907.5;1;10137427176;B
20240417;103256;7907;19;10137427504;S
20240417;103256;7907;7;10137427505;S
20240417;103256;7906.5;7;10137427506;S
20240417;103256;7906.5;1;10137427507;S
20240417;103256;7906.5;36;10137427508;S
20240417;103305;7907.5;5;10137429220;B
20240417;103309;7907.5;2;10137430003;B
20240417;103310;7907.5;1;10137430180;B
20240417;103313;7907.5;2;10137430812;B
20240417;103316;7907;1;10137431520;S
20240417;103317;7907.5;1;10137431564;B
20240417;103318;7907.5;2;10137431876;B
20240417;103320;7907.5;1;10137432141;B
20240417;103321;7907;1;10137432292;S
20240417;103322;7907;3;10137432438;B
20240417;103329;7907;1;10137433845;B
20240417;103329;7906.5;494;10137433989;S
20240417;103329;7906.5;1;10137433990;S
20240417;103329;7906.5;1;10137433991;S
20240417;103329;7906.5;17;10137433992;S
20240417;103329;7906.5;20;10137433993;S
20240417;103329;7906.5;22;10137433994;S
20240417;103330;7907;1;10137434165;B
20240417;103331;7906.5;1;10137434459;S
20240417;103335;7906.5;1000;10137436518;S
20240417;103342;7907;1;10137442459;B
20240417;103348;7906.5;1;10137448172;S
20240417;103352;7907;1;10137452182;B
20240417;103354;7907;24;10137453802;B
20240417;103400;7906.5;1;10137460419;S
20240417;103405;7907;2;10137464452;B
20240417;103407;7907;10;10137467019;B
20240417;103409;7906.5;1;10137468838;S
20240417;103410;7906.5;5;10137469756;S
20240417;103413;7907;8;10137472386;B
20240417;103418;7907;4;10137477315;B
20240417;103421;7906.5;5;10137479979;S
20240417;103422;7907;26;10137480260;B
20240417;103422;7907;32;10137480261;B
20240417;103422;7907;18;10137480262;B
20240417;103431;7906.5;3;10137488977;S
20240417;103431;7907;10;10137489555;B
20240417;103436;7906.5;1;10137493749;S
20240417;103440;7907;1;10137497362;B
20240417;103444;7906.5;1;10137501445;S
20240417;103449;7907;1;10137506056;B
20240417;103505;7907;5;10137521434;B
20240417;103513;7906.5;1;10137529647;S
20240417;103518;7906.5;50;10137534788;S
20240417;103518;7906.5;10;10137534789;S
20240417;103518;7906.5;1;10137534790;S
20240417;103518;7906.5;35;10137534791;S
20240417;103525;7907;2;10137541266;B
20240417;103525;7906.5;24;10137541293;S
20240417;103525;7906.5;2;10137541294;S
20240417;103525;7906.5;1;10137541295;S
20240417;103525;7906.5;30;10137541296;S
20240417;103525;7906.5;102;10137541297;S
20240417;103525;7906.5;1;10137541298;S
20240417;103525;7906.5;10;10137541299;S
20240417;103528;7906.5;10;10137545077;S
20240417;103530;7907;1;10137546611;B
20240417;103530;7907;1;10137546612;B
20240417;103539;7906.5;388;10137555941;S
20240417;103539;7906.5;1;10137555942;S
20240417;103539;7906;2;10137555943;S
20240417;103539;7906;1;10137555944;S
20240417;103539;7906;11;10137555945;S
20240417;103539;7906;10;10137555946;S
20240417;103539;7906;4;10137555947;S
20240417;103539;7906;25;10137555948;S
20240417;103539;7906;4;10137555949;S
20240417;103539;7906;2;10137555950;S
20240417;103539;7906;19;10137555951;S
20240417;103539;7906;1;10137555952;S
20240417;103539;7905.5;4;10137555953;S
20240417;103539;7905.5;1;10137555954;S
20240417;103539;7905;40;10137555955;S
20240417;103539;7905;17;10137555956;S
20240417;103539;7905;2;10137555957;S
20240417;103539;7905;20;10137555958;S
20240417;103539;7905;10;10137555959;S
20240417;103539;7905;1;10137555960;S
20240417;103539;7905;1;10137555961;S
20240417;103539;7904.5;5;10137555962;S
20240417;103539;7904;50;10137555963;S
20240417;103539;7904;50;10137555964;S
20240417;103539;7904;68;10137555965;S
20240417;103539;7903.5;50;10137555966;S
20240417;103539;7903.5;40;10137555967;S
20240417;103539;7903.5;21;10137555968;S
20240417;103539;7903;50;10137555969;S
20240417;103539;7903;40;10137555970;S
20240417;103539;7903;50;10137555971;S
20240417;103539;7903;2;10137555972;S
20240417;103539;7902.5;4;10137555973;S
20240417;103539;7902.5;6;10137555974;S
20240417;103540;7902.5;7;10137556583;B
20240417;103547;7903;1;10137564169;B
20240417;103548;7903;23;10137564872;B
20240417;103551;7902.5;15;10137567192;B
20240417;103551;7902.5;20;10137567193;B
20240417;103551;7903;32;10137567194;B
20240417;103554;7903.5;2;10137569561;B
20240417;103554;7903;1;10137570003;S
20240417;103558;7903.5;48;10137573506;B
20240417;103558;7904;2;10137573507;B
20240417;103600;7903.5;4;10137574820;S
20240417;103608;7903;130;10137581917;S
20240417;103610;7903;10;10137583736;S
20240417;103614;7904;1;10137586924;B
20240417;103624;7903;3;10137595478;S
20240417;103634;7903;30;10137603400;S
20240417;103636;7904.5;1;10137605181;B
20240417;103639;7904.5;1;10137608157;B
20240417;103643;7904.5;6;10137611376;B
20240417;103650;7904;1;10137618838;B
20240417;103652;7904;1;10137620580;B
20240417;103654;7904;1;10137622348;B
20240417;103704;7904;1;10137631874;B
20240417;103704;7904;5;10137631875;B
20240417;103704;7903.5;31;10137631909;S
20240417;103704;7903.5;3;10137631910;S
20240417;103704;7903;37;10137631911;S
20240417;103707;7903.5;1;10137634561;B
20240417;103707;7903.5;3;10137634931;B
20240417;103712;7903.5;1;10137639869;B
20240417;103715;7903.5;27;10137642386;B
20240417;103715;7903.5;5;10137642387;B
20240417;103715;7904;2;10137642388;B
20240417;103717;7904.5;9;10137644439;B
20240417;103727;7903;7;10137654309;S
20240417;103731;7903.5;7;10137658418;B
20240417;103733;7903;4;10137660357;S
20240417;103735;7903;2;10137662504;S
20240417;103740;7903;1;10137666699;S
20240417;103745;7903.5;1;10137672340;B
20240417;103745;7903.5;2;10137672614;B
20240417;103746;7903.5;1;10137672647;B
20240417;103753;7904;1;10137679721;B
20240417;103756;7904.5;1;10137682379;B
20240417;103810;7904;40;10137696357;S
20240417;103815;7904.5;3;10137701403;B
20240417;103822;7904.5;21;10137708919;B
20240417;103822;7905;9;10137708920;B
20240417;103823;7905;1;10137709758;B
20240417;103825;7904.5;34;10137711722;B
20240417;103825;7904.5;50;10137711723;B
20240417;103825;7904.5;10;10137711724;B
20240417;103825;7905;9;10137711725;B
20240417;103825;7905;50;10137711726;B
20240417;103825;7905;17;10137711727;B
20240417;103827;7904.5;1;10137714436;B
20240417;103832;7904.5;1;10137719801;B
20240417;103837;7904.5;8;10137724602;B
20240417;103837;7904.5;21;10137724603;B
20240417;103848;7905;38;10137733955;B
20240417;103848;7905;2;10137733956;B
20240417;103848;7905.5;10;10137733957;B
20240417;103848;7905.5;21;10137733958;B
20240417;103848;7906;17;10137733959;B
20240417;103904;7906.5;1;10137748500;B
20240417;103904;7906.5;5;10137748575;B
20240417;103905;7905;4;10137749097;S
20240417;103909;7906.5;1;10137752041;B
20240417;103918;7906;1;10137760507;B
20240417;103928;7906;1;10137768863;B
20240417;103931;7906;2;10137772121;B
20240417;103943;7905;1;10137782654;S
20240417;103951;7905.5;1;10137790077;B
20240417;103951;7905.5;1;10137790514;B
20240417;104009;7905.5;1;10137807779;B
20240417;104010;7905;1;10137808376;S
20240417;104016;7905.5;1;10137814341;B
20240417;104017;7905.5;15;10137815861;B
20240417;104018;7905;1;10137817103;S
20240417;104023;7905.5;7;10137821548;B
20240417;104025;7905.5;3;10137823163;B
20240417;104030;7905.5;1;10137828501;B
20240417;104030;7905;1;10137828961;S
20240417;104038;7905;2;10137836653;S
20240417;104042;7905.5;1;10137840781;B
20240417;104043;7905.5;1;10137841768;B
20240417;104043;7905.5;1;10137841952;B
20240417;104044;7905;1;10137842808;S
20240417;104044;7905;1;10137842809;S
20240417;104045;7905.5;3;10137843929;B
20240417;104052;7905;1;10137850279;S
20240417;104052;7905.5;3;10137850388;B
20240417;104057;7905.5;2;10137855421;B
20240417;104100;7905;1;10137858152;S
20240417;104101;7905;67;10137860032;S
20240417;104105;7905.5;5;10137863449;B
20240417;104109;7905;1;10137867938;S
20240417;104109;7905;1;10137867939;S
20240417;104111;7905;10;10137870092;S
20240417;104111;7905.5;1;10137870541;B
20240417;104114;7905.5;1;10137872652;B
20240417;104116;7905;1;10137875902;S
20240417;104121;7905.5;16;10137880238;B
20240417;104121;7905.5;32;10137880239;B
20240417;104121;7905.5;8;10137880240;B
20240417;104123;7905;25;10137882686;S
20240417;104128;7905;1;10137887727;S
20240417;104130;7905.5;2;10137889158;B
20240417;104130;7905.5;3;10137889159;B
20240417;104131;7905.5;4;10137890332;B
20240417;104131;7905.5;3;10137890333;B
20240417;104131;7905.5;10;10137890334;B
20240417;104131;7905.5;21;10137890335;B
20240417;104131;7905.5;18;10137890336;B
20240417;104141;7905.5;32;10137900026;B
20240417;104141;7905.5;24;10137900027;B
20240417;104142;7905;1;10137900931;S
20240417;104145;7905;22;10137903427;S
20240417;104145;7905;2;10137903428;S
20240417;104145;7905;1;10137903429;S
20240417;104145;7904.5;248;10137903430;S
20240417;104145;7904.5;7;10137903431;S
20240417;104145;7904.5;5;10137903432;S
20240417;104145;7904.5;20;10137903433;S
20240417;104145;7904;10;10137903434;S
20240417;104145;7904;28;10137903435;S
20240417;104145;7903.5;24;10137903436;S
20240417;104145;7903.5;1;10137903437;S
20240417;104145;7903.5;3;10137903438;S
20240417;104145;7903.5;8;10137903439;S
20240417;104145;7903.5;21;10137903440;S
20240417;104145;7903;100;10137903441;S
20240417;104145;7904.5;1;10137903445;B
20240417;104145;7904.5;1;10137903500;B
20240417;104145;7904.5;1;10137903663;B
20240417;104145;7904.5;1;10137903785;B
20240417;104145;7904.5;1;10137903807;B
20240417;104145;7905;1;10137903914;B
20240417;104145;7905;1;10137904049;B
20240417;104145;7905;1;10137904055;B
20240417;104145;7905;1;10137904058;B
20240417;104145;7905;1;10137904098;B
20240417;104151;7905.5;10;10137908815;B
20240417;104152;7906;2;10137909222;B
20240417;104152;7906.5;40;10137909223;B
20240417;104152;7906.5;4;10137909224;B
20240417;104152;7905.5;32;10137909391;S
20240417;104152;7905.5;8;10137909392;S
20240417;104152;7905;10;10137909505;S
20240417;104152;7905;22;10137909524;S
20240417;104152;7905;18;10137909525;S
20240417;104153;7905;2;10137910126;B
20240417;104157;7905;1;10137913538;B
20240417;104201;7905;1;10137917182;B
20240417;104202;7905;6;10137917792;B
20240417;104202;7905;5;10137917793;B
20240417;104202;7905;45;10137917794;B
20240417;104202;7904.5;10;10137917811;S
20240417;104204;7903;3;10137919242;S
20240417;104212;7904;32;10137926283;B
20240417;104212;7904;24;10137926284;B
20240417;104212;7903;3;10137926634;S
20240417;104215;7904;32;10137928553;B
20240417;104215;7904;3;10137928554;B
20240417;104215;7903;50;10137929276;S
20240417;104215;7903.5;1;10137929558;B
20240417;104217;7903.5;1;10137930678;B
20240417;104220;7903;1;10137933226;S
20240417;104222;7903.5;30;10137934792;B
20240417;104222;7903.5;20;10137934793;B
20240417;104223;7904;6;10137935375;B
20240417;104224;7904;20;10137936310;B
20240417;104225;7903.5;3;10137936945;B
20240417;104226;7903;474;10137938281;S
20240417;104226;7903;12;10137938285;S
20240417;104226;7903;16;10137938288;S
20240417;104226;7903;20;10137938289;S
20240417;104226;7903;1;10137938290;S
20240417;104226;7903;40;10137938291;S
20240417;104226;7903;5;10137938411;B
20240417;104227;7902.5;2;10137939036;S
20240417;104227;7902;18;10137939037;S
20240417;104227;7902;50;10137939038;S
20240417;104227;7902;1;10137939039;S
20240417;104227;7902;11;10137939040;S
20240417;104227;7902;2;10137939041;S
20240417;104227;7902;20;10137939042;S
20240417;104227;7901.5;11;10137939043;S
20240417;104227;7901.5;28;10137939044;S
20240417;104227;7901;50;10137939045;S
20240417;104227;7901;7;10137939046;S
20240417;104228;7902;32;10137939798;B
20240417;104228;7902;10;10137939799;B
20240417;104228;7902.5;20;10137939800;B
20240417;104228;7902.5;11;10137939801;B
20240417;104228;7902;32;10137939806;B
20240417;104228;7903.5;1;10137939955;B
20240417;104228;7903.5;38;10137940220;B
20240417;104228;7903.5;38;10137940380;B
20240417;104229;7903.5;38;10137940657;B
20240417;104232;7902.5;10;10137944012;S
20240417;104233;7903.5;10;10137944214;B
20240417;104234;7903.5;10;10137945234;B
20240417;104234;7904;7;10137945235;B
20240417;104234;7904;26;10137945236;B
20240417;104239;7903;1;10137950089;S
20240417;104240;7904;1;10137951311;B
20240417;104240;7904;3;10137951400;B
20240417;104241;7903.5;10;10137952643;S
20240417;104241;7903;20;10137952644;S
20240417;104241;7902.5;10;10137952645;S
20240417;104241;7902.5;40;10137952646;S
20240417;104243;7902;5;10137954011;S
20240417;104243;7903.5;1;10137954885;B
20240417;104246;7903.5;1;10137957177;B
20240417;104246;7902;1;10137957397;S
20240417;104254;7903.5;3;10137964371;B
20240417;104257;7902.5;13;10137967043;S
20240417;104302;7903;49;10137972672;S
20240417;104304;7903.5;5;10137974370;B
20240417;104306;7903.5;5;10137976362;B
20240417;104327;7903;4;10137996328;B
20240417;104332;7903;2;10138001696;B
20240417;104332;7903;11;10138001697;B
20240417;104334;7902.5;50;10138003437;S
20240417;104334;7902.5;26;10138003438;S
20240417;104335;7904;7;10138004415;B
20240417;104337;7903.5;2;10138006108;B
20240417;104337;7903;1;10138006865;S
20240417;104338;7903.5;1;10138007449;B
20240417;104340;7903;1;10138009311;S
20240417;104343;7903;1;10138012343;S
20240417;104344;7903;47;10138013336;S
20240417;104344;7903;19;10138013337;S
20240417;104344;7903;2;10138013338;S
20240417;104344;7902.5;5;10138013562;S
20240417;104345;7902.5;11;10138014932;S
20240417;104346;7902;1;10138015509;S
20240417;104353;7902.5;32;10138021968;B
20240417;104353;7902.5;50;10138021969;B
20240417;104353;7902.5;10;10138021970;B
20240417;104353;7902.5;38;10138021971;B
20240417;104353;7902.5;5;10138021972;B
20240417;104353;7902.5;21;10138021973;B
20240417;104353;7903;182;10138021974;B
20240417;104353;7903;19;10138021975;B
20240417;104356;7903;57;10138024754;S
20240417;104411;7903;14;10138040558;S
20240417;104413;7903.5;4;10138042446;B
20240417;104419;7902.5;5;10138049069;S
20240417;104423;7902;2;10138053348;S
20240417;104423;7901.5;16;10138053349;S
20240417;104426;7901.5;1;10138055691;S
20240417;104428;7902;10;10138057395;B
20240417;104430;7902;1;10138059050;B
20240417;104437;7901.5;9;10138065211;S
20240417;104437;7901.5;50;10138065212;S
20240417;104437;7901.5;50;10138065213;S
20240417;104437;7901.5;2;10138065214;S
20240417;104437;7901;24;10138065215;S
20240417;104437;7901;2;10138065216;S
20240417;104437;7901;2;10138065217;S
20240417;104437;7901;1;10138065218;S
20240417;104437;7901;1;10138065219;S
20240417;104437;7901;9;10138065220;S
20240417;104437;7901;40;10138065221;S
20240417;104437;7901;19;10138065222;S
20240417;104437;7901;21;10138065223;S
20240417;104437;7900.5;3;10138065224;S
20240417;104437;7900.5;50;10138065225;S
20240417;104437;7900.5;17;10138065226;S
20240417;104437;7901.5;10;10138065234;B
20240417;104438;7901.5;3;10138066526;B
20240417;104441;7901;50;10138068210;S
20240417;104441;7901;8;10138068211;S
20240417;104443;7901;1;10138070878;B
20240417;104446;7901;1;10138072368;B
20240417;104447;7900.5;1;10138073462;S
20240417;104447;7901;2;10138073943;B
20240417;104452;7900.5;7;10138077338;S
20240417;104452;7900.5;1;10138077339;S
20240417;104452;7900.5;25;10138077340;S
20240417;104452;7900.5;1;10138077341;S
20240417;104455;7900.5;1;10138080046;S
20240417;104455;7900.5;21;10138080047;S
20240417;104455;7900.5;10;10138080048;S
20240417;104455;7900.5;50;10138080049;S
20240417;104455;7900;1;10138080050;S
20240417;104455;7900;6;10138080051;S
20240417;104455;7900;5;10138080052;S
20240417;104455;7900;3;10138080053;S
20240417;104455;7900;3;10138080054;S
20240417;104455;7900.5;50;10138080058;S
20240417;104455;7900.5;50;10138080059;S
20240417;104455;7900;74;10138080060;S
20240417;104456;7900;3;10138080072;S
20240417;104456;7900;6;10138080866;S
20240417;104458;7900;125;10138082354;S
20240417;104500;7900.5;5;10138083664;B
20240417;104500;7900;19;10138083697;S
20240417;104501;7900;79;10138084747;S
20240417;104503;7900;2;10138086535;S
20240417;104504;7900.5;5;10138087693;B
20240417;104505;7900;1;10138088568;S
20240417;104506;7900;1;10138089379;S
20240417;104511;7900;1;10138093684;S
20240417;104513;7900;3;10138095338;S
20240417;104515;7900;1;10138096458;S
20240417;104517;7900;182;10138098180;S
20240417;104517;7900;33;10138098181;S
20240417;104517;7900;1;10138098182;S
20240417;104517;7900;15;10138098183;S
20240417;104517;7900;2;10138098184;S
20240417;104517;7900;40;10138098185;S
20240417;104517;7900;1;10138098186;S
20240417;104517;7900;1;10138098187;S
20240417;104517;7900;1;10138098188;S
20240417;104517;7900;2;10138098189;S
20240417;104517;7900;1;10138098190;S
20240417;104517;7900;2;10138098191;S
20240417;104517;7900;1;10138098192;S
20240417;104517;7900;4;10138098193;S
20240417;104517;7900;1;10138098194;S
20240417;104517;7900;13;10138098195;S
20240417;104517;7900;113;10138098199;S
20240417;104517;7900;1;10138098200;S
20240417;104517;7900;1;10138098201;S
20240417;104517;7900;1;10138098202;S
20240417;104517;7900;1;10138098203;S
20240417;104517;7900;6;10138098204;S
20240417;104517;7900;10;10138098205;S
20240417;104517;7900;200;10138098206;S
20240417;104517;7900;2;10138098207;S
20240417;104517;7900;5;10138098208;S
20240417;104517;7900;4;10138098209;S
20240417;104517;7900;2;10138098210;S
20240417;104517;7900;1;10138098211;S
20240417;104517;7900;4;10138098212;S
20240417;104517;7900;8;10138098213;S
20240417;104517;7900;1;10138098214;S
20240417;104517;7900;1;10138098215;S
20240417;104517;7900;1;10138098216;S
20240417;104517;7900;3;10138098217;S
20240417;104517;7900;3;10138098218;S
20240417;104517;7900;3;10138098219;S
20240417;104517;7899.5;100;10138098226;S
20240417;104517;7899.5;4;10138098227;S
20240417;104517;7899.5;5;10138098228;S
20240417;104517;7899.5;1;10138098229;S
20240417;104517;7899;1;10138098233;S
20240417;104517;7898.5;1;10138098240;S
20240417;104517;7898.5;40;10138098241;S
20240417;104517;7898.5;8;10138098242;S
20240417;104517;7898;2;10138098390;S
20240417;104517;7898;5;10138098391;S
20240417;104517;7898;7;10138098392;S
20240417;104517;7897.5;1;10138098393;S
20240417;104517;7897.5;1;10138098394;S
20240417;104517;7897;20;10138098395;S
20240417;104517;7897;1;10138098396;S
20240417;104517;7897;3;10138098397;S
20240417;104517;7897;7;10138098410;S
20240417;104517;7897;43;10138098411;S
20240417;104517;7897;20;10138098482;S
20240417;104517;7897;30;10138098747;S
20240417;104518;7897;10;10138098995;S
20240417;104518;7897;370;10138099127;S
20240417;104518;7897;57;10138099131;S
20240417;104518;7897;5;10138099132;S
20240417;104518;7897;1;10138099270;B
20240417;104519;7897;1;10138100189;B
20240417;104520;7896.5;1;10138101187;S
20240417;104520;7896.5;12;10138101188;S
20240417;104520;7896.5;28;10138101189;S
20240417;104520;7896;20;10138101275;S
20240417;104520;7896;1;10138101276;S
20240417;104521;7895.5;2;10138101853;S
20240417;104521;7895.5;5;10138101854;S
20240417;104521;7895.5;1;10138101855;S
20240417;104521;7895.5;10;10138101856;S
20240417;104521;7895;1;10138102528;S
20240417;104521;7895;19;10138102529;S
20240417;104521;7895;1;10138102530;S
20240417;104521;7895;10;10138102531;S
20240417;104521;7895;150;10138102532;S
20240417;104521;7895;3;10138102973;S
20240417;104522;7895;20;10138103370;S
20240417;104525;7895.5;1;10138106740;B
20240417;104526;7895;5;10138106787;S
20240417;104529;7895.5;19;10138110540;B
20240417;104529;7895.5;56;10138110541;B
20240417;104529;7895.5;32;10138110542;B
20240417;104529;7896;18;10138110543;B
20240417;104530;7895.5;24;10138110864;B
20240417;104531;7895.5;32;10138111706;S
20240417;104531;7895;22;10138112391;S
20240417;104531;7895;1;10138112392;S
20240417;104531;7895;1;10138112393;S
20240417;104531;7895;2;10138112394;S
20240417;104531;7895;1;10138112395;S
20240417;104531;7895;1;10138112396;S
20240417;104531;7895;20;10138112397;S
20240417;104531;7895;1;10138112398;S
20240417;104531;7895;7;10138112399;S
20240417;104532;7896;5;10138113483;B
20240417;104533;7895;2;10138114075;S
20240417;104533;7895;1;10138114076;S
20240417;104536;7895;3;10138117120;S
20240417;104536;7895;7;10138117121;S
20240417;104536;7895;1;10138117122;S
20240417;104536;7894.5;2;10138117220;S
20240417;104536;7894.5;5;10138117221;S
20240417;104536;7894.5;44;10138117225;S
20240417;104545;7895;32;10138125818;S
20240417;104545;7895;5;10138125819;S
20240417;104545;7895;1;10138125820;S
20240417;104545;7894.5;12;10138125821;S
20240417;104545;7895.5;44;10138126154;S
20240417;104549;7895.5;6;10138129004;S
20240417;104549;7895.5;50;10138129005;S
20240417;104549;7895;14;10138129006;S
20240417;104555;7895.5;5;10138134740;S
20240417;104555;7895;15;10138134741;S
20240417;104601;7895.5;1;10138141230;B
20240417;104615;7895.5;1;10138154807;B
20240417;104619;7895;4;10138157983;S
20240417;104621;7895.5;1;10138160888;B
20240417;104630;7895.5;10;10138169628;S
20240417;104630;7895.5;22;10138169629;S
20240417;104634;7895.5;6;10138173645;S
20240417;104634;7895.5;4;10138173646;S
20240417;104635;7896;2;10138175272;B
20240417;104636;7896.5;10;10138176511;S
20240417;104639;7896.5;1;10138178969;S
20240417;104640;7896.5;1;10138179793;S
20240417;104648;7896.5;16;10138187838;S
20240417;104649;7897;2;10138189317;B
20240417;104649;7896.5;7;10138189343;S
20240417;104651;7897;7;10138190316;B
20240417;104655;7896.5;15;10138195098;S
20240417;104655;7896.5;28;10138195099;S
20240417;104655;7896.5;10;10138195100;S
20240417;104655;7896.5;3;10138195101;S
20240417;104704;7896;25;10138204549;S
20240417;104705;7896.5;5;10138205287;B
20240417;104720;7896.5;3;10138219587;B
20240417;104721;7896.5;5;10138220873;B
20240417;104730;7896.5;1;10138228694;B
20240417;104739;7896.5;1;10138237106;B
20240417;104740;7896.5;1;10138237310;B
20240417;104741;7896.5;3;10138237771;B
20240417;104741;7896.5;30;10138237772;B
20240417;104741;7896.5;9;10138237773;B
20240417;104741;7896.5;18;10138237774;B
20240417;104741;7896;2;10138238744;S
20240417;104753;7896;1;10138248247;S
20240417;104800;7896;2;10138254093;S
20240417;104805;7896;1;10138258226;S
20240417;104807;7896.5;2;10138259434;B
20240417;104808;7896;47;10138260674;S
20240417;104808;7896;63;10138260675;S
20240417;104808;7896;10;10138260676;S
20240417;104808;7896;7;10138260677;S
20240417;104810;7896.5;1;10138262487;B
20240417;104822;7896.5;1;10138274972;B
20240417;104823;7896.5;2;10138276586;B
20240417;104830;7896.5;12;10138282732;B
20240417;104830;7896.5;18;10138282733;B
20240417;104830;7896.5;10;10138282734;B
20240417;104830;7896.5;6;10138282735;B
20240417;104830;7896.5;27;10138282736;B
20240417;104831;7896.5;73;10138283246;B
20240417;104831;7896.5;73;10138283795;B
20240417;104836;7896.5;5;10138288980;B
20240417;104840;7896;1;10138292319;S
20240417;104840;7896;1;10138292320;S
20240417;104840;7896;3;10138292321;S
20240417;104844;7896.5;2;10138296672;B
20240417;104844;7896.5;2;10138296673;B
20240417;104851;7896.5;6;10138303640;B
20240417;104851;7896.5;7;10138303641;B
20240417;104851;7896.5;1;10138303642;B
20240417;104851;7896.5;19;10138303643;B
20240417;104851;7896.5;2;10138303644;B
20240417;104851;7896.5;1;10138303645;B
20240417;104851;7897;31;10138303646;B
20240417;104851;7897;2;10138303647;B
20240417;104851;7897;15;10138303648;B
20240417;104851;7897;18;10138303649;B
20240417;104851;7897;10;10138303650;B
20240417;104851;7897;21;10138303657;B
20240417;104855;7899;1;10138307035;B
20240417;104901;7899;5;10138313534;B
20240417;104901;7899;1;10138313535;B
20240417;104901;7899;9;10138313536;B
20240417;104903;7899;1;10138314900;B
20240417;104903;7898.5;5;10138314911;S
20240417;104904;7899;5;10138316220;B
20240417;104904;7899.5;1;10138316221;B
20240417;104915;7899;32;10138327207;S
20240417;104915;7899;10;10138327208;S
20240417;104915;7899;21;10138327209;S
20240417;104915;7899;31;10138327210;S
20240417;104925;7899.5;1;10138336963;B
20240417;104932;7899.5;1;10138344257;B
20240417;104933;7899.5;10;10138345445;B
20240417;104935;7899.5;1;10138347298;B
20240417;104937;7899.5;1;10138349277;B
20240417;104942;7899.5;1;10138354948;B
20240417;104945;7899;7;10138357588;S
20240417;105001;7899.5;1;10138373434;B
20240417;105004;7899;1;10138376568;S
20240417;105004;7899;4;10138376569;S
20240417;105007;7899.5;1;10138378948;B
20240417;105008;7899;1;10138380262;S
20240417;105013;7899.5;1;10138384520;B
20240417;105015;7899.5;3;10138386137;B
20240417;105023;7899.5;1;10138393442;B
20240417;105032;7899;4;10138400907;S
20240417;105032;7899.5;1;10138401031;B
20240417;105036;7899.5;1;10138403681;B
20240417;105036;7899.5;12;10138404594;B
20240417;105038;7899.5;8;10138406059;B
20240417;105038;7899.5;1;10138406060;B
20240417;105038;7899.5;1;10138406061;B
20240417;105039;7899.5;5;10138406236;S
20240417;105041;7900;3;10138407527;B
20240417;105041;7899.5;5;10138408958;S
20240417;105041;7899.5;17;10138408959;S
20240417;105041;7899.5;2;10138408960;S
20240417;105042;7900;1;10138409387;B
20240417;105049;7900;9;10138414878;B
20240417;105049;7900;17;10138414879;B
20240417;105049;7900;1;10138414880;B
20240417;105049;7900;2;10138414881;B
20240417;105049;7900;1;10138414882;B
20240417;105049;7900;2;10138414883;B
20240417;105049;7900;2;10138414884;B
20240417;105049;7900;50;10138414885;B
20240417;105049;7900;10;10138414886;B
20240417;105049;7900;1;10138414887;B
20240417;105049;7900;5;10138414888;B
20240417;105053;7900;1;10138418807;B
20240417;105055;7900;15;10138420203;B
20240417;105055;7900;17;10138420204;B
20240417;105055;7900;50;10138420205;B
20240417;105055;7900;10;10138420206;B
20240417;105103;7900;1;10138423401;S
20240417;105104;7900.5;5;10138423546;B
20240417;105105;7900.5;2;10138423559;B
20240417;105112;7900.5;2;10138424383;B
20240417;105119;7900;2;10138424998;S
20240417;105130;7900.5;6;10138426050;B
20240417;105136;7900.5;1;10138426541;B
20240417;105138;7900.5;1;10138426798;B
20240417;105142;7900.5;2;10138427254;B
20240417;105159;7900.5;1;10138428899;B
20240417;105200;7900.5;1;10138428996;B
20240417;105201;7900;2;10138429170;S
20240417;105203;7900.5;1;10138429309;B
20240417;105216;7900.5;4;10138430448;B
20240417;105218;7900.5;12;10138430655;B
20240417;105222;7900.5;2;10138430969;B
20240417;105222;7900.5;2;10138430970;B
20240417;105222;7900.5;2;10138430971;B
20240417;105222;7900.5;1;10138430972;B
20240417;105222;7900.5;2;10138430973;B
20240417;105222;7900.5;5;10138430974;B
20240417;105231;7900.5;4;10138431723;S
20240417;105235;7901;1;10138432186;B
20240417;105244;7901;1;10138433234;B
20240417;105244;7901;1;10138433235;B
20240417;105244;7901.5;2;10138433236;B
20240417;105244;7902;1;10138433237;B
20240417;105250;7902;1;10138433856;B
20240417;105250;7902;1;10138433857;B
20240417;105254;7902.5;1;10138434521;S
20240417;105300;7903;1;10138435188;B
20240417;105303;7903;1;10138435654;B
20240417;105304;7903;1;10138435741;S
20240417;105304;7903;2;10138435744;S
20240417;105305;7904;5;10138435845;B
20240417;105313;7903.5;5;10138436732;S
20240417;105314;7903.5;40;10138436735;S
20240417;105318;7903.5;5;10138437295;S
20240417;105318;7903;7;10138437296;S
20240417;105321;7904;1;10138437649;B
20240417;105323;7904;1;10138437832;B
20240417;105324;7904;1;10138437866;B
20240417;105331;7904;100;10138438545;B
20240417;105332;7903;1;10138438662;S
20240417;105332;7904;1;10138438671;B
20240417;105340;7903;1;10138439515;S
20240417;105344;7904;1;10138439974;B
20240417;105348;7903.5;10;10138440248;S
20240417;105349;7904;2;10138440354;B
20240417;105354;7903.5;1;10138440776;B
20240417;105402;7903.5;2;10138441452;B
20240417;105403;7903;1;10138441638;S
20240417;105407;7903;1;10138442099;S
20240417;105416;7903.5;13;10138442851;B
20240417;105423;7903.5;1;10138443427;B
20240417;105427;7903;1;10138443840;S
20240417;105439;7903.5;4;10138445024;B
20240417;105439;7903.5;2;10138445025;B
20240417;105439;7903.5;2;10138445026;B
20240417;105439;7903.5;12;10138445027;B
20240417;105449;7903.5;3;10138446629;B
20240417;105453;7903;1;10138447524;S
20240417;105504;7903.5;5;10138449557;B
20240417;105505;7903.5;1;10138449720;B
20240417;105509;7903.5;7;10138450185;B
20240417;105509;7903.5;7;10138450186;B
20240417;105509;7903.5;14;10138450187;B
20240417;105509;7903;1;10138450188;S
20240417;105513;7903.5;5;10138450702;B
20240417;105515;7903.5;20;10138450901;B
20240417;105516;7903.5;1;10138451116;B
20240417;105517;7903.5;10;10138451206;B
20240417;105517;7903.5;50;10138451207;B
20240417;105517;7903.5;10;10138451208;B
20240417;105517;7903.5;21;10138451209;B
20240417;105528;7903.5;2;10138452194;S
20240417;105530;7904;1;10138452383;B
20240417;105530;7904;13;10138452384;B
20240417;105530;7904;1;10138452385;B
20240417;105530;7904;30;10138452386;B
20240417;105530;7904;50;10138452387;B
20240417;105530;7904;1;10138452388;B
20240417;105530;7904;1;10138452389;B
20240417;105530;7904;72;10138452390;B
20240417;105530;7904;17;10138452391;B
20240417;105530;7904;4;10138452392;B
20240417;105530;7904;6;10138452393;B
20240417;105530;7904;18;10138452394;B
20240417;105530;7904;1;10138452395;B
20240417;105530;7904;2;10138452396;B
20240417;105532;7904.5;2;10138452663;B
20240417;105537;7904;50;10138453068;S
20240417;105541;7904;1;10138453398;S
20240417;105600;7904.5;1;10138455115;B
20240417;105600;7904.5;2;10138455116;B
20240417;105607;7904.5;36;10138455717;B
20240417;105610;7904;1;10138455936;S
