<DATE>;<TIME>;<LAST>;<VOL>;<ID>;<OPER>
20240409;095944;7770;1;10077835522;B
20240409;095944;7770;1;10077835523;S
20240409;095944;7770;2;10077835524;S
20240409;095944;7770;9;10077835525;S
20240409;095944;7770;4;10077835526;S
20240409;095944;7770;3;10077835527;S
20240409;095944;7770;2;10077835528;S
20240409;095944;7770;10;10077835529;S
20240409;095944;7770;1;10077835530;S
20240409;095944;7770;1;10077835531;B
20240409;095944;7770;5;10077835532;B
20240409;095944;7770;1;10077835533;B
20240409;095944;7770;10;10077835534;B
20240409;095944;7770;1;10077835535;B
20240409;095944;7770;1;10077835536;B
20240409;095944;7770;7;10077835537;B
20240409;095944;7770;2;10077835538;B
20240409;095944;7770;2;10077835539;B
20240409;095944;7770;2;10077835540;B
20240409;095944;7770;25;10077835541;B
20240409;095944;7770;1;10077835542;B
20240409;095944;7770;6;10077835543;B
20240409;095944;7770;1;10077835544;B
20240409;095944;7770;2;10077835545;B
20240409;095944;7770;4;10077835546;B
20240409;095944;7770;1;10077835547;B
20240409;095944;7770;4;10077835548;B
20240409;095944;7770;34;10077835549;B
20240409;095944;7770;36;10077835550;B
20240409;095944;7770;3;10077835551;B
20240409;095944;7770;1;10077835552;B
20240409;095944;7770;1;10077835553;B
20240409;095944;7770;1;10077835554;B
20240409;095944;7770;1;10077835555;B
20240409;095944;7770;1;10077835556;B
20240409;095944;7770;36;10077835557;B
20240409;095944;7770;5;10077835558;B
20240409;095944;7770;9;10077835559;B
20240409;095944;7770;12;10077835560;B
20240409;095944;7770;1;10077835561;S
20240409;095944;7770;1;10077835562;S
20240409;095944;7770;1;10077835563;B
20240409;095944;7770;12;10077835564;B
20240409;095944;7770;1;10077835565;S
20240409;095944;7770;1;10077835566;S
20240409;095944;7770;1;10077835567;S
20240409;095944;7770;1;10077835568;S
20240409;095944;7770;1;10077835569;S
20240409;095944;7770;4;10077835570;S
20240409;095944;7770;1;10077835571;S
20240409;095944;7770;2;10077835572;B
20240409;095944;7770;1;10077835573;S
20240409;095944;7770;3;10077835574;S
20240409;095944;7770;50;10077835575;B
20240409;095944;7770;3;10077835576;B
20240409;095944;7770;10;10077835577;B
20240409;095944;7770;3;10077835578;B
20240409;095944;7770;25;10077835579;B
20240409;095944;7770;4;10077835580;B
20240409;095944;7770;1;10077835581;B
20240409;095944;7770;1;10077835582;B
20240409;095944;7770;5;10077835583;B
20240409;095944;7770;30;10077835584;S
20240409;095944;7770;5;10077835585;B
20240409;095944;7770;2;10077835586;S
20240409;095944;7770;2;10077835587;B
20240409;095944;7770;1;10077835588;B
20240409;095944;7770;1;10077835589;B
20240409;095944;7770;7;10077835590;B
20240409;095944;7770;1;10077835591;B
20240409;095944;7770;10;10077835592;B
20240409;095944;7770;2;10077835593;B
20240409;095944;7770;1;10077835594;B
20240409;095944;7770;1;10077835595;B
20240409;095944;7770;5;10077835596;B
20240409;095944;7770;1;10077835597;B
20240409;095944;7770;4;10077835598;B
20240409;095944;7770;3;10077835599;B
20240409;095944;7770;1;10077835600;B
20240409;095944;7770;2;10077835601;B
20240409;095944;7770;3;10077835602;B
20240409;095944;7770;5;10077835603;B
20240409;095944;7770;25;10077835604;B
20240409;095944;7770;29;10077835605;B
20240409;095944;7770;2;10077835606;B
20240409;095944;7770;250;10077835607;B
20240409;095944;7770;1;10077835608;B
20240409;095944;7770;1;10077835609;B
20240409;095944;7770;5;10077835610;B
20240409;095944;7770;212;10077835611;B
20240409;095944;7770;25;10077835612;B
20240409;095944;7770;63;10077835613;B
20240409;095944;7770;40;10077835614;S
20240409;095944;7770;26;10077835615;B
20240409;095944;7770;1;10077835616;B
20240409;095944;7770;3;10077835617;B
20240409;095944;7770;1;10077835618;B
20240409;095944;7770;1;10077835619;B
20240409;095944;7770;14;10077835620;B
20240409;095944;7770;1;10077835621;B
20240409;095944;7770;2;10077835622;B
20240409;095944;7770;1;10077835623;B
20240409;095944;7770;1;10077835624;B
20240409;095944;7770;1;10077835625;B
20240409;095944;7770;2;10077835626;S
20240409;095944;7770;11;10077835627;S
20240409;095944;7770;1;10077835628;S
20240409;095944;7770;1;10077835629;S
20240409;095944;7770;32;10077835630;S
20240409;095944;7770;3;10077835631;B
20240409;095944;7770;34;10077835632;S
20240409;095944;7770;1;10077835633;S
20240409;095944;7770;4;10077835634;S
20240409;095944;7770;1;10077835635;S
20240409;095944;7770;2;10077835636;S
20240409;095944;7770;3;10077835637;S
20240409;095944;7770;5;10077835638;B
20240409;095944;7770;2;10077835639;B
20240409;095944;7770;1;10077835640;B
20240409;095944;7770;1;10077835641;B
20240409;095944;7770;2;10077835642;B
20240409;095944;7770;4;10077835643;B
20240409;095944;7770;387;10077835644;B
20240409;095944;7770;4;10077835645;B
20240409;095944;7770;50;10077835646;B
20240409;095944;7770;1;10077835647;B
20240409;100000;7769;2;10077839893;S
20240409;100000;7769;5;10077839894;S
20240409;100000;7769;43;10077839895;S
20240409;100000;7769;57;10077839896;S
20240409;100000;7768.5;28;10077839899;B
20240409;100000;7768.5;10;10077839978;B
20240409;100000;7768;1;10077840103;S
20240409;100000;7768;3;10077840104;S
20240409;100000;7768;1;10077840105;S
20240409;100000;7767.5;1;10077840134;S
20240409;100000;7767.5;5;10077840135;S
20240409;100000;7767.5;3;10077840136;S
20240409;100000;7767.5;26;10077840137;S
20240409;100000;7767.5;10;10077840138;S
20240409;100000;7767.5;10;10077840140;B
20240409;100000;7767.5;5;10077840141;B
20240409;100000;7767.5;10;10077840170;S
20240409;100000;7767.5;10;10077840200;B
20240409;100001;7767;7;10077840662;S
20240409;100001;7767;5;10077840698;S
20240409;100001;7767;1;10077840699;S
20240409;100001;7767;1;10077840700;S
20240409;100001;7767;4;10077840704;S
20240409;100001;7767;1;10077840705;S
20240409;100001;7767;1;10077840706;S
20240409;100001;7767;2;10077840707;S
20240409;100001;7767;1;10077840708;S
20240409;100001;7767;9;10077840709;S
20240409;100001;7767;1;10077840735;S
20240409;100001;7767;1;10077840736;S
20240409;100001;7767;1;10077840737;S
20240409;100001;7767;1;10077840738;S
20240409;100001;7767;1;10077840739;S
20240409;100001;7767;3;10077840740;S
20240409;100001;7767;10;10077840741;S
20240409;100001;7767;2;10077840746;S
20240409;100001;7767;10;10077840747;S
20240409;100001;7767;3;10077840748;S
20240409;100001;7767;9;10077840749;S
20240409;100001;7767;10;10077840750;S
20240409;100001;7767;10;10077840751;S
20240409;100001;7767;5;10077840752;S
20240409;100001;7767;18;10077840753;S
20240409;100001;7767;10;10077840754;S
20240409;100001;7767;40;10077840755;S
20240409;100001;7767;1;10077840756;S
20240409;100001;7767;2;10077840757;S
20240409;100001;7767;1;10077840758;S
20240409;100001;7767;20;10077840759;S
20240409;100001;7767;1;10077840760;S
20240409;100001;7767;3;10077840761;S
20240409;100001;7767;529;10077840762;S
20240409;100001;7767;192;10077840767;S
20240409;100001;7767;9;10077840769;S
20240409;100001;7767;4;10077840770;S
20240409;100001;7767;1;10077840771;S
20240409;100001;7766;1;10077840777;S
20240409;100001;7765.5;4;10077840906;B
20240409;100001;7765;2;10077840911;S
20240409;100001;7765;10;10077840912;S
20240409;100001;7765;2;10077840913;S
20240409;100001;7765;3;10077840914;S
20240409;100001;7765;30;10077840915;S
20240409;100001;7765.5;24;10077841110;B
20240409;100001;7766;4;10077841111;B
20240409;100001;7766.5;2;10077841112;B
20240409;100001;7765.5;30;10077841270;B
20240409;100001;7765.5;3;10077841490;B
20240409;100002;7765;11;10077841952;S
20240409;100002;7765;18;10077841969;S
20240409;100002;7765;7;10077841971;S
20240409;100002;7765.5;10;10077842177;B
20240409;100002;7765;3;10077842582;S
20240409;100002;7765;11;10077842602;S
20240409;100005;7765;30;10077844294;S
20240409;100005;7765.5;2;10077844628;B
20240409;100005;7765.5;2;10077844641;B
20240409;100005;7765.5;3;10077844645;B
20240409;100005;7765.5;8;10077845108;B
20240409;100005;7765;2;10077845109;S
20240409;100005;7766;1;10077845395;B
20240409;100005;7765.5;11;10077845478;S
20240409;100006;7765.5;40;10077846299;S
20240409;100006;7766;3;10077846332;B
20240409;100006;7766.5;7;10077846333;B
20240409;100006;7766;10;10077846336;S
20240409;100006;7766;28;10077846337;S
20240409;100006;7766;40;10077846338;S
20240409;100006;7766;25;10077846341;S
20240409;100006;7766.5;1;10077846351;B
20240409;100006;7766;10;10077846352;S
20240409;100006;7766;5;10077846657;S
20240409;100006;7766.5;2;10077846761;B
20240409;100006;7766.5;8;10077846762;B
20240409;100006;7766.5;10;10077847249;B
20240409;100006;7766.5;33;10077847275;B
20240409;100006;7767;42;10077847276;B
20240409;100006;7767;2;10077847277;B
20240409;100006;7766.5;10;10077847285;B
20240409;100006;7766;40;10077847626;S
20240409;100006;7766;10;10077847627;S
20240409;100007;7766.5;10;10077847722;B
20240409;100007;7767.5;10;10077848256;B
20240409;100007;7768;5;10077848372;S
20240409;100007;7768.5;5;10077848450;B
20240409;100007;7768.5;5;10077848451;B
20240409;100007;7768.5;10;10077848564;B
20240409;100007;7768;1;10077848880;S
20240409;100007;7768;5;10077848887;S
20240409;100007;7768.5;10;10077848888;B
20240409;100008;7768.5;4;10077849488;B
20240409;100008;7768.5;4;10077849546;B
20240409;100008;7768;4;10077849630;S
20240409;100008;7768.5;12;10077849712;B
20240409;100008;7768;17;10077850170;S
20240409;100008;7768;4;10077850191;S
20240409;100008;7768.5;2;10077850620;B
20240409;100008;7768.5;10;10077850622;B
20240409;100008;7768.5;1;10077850623;B
20240409;100008;7768.5;1;10077850624;B
20240409;100009;7768.5;2;10077850961;B
20240409;100010;7768.5;1;10077851437;B
20240409;100010;7768.5;2;10077851581;B
20240409;100010;7768.5;1;10077851618;B
20240409;100010;7768.5;5;10077851754;B
20240409;100010;7768;5;10077851766;S
20240409;100010;7768;2;10077851840;S
20240409;100010;7768.5;7;10077851889;B
20240409;100011;7768.5;1;10077851992;B
20240409;100011;7768.5;1;10077851997;B
20240409;100011;7768.5;2;10077852032;B
20240409;100011;7768.5;1;10077852180;B
20240409;100011;7768.5;3;10077852207;B
20240409;100011;7768;3;10077852268;S
20240409;100011;7768.5;1;10077852308;B
20240409;100011;7768;1;10077852361;S
20240409;100011;7768.5;11;10077852391;B
20240409;100011;7768.5;3;10077852392;B
20240409;100011;7769;3;10077852393;B
20240409;100011;7768.5;10;10077852394;S
20240409;100011;7768.5;40;10077852395;S
20240409;100011;7768.5;28;10077852396;S
20240409;100011;7768.5;21;10077852397;S
20240409;100011;7769;1;10077852518;B
20240409;100012;7769;2;10077852571;B
20240409;100012;7768.5;1;10077852624;S
20240409;100012;7769;4;10077852627;B
20240409;100012;7769;1;10077852647;B
20240409;100012;7769;2;10077852648;B
20240409;100012;7769;1;10077852654;B
20240409;100012;7769;2;10077852691;B
20240409;100012;7769;3;10077852695;B
20240409;100012;7769;4;10077852763;B
20240409;100013;7768.5;5;10077852883;S
20240409;100014;7768.5;17;10077853113;S
20240409;100015;7769;1;10077853712;B
20240409;100016;7768.5;2;10077854067;S
20240409;100016;7768.5;22;10077854090;S
20240409;100018;7768.5;49;10077854592;S
20240409;100018;7769.5;2;10077854852;B
20240409;100018;7770;1;10077854853;B
20240409;100019;7769.5;9;10077854896;B
20240409;100019;7769;10;10077854946;S
20240409;100019;7769;40;10077854947;S
20240409;100019;7769.5;2;10077854958;B
20240409;100020;7769;10;10077855150;S
20240409;100020;7769;10;10077855151;S
20240409;100020;7769;10;10077855153;S
20240409;100020;7769;10;10077855156;S
20240409;100020;7769;10;10077855157;S
20240409;100020;7769;10;10077855159;S
20240409;100020;7769;10;10077855160;S
20240409;100020;7769;10;10077855161;S
20240409;100020;7769;10;10077855162;S
20240409;100020;7769;10;10077855163;S
20240409;100020;7769;10;10077855164;S
20240409;100020;7769;10;10077855165;S
20240409;100020;7769;10;10077855166;S
20240409;100020;7769;10;10077855193;S
20240409;100020;7769.5;11;10077855426;B
20240409;100020;7769.5;10;10077855427;B
20240409;100020;7769.5;10;10077855428;B
20240409;100020;7769.5;39;10077855429;B
20240409;100020;7770;82;10077855430;B
20240409;100020;7770;286;10077855431;B
20240409;100020;7770;62;10077855432;B
20240409;100022;7769.5;1;10077855920;B
20240409;100022;7769.5;1;10077855954;B
20240409;100023;7769.5;2;10077856107;B
20240409;100023;7769.5;6;10077856246;B
20240409;100025;7769;10;10077856667;S
20240409;100025;7769;140;10077856668;S
20240409;100025;7769;51;10077856737;S
20240409;100026;7769.5;1;10077856889;B
20240409;100030;7769.5;1;10077858347;B
20240409;100033;7769;1;10077859226;S
20240409;100034;7770;65;10077859521;B
20240409;100034;7770;1;10077859703;B
20240409;100035;7769.5;10;10077859978;S
20240409;100035;7769.5;42;10077859979;S
20240409;100036;7769.5;35;10077860166;B
20240409;100037;7770;5;10077860418;B
20240409;100038;7770;22;10077860633;B
20240409;100038;7770;1;10077860634;B
20240409;100038;7770;10;10077860635;B
20240409;100038;7770;3;10077860636;B
20240409;100038;7770;1;10077860637;B
20240409;100038;7770;1;10077860638;B
20240409;100038;7770;30;10077860639;B
20240409;100038;7770;2;10077860668;B
20240409;100041;7769.5;1;10077861311;S
20240409;100041;7769.5;4;10077861423;S
20240409;100042;7769.5;1;10077861776;S
20240409;100042;7769.5;10;10077861835;S
20240409;100044;7770;1;10077862456;B
20240409;100045;7769.5;10;10077862515;S
20240409;100048;7770;17;10077863912;B
20240409;100048;7770;3;10077863913;B
20240409;100048;7770;7;10077863914;B
20240409;100048;7770;5;10077863915;B
20240409;100048;7770;7;10077863916;B
20240409;100048;7770;1;10077863917;B
20240409;100048;7770;10;10077863918;B
20240409;100048;7770.5;28;10077863919;B
20240409;100048;7771;2;10077863920;B
20240409;100048;7771;1;10077863921;B
20240409;100048;7771;19;10077863922;B
20240409;100049;7771;2;10077864377;B
20240409;100051;7771;1;10077864871;B
20240409;100051;7770.5;1;10077864883;S
20240409;100054;7770.5;9;10077865978;B
20240409;100054;7771;28;10077865979;B
20240409;100054;7771;2;10077866122;B
20240409;100056;7771;5;10077866653;B
20240409;100057;7771;43;10077866815;B
20240409;100057;7771;24;10077866816;B
20240409;100057;7771;17;10077866817;B
20240409;100057;7771;3;10077867097;S
20240409;100057;7773;2;10077867105;B
20240409;100057;7771;7;10077867121;S
20240409;100057;7770.5;5;10077867122;S
20240409;100058;7772.5;1;10077867437;B
20240409;100059;7772.5;1;10077867566;B
20240409;100100;7771.5;2;10077867987;S
20240409;100100;7771.5;31;10077868017;S
20240409;100100;7771;10;10077868018;S
20240409;100100;7771;37;10077868019;S
20240409;100101;7772.5;2;10077868251;B
20240409;100101;7772.5;26;10077868343;B
20240409;100101;7772.5;10;10077868344;B
20240409;100101;7773;20;10077868345;B
20240409;100101;7773;42;10077868346;B
20240409;100101;7772.5;7;10077868452;B
20240409;100103;7773;7;10077869306;B
20240409;100103;7773;5;10077869317;B
20240409;100103;7773;7;10077869322;B
20240409;100103;7773;39;10077869325;B
20240409;100103;7773;32;10077869326;B
20240409;100103;7773.5;10;10077869327;B
20240409;100103;7773.5;10;10077869328;B
20240409;100103;7774;1;10077869329;B
20240409;100103;7774;48;10077869330;B
20240409;100103;7773.5;3;10077869338;B
20240409;100103;7773.5;4;10077869339;B
20240409;100103;7773.5;3;10077869342;B
20240409;100103;7774;2;10077869343;B
20240409;100103;7774;6;10077869344;B
20240409;100103;7773.5;10;10077869346;B
20240409;100103;7774;1;10077869347;B
20240409;100103;7773.5;3;10077869349;B
20240409;100103;7773.5;7;10077869351;B
20240409;100103;7774;5;10077869352;B
20240409;100103;7773;8;10077869353;S
20240409;100103;7773;2;10077869354;S
20240409;100103;7773;8;10077869355;S
20240409;100103;7773;2;10077869359;B
20240409;100103;7773;1;10077869360;B
20240409;100103;7773;4;10077869361;B
20240409;100103;7773;5;10077869362;B
20240409;100103;7773;10;10077869363;B
20240409;100103;7773.5;5;10077869364;B
20240409;100103;7773;10;10077869365;S
20240409;100103;7773;10;10077869366;S
20240409;100103;7773;23;10077869367;S
20240409;100103;7773;7;10077869368;S
20240409;100103;7774;3;10077869372;B
20240409;100103;7772.5;4;10077869373;S
20240409;100103;7774;19;10077869375;B
20240409;100103;7774;5;10077869378;B
20240409;100103;7774;5;10077869381;B
20240409;100103;7774.5;2;10077869382;B
20240409;100103;7774;10;10077869396;B
20240409;100103;7774.5;77;10077869397;B
20240409;100103;7774.5;14;10077869398;B
20240409;100103;7775;1;10077869427;B
20240409;100103;7775;5;10077869428;B
20240409;100104;7775;4;10077869458;B
20240409;100104;7775;1;10077869461;B
20240409;100104;7775;2;10077869462;B
20240409;100104;7775.5;11;10077869464;B
20240409;100104;7775.5;4;10077869475;B
20240409;100104;7775;4;10077869526;B
20240409;100104;7774;4;10077869527;S
20240409;100104;7774;4;10077869530;B
20240409;100104;7774;2;10077869534;B
20240409;100104;7775;5;10077869535;B
20240409;100104;7775;6;10077869537;B
20240409;100104;7775;1;10077869552;B
20240409;100104;7775;10;10077869558;B
20240409;100104;7775;4;10077869645;B
20240409;100104;7775;1;10077869646;B
20240409;100104;7775.5;5;10077869647;B
20240409;100105;7774.5;2;10077869738;B
20240409;100105;7775;1;10077869739;B
20240409;100105;7775;1;10077869871;B
20240409;100106;7774.5;10;10077870019;S
20240409;100107;7775;1;10077870558;B
20240409;100108;7775;43;10077870928;B
20240409;100108;7774.5;2;10077870939;S
20240409;100108;7774.5;1;10077870940;S
20240409;100109;7774.5;3;10077871269;S
20240409;100109;7774.5;3;10077871270;S
20240409;100109;7773.5;3;10077871271;S
20240409;100109;7775;15;10077871273;B
20240409;100111;7774.5;20;10077871717;B
20240409;100111;7773.5;1;10077871892;S
20240409;100112;7775;4;10077871987;B
20240409;100113;7774.5;10;10077872396;B
20240409;100113;7775;3;10077872397;B
20240409;100113;7775;7;10077872398;B
20240409;100113;7775;3;10077872399;B
20240409;100113;7775;10;10077872400;B
20240409;100113;7775;16;10077872401;B
20240409;100114;7775;3;10077872829;B
20240409;100115;7775;1;10077872976;B
20240409;100117;7773.5;14;10077873672;S
20240409;100117;7774.5;4;10077873715;B
20240409;100118;7774.5;15;10077873781;B
20240409;100118;7774.5;9;10077874011;B
20240409;100118;7775;6;10077874012;B
20240409;100118;7775;7;10077874013;B
20240409;100118;7775;2;10077874014;B
20240409;100118;7775.5;76;10077874015;B
20240409;100119;7775;10;10077874032;B
20240409;100119;7775;7;10077874033;B
20240409;100119;7775.5;2;10077874034;B
20240409;100120;7775;10;10077874622;B
20240409;100120;7775;20;10077874623;B
20240409;100120;7775;2;10077874731;B
20240409;100120;7775;3;10077874811;B
20240409;100122;7775;10;10077875377;B
20240409;100122;7775.5;40;10077875378;B
20240409;100122;7774;10;10077875659;S
20240409;100123;7774;10;10077875879;B
20240409;100123;7774;28;10077875880;B
20240409;100123;7775;10;10077875881;B
20240409;100123;7775.5;52;10077875882;B
20240409;100125;7774;3;10077876381;S
20240409;100127;7774;1;10077877198;B
20240409;100130;7774.5;10;10077877711;B
20240409;100130;7774.5;1;10077877850;B
20240409;100131;7774.5;22;10077877974;B
20240409;100131;7775;10;10077877975;B
20240409;100131;7775;10;10077877976;B
20240409;100131;7775;7;10077877977;B
20240409;100131;7775;1;10077877978;B
20240409;100132;7774.5;1;10077878516;B
20240409;100132;7774;1;10077878656;S
20240409;100132;7773.5;16;10077878657;S
20240409;100132;7773.5;5;10077878658;S
20240409;100132;7773.5;10;10077878659;S
20240409;100132;7773;35;10077878660;S
20240409;100132;7772.5;2;10077878661;S
20240409;100132;7772;31;10077878662;S
20240409;100133;7773;1;10077878980;B
20240409;100135;7774;1;10077879386;B
20240409;100135;7774;1;10077879512;B
20240409;100136;7774.5;1;10077879541;B
20240409;100136;7772;10;10077879553;S
20240409;100138;7773.5;1;10077880198;B
20240409;100138;7772;7;10077880398;S
20240409;100139;7774;10;10077880554;S
20240409;100139;7774.5;2;10077880626;B
20240409;100140;7774.5;1;10077880793;B
20240409;100140;7774;5;10077880944;S
20240409;100145;7774.5;2;10077881757;B
20240409;100145;7774.5;1;10077881764;B
20240409;100145;7774.5;3;10077881818;B
20240409;100145;7774.5;28;10077881819;B
20240409;100145;7774.5;1;10077881820;B
20240409;100145;7775;98;10077881821;B
20240409;100146;7774.5;2;10077882156;B
20240409;100147;7774.5;4;10077882276;B
20240409;100148;7774.5;4;10077882512;B
20240409;100148;7774.5;5;10077882513;B
20240409;100148;7774;1;10077882602;S
20240409;100149;7774.5;2;10077882898;B
20240409;100150;7774.5;10;10077882988;B
20240409;100150;7774.5;1;10077883069;B
20240409;100150;7774.5;1;10077883213;B
20240409;100151;7774;4;10077883424;S
20240409;100151;7774;1;10077883425;S
20240409;100151;7774;5;10077883426;S
20240409;100151;7774;10;10077883427;S
20240409;100151;7774;10;10077883428;S
20240409;100151;7774;10;10077883429;S
20240409;100152;7774;10;10077883695;S
20240409;100153;7774.5;2;10077883801;B
20240409;100155;7774;10;10077884114;S
20240409;100155;7774.5;1;10077884164;B
20240409;100157;7774;6;10077884572;S
20240409;100158;7774.5;20;10077885013;B
20240409;100158;7774.5;8;10077885025;B
20240409;100158;7774.5;22;10077885026;B
20240409;100200;7774.5;1;10077885373;B
20240409;100201;7774.5;10;10077885534;B
20240409;100201;7774;69;10077885554;S
20240409;100201;7774;1;10077885555;S
20240409;100201;7774;62;10077885556;S
20240409;100201;7773.5;25;10077885557;S
20240409;100201;7773;1;10077885558;S
20240409;100201;7772.5;40;10077885559;S
20240409;100201;7772.5;10;10077885560;S
20240409;100201;7772;40;10077885561;S
20240409;100201;7772;17;10077885562;S
20240409;100201;7771.5;40;10077885563;S
20240409;100201;7771;1;10077885564;S
20240409;100201;7770.5;39;10077885565;S
20240409;100201;7770.5;39;10077885566;S
20240409;100201;7770;50;10077885567;S
20240409;100201;7770;1;10077885568;S
20240409;100201;7769.5;10;10077885569;S
20240409;100201;7769.5;10;10077885570;S
20240409;100201;7769.5;4;10077885650;S
20240409;100201;7769.5;11;10077885781;S
20240409;100201;7769.5;7;10077885782;S
20240409;100201;7769.5;7;10077885783;S
20240409;100201;7769.5;10;10077885784;S
20240409;100201;7769.5;31;10077885785;S
20240409;100201;7769;3;10077885786;S
20240409;100201;7769;8;10077885787;S
20240409;100201;7769;10;10077885788;S
20240409;100201;7769;1;10077885789;S
20240409;100201;7770;5;10077885819;B
20240409;100202;7769.5;5;10077885945;S
20240409;100202;7770;2;10077885958;B
20240409;100202;7769.5;5;10077885977;S
20240409;100202;7769.5;5;10077886012;S
20240409;100203;7769.5;6;10077886171;S
20240409;100204;7770;1;10077886433;B
20240409;100205;7770;8;10077886719;B
20240409;100205;7770;13;10077886720;B
20240409;100206;7769.5;1;10077886957;S
20240409;100206;7770;10;10077886979;B
20240409;100208;7770;1;10077887273;B
20240409;100208;7769.5;3;10077887295;S
20240409;100208;7769.5;7;10077887296;S
20240409;100209;7769.5;11;10077887523;S
20240409;100210;7770;1;10077887689;B
20240409;100210;7770;4;10077887873;B
20240409;100211;7769.5;10;10077888042;S
20240409;100211;7769.5;8;10077888043;S
20240409;100211;7769;1;10077888044;S
20240409;100211;7769;21;10077888045;S
20240409;100212;7770;2;10077888189;B
20240409;100213;7769.5;20;10077888605;S
20240409;100215;7770;3;10077889040;B
20240409;100215;7769.5;1;10077889087;S
20240409;100216;7769.5;5;10077889174;S
20240409;100222;7770;1;10077890764;B
20240409;100223;7770;2;10077890838;B
20240409;100223;7770;262;10077890879;B
20240409;100223;7770;25;10077890880;B
20240409;100223;7770;10;10077890881;B
20240409;100223;7770;33;10077890882;B
20240409;100223;7770;11;10077890883;B
20240409;100223;7770.5;17;10077890884;B
20240409;100223;7771;100;10077890885;B
20240409;100223;7772.5;39;10077890886;B
20240409;100223;7773;50;10077890887;B
20240409;100223;7773;40;10077890888;B
20240409;100223;7773;30;10077890889;B
20240409;100223;7773.5;40;10077890890;B
20240409;100223;7773.5;78;10077890891;B
20240409;100223;7774;50;10077890892;B
20240409;100223;7774;15;10077890893;B
20240409;100229;7772.5;10;10077892344;B
20240409;100229;7773;1;10077892345;B
20240409;100229;7771;4;10077892449;S
20240409;100229;7771;24;10077892450;S
20240409;100229;7771;7;10077892451;S
20240409;100230;7773;10;10077892622;B
20240409;100231;7773;10;10077892814;B
20240409;100231;7773.5;23;10077892815;B
20240409;100231;7774;2;10077892816;B
20240409;100231;7774;2;10077892817;B
20240409;100234;7774;5;10077893389;B
20240409;100235;7773;1;10077893741;S
20240409;100236;7773;2;10077893791;S
20240409;100239;7774;1;10077894471;B
20240409;100239;7773;1;10077894487;S
20240409;100239;7772.5;9;10077894488;S
20240409;100241;7774;5;10077894913;B
20240409;100243;7774;2;10077895155;B
20240409;100245;7774;1;10077895690;B
20240409;100245;7774;7;10077895732;B
20240409;100245;7774;23;10077895733;B
20240409;100245;7773;1;10077895745;S
20240409;100247;7774;5;10077896063;B
20240409;100248;7774;4;10077896163;B
20240409;100253;7774;20;10077897793;B
20240409;100254;7774;81;10077897961;B
20240409;100254;7774;22;10077897962;B
20240409;100254;7774;10;10077897963;B
20240409;100254;7774;2;10077897964;B
20240409;100254;7774.5;10;10077898011;B
20240409;100254;7774;3;10077898018;S
20240409;100256;7774.5;1;10077898276;B
20240409;100257;7774;1;10077898631;S
20240409;100258;7774.5;1;10077898693;B
20240409;100258;7774.5;50;10077898702;B
20240409;100259;7774;30;10077898814;S
20240409;100300;7774;2;10077899006;S
20240409;100300;7774.5;1;10077899125;B
20240409;100301;7774.5;4;10077899251;B
20240409;100301;7774.5;1;10077899252;B
20240409;100303;7774;1;10077899585;S
20240409;100305;7774;1;10077900251;S
20240409;100306;7774.5;2;10077900519;B
20240409;100306;7774.5;1;10077900520;S
20240409;100306;7774.5;28;10077900521;S
20240409;100306;7774;21;10077900522;S
20240409;100307;7774.5;10;10077900664;S
20240409;100307;7774.5;10;10077900665;S
20240409;100309;7774.5;10;10077901192;S
20240409;100310;7774;18;10077901260;S
20240409;100310;7774;22;10077901261;S
20240409;100310;7774;10;10077901262;S
20240409;100310;7774;2;10077901263;S
20240409;100310;7774;28;10077901264;S
20240409;100310;7774;3;10077901293;B
20240409;100314;7774;1;10077902401;B
20240409;100315;7773.5;1;10077903166;S
20240409;100315;7773.5;6;10077903167;S
20240409;100315;7773.5;9;10077903168;S
20240409;100315;7773.5;13;10077903170;S
20240409;100315;7773;17;10077903213;S
20240409;100316;7774;10;10077903260;B
20240409;100318;7775;1;10077904070;B
20240409;100318;7775;23;10077904131;B
20240409;100319;7775;1;10077904185;B
20240409;100319;7774;4;10077904200;S
20240409;100319;7774;16;10077904201;S
20240409;100319;7773.5;1;10077904605;S
20240409;100319;7773.5;4;10077904606;S
20240409;100322;7774;3;10077905208;B
20240409;100322;7773.5;1;10077905252;S
20240409;100324;7774;7;10077905545;S
20240409;100324;7774.5;2;10077905663;B
20240409;100325;7775;7;10077905756;B
20240409;100327;7774;1;10077906211;S
20240409;100327;7774;1;10077906212;S
20240409;100327;7774;1;10077906213;S
20240409;100334;7774;1;10077907385;S
20240409;100340;7775;1;10077908843;B
20240409;100343;7774.5;10;10077909852;B
20240409;100344;7774;2;10077909991;S
20240409;100344;7774.5;1;10077910048;B
20240409;100344;7774.5;1;10077910092;B
20240409;100345;7774.5;5;10077910349;B
20240409;100345;7774.5;2;10077910409;B
20240409;100349;7774.5;1;10077910964;B
20240409;100349;7774.5;1;10077910977;B
20240409;100350;7774.5;4;10077911502;B
20240409;100351;7774.5;3;10077911569;B
20240409;100351;7774;35;10077911642;S
20240409;100351;7774;45;10077911643;S
20240409;100351;7774;9;10077911644;S
20240409;100351;7774;11;10077911645;S
20240409;100351;7774;7;10077911686;S
20240409;100353;7774;10;10077911966;S
20240409;100353;7773.5;10;10077911972;S
20240409;100353;7773.5;10;10077911982;S
20240409;100353;7773.5;20;10077912062;S
20240409;100354;7773.5;1;10077912235;S
20240409;100356;7774;3;10077912615;B
20240409;100357;7773.5;2;10077913012;S
20240409;100358;7774;30;10077913151;B
20240409;100358;7774;27;10077913152;B
20240409;100358;7773.5;17;10077913337;S
20240409;100358;7773.5;17;10077913359;S
20240409;100358;7774;11;10077913475;B
20240409;100359;7774;2;10077913579;B
20240409;100400;7774;1;10077914123;B
20240409;100401;7774;37;10077914429;B
20240409;100402;7774;21;10077914570;B
20240409;100402;7774;29;10077914571;B
20240409;100403;7774;2;10077914870;B
20240409;100405;7774.5;1;10077915279;B
20240409;100407;7774;7;10077915523;S
20240409;100408;7774;13;10077915829;S
20240409;100408;7773.5;3;10077915830;S
20240409;100408;7773.5;14;10077915831;S
20240409;100408;7773.5;20;10077915886;S
20240409;100409;7774;2;10077915928;B
20240409;100409;7774;1;10077915961;B
20240409;100409;7774;8;10077916017;B
20240409;100410;7773.5;1;10077916248;S
20240409;100411;7774;6;10077916693;B
20240409;100412;7774;5;10077916838;B
20240409;100412;7773.5;1;10077916880;S
20240409;100414;7774;5;10077917401;B
20240409;100418;7774.5;5;10077918272;B
20240409;100423;7774.5;1;10077919759;B
20240409;100425;7774.5;3;10077920111;B
20240409;100425;7774.5;5;10077920112;B
20240409;100425;7774.5;12;10077920113;B
20240409;100425;7775;69;10077920221;B
20240409;100425;7775;14;10077920222;B
20240409;100425;7775;20;10077920223;B
20240409;100425;7775;10;10077920224;B
20240409;100425;7775;1;10077920225;B
20240409;100425;7775;1;10077920226;B
20240409;100425;7775;5;10077920227;B
20240409;100425;7775;10;10077920228;B
20240409;100426;7774.5;4;10077920299;S
20240409;100428;7774.5;1;10077921028;B
20240409;100429;7774.5;1;10077921117;B
20240409;100429;7775;5;10077921123;B
20240409;100429;7774.5;2;10077921239;S
20240409;100430;7774.5;31;10077921370;S
20240409;100430;7774;20;10077921371;S
20240409;100430;7774;10;10077921372;S
20240409;100430;7774;5;10077921373;S
20240409;100430;7774;24;10077921374;S
20240409;100430;7773.5;60;10077921375;S
20240409;100431;7774.5;2;10077921742;S
20240409;100431;7774.5;3;10077921752;S
20240409;100431;7774;7;10077921753;S
20240409;100431;7775;50;10077921757;B
20240409;100433;7775;4;10077922097;B
20240409;100434;7774;1;10077922298;S
20240409;100434;7774;3;10077922299;S
20240409;100435;7774.5;2;10077922834;B
20240409;100437;7774.5;1;10077923434;B
20240409;100437;7774.5;101;10077923592;B
20240409;100437;7774.5;3;10077923620;B
20240409;100439;7774.5;1;10077924152;B
20240409;100440;7774.5;1;10077924705;B
20240409;100441;7774.5;5;10077924812;B
20240409;100443;7774.5;1;10077925203;B
20240409;100443;7774.5;2;10077925462;B
20240409;100445;7774.5;100;10077925828;B
20240409;100447;7774;1;10077926256;S
20240409;100447;7774.5;83;10077926429;B
20240409;100447;7774.5;25;10077926430;B
20240409;100447;7774.5;21;10077926431;B
20240409;100447;7775;871;10077926432;B
20240409;100447;7775;60;10077926433;B
20240409;100447;7775;2;10077926434;B
20240409;100447;7775;12;10077926435;B
20240409;100447;7775;18;10077926436;B
20240409;100447;7775;12;10077926437;B
20240409;100447;7775.5;60;10077926438;B
20240409;100447;7775.5;1;10077926439;B
20240409;100447;7775.5;1;10077926440;B
20240409;100447;7775.5;1;10077926441;B
20240409;100447;7776;2;10077926442;B
20240409;100447;7776;2;10077926443;B
20240409;100448;7776.5;18;10077926477;B
20240409;100448;7776.5;5;10077926478;B
20240409;100448;7776.5;5;10077926479;B
20240409;100448;7777;1;10077926480;B
20240409;100448;7777;3;10077926481;B
20240409;100448;7777;100;10077926482;B
20240409;100448;7777;5;10077926483;B
20240409;100448;7777;2;10077926484;B
20240409;100448;7777;1;10077926485;B
20240409;100448;7777;2;10077926486;B
20240409;100448;7777;1;10077926487;B
20240409;100448;7777;5;10077926488;B
20240409;100448;7777;10;10077926489;B
20240409;100448;7777;15;10077926490;B
20240409;100448;7777;90;10077926491;B
20240409;100448;7777;1;10077926492;B
20240409;100448;7777;12;10077926493;B
20240409;100448;7777;10;10077926494;B
20240409;100448;7777;5;10077926495;B
20240409;100448;7777.5;48;10077926496;B
20240409;100448;7778;2;10077926497;B
20240409;100448;7778;1;10077926498;B
20240409;100448;7778;1;10077926499;B
20240409;100448;7778;21;10077926500;B
20240409;100448;7778;6;10077926501;B
20240409;100448;7777;10;10077926502;S
20240409;100448;7776.5;10;10077926503;S
20240409;100448;7777;10;10077926504;S
20240409;100448;7776.5;10;10077926505;B
20240409;100448;7777;10;10077926509;B
20240409;100448;7777;10;10077926510;B
20240409;100448;7778.5;1;10077926511;B
20240409;100448;7778.5;10;10077926523;B
20240409;100448;7779;10;10077926524;B
20240409;100448;7779;6;10077926525;B
20240409;100448;7779;3;10077926526;B
20240409;100448;7779;2;10077926527;B
20240409;100448;7779;1;10077926528;B
20240409;100448;7779;68;10077926529;B
20240409;100448;7777;10;10077926531;S
20240409;100448;7778.5;5;10077926532;B
20240409;100448;7778.5;5;10077926542;B
20240409;100448;7779;5;10077926543;B
20240409;100448;7779;100;10077926544;B
20240409;100448;7777;1;10077926545;S
20240409;100448;7778.5;1;10077926612;B
20240409;100448;7776.5;20;10077926622;S
20240409;100448;7778.5;2;10077926623;B
20240409;100448;7778.5;4;10077926634;B
20240409;100448;7778.5;3;10077926635;B
20240409;100448;7779;1;10077926636;B
20240409;100448;7778.5;2;10077926677;B
20240409;100448;7778.5;8;10077926698;B
20240409;100448;7779;42;10077926699;B
20240409;100448;7777.5;1;10077926700;S
20240409;100448;7778;1;10077926703;B
20240409;100448;7778.5;10;10077926720;B
20240409;100448;7779;40;10077926721;B
20240409;100448;7777.5;1;10077926742;S
20240409;100448;7777.5;2;10077926746;S
20240409;100448;7777;10;10077926747;S
20240409;100448;7777;8;10077926748;B
20240409;100448;7777;6;10077926765;S
20240409;100448;7778.5;10;10077926766;B
20240409;100448;7778.5;1;10077926767;B
20240409;100449;7779;1;10077926806;B
20240409;100449;7779;1;10077926808;B
20240409;100449;7779;4;10077926809;B
20240409;100449;7779;1;10077926819;B
20240409;100449;7779;69;10077926820;B
20240409;100449;7778;10;10077926821;S
20240409;100449;7779;1;10077926822;B
20240409;100449;7779;1;10077926823;B
20240409;100449;7778;6;10077926837;S
20240409;100449;7778;4;10077926838;S
20240409;100449;7778.5;4;10077926850;S
20240409;100449;7777.5;1;10077926869;S
20240409;100449;7778;1;10077926876;B
20240409;100449;7777.5;1;10077926880;S
20240409;100449;7778;6;10077926939;B
20240409;100450;7778;1;10077926959;B
20240409;100450;7777.5;1;10077926992;S
20240409;100450;7777.5;10;10077927013;S
20240409;100450;7778;15;10077927022;B
20240409;100451;7778;3;10077927266;B
20240409;100452;7778;2;10077927463;B
20240409;100452;7778;28;10077927472;B
20240409;100452;7778;3;10077927473;B
20240409;100452;7778.5;2;10077927474;B
20240409;100452;7778.5;20;10077927475;B
20240409;100452;7778.5;2;10077927476;B
20240409;100452;7778.5;5;10077927477;B
20240409;100452;7779;1;10077927492;B
20240409;100452;7779;30;10077927511;B
20240409;100453;7779;1;10077927777;B
20240409;100454;7779;1;10077928086;B
20240409;100455;7779;1;10077928224;B
20240409;100457;7779;9;10077928813;B
20240409;100457;7778.5;10;10077928817;S
20240409;100457;7778;1;10077928832;B
20240409;100457;7778;50;10077929001;B
20240409;100501;7778;39;10077929767;B
20240409;100501;7778;115;10077929768;B
20240409;100501;7779;2;10077929817;B
20240409;100501;7779;7;10077929819;B
20240409;100501;7779;7;10077929845;B
20240409;100501;7779;30;10077929871;B
20240409;100501;7779;1;10077929888;B
20240409;100501;7779;46;10077929894;B
20240409;100501;7779;1;10077929909;B
20240409;100501;7778.5;1;10077929910;S
20240409;100501;7778.5;3;10077929965;S
20240409;100501;7779;1;10077930000;B
20240409;100501;7779;1;10077930005;B
20240409;100502;7778.5;7;10077930071;S
20240409;100502;7778.5;3;10077930072;S
20240409;100502;7778.5;3;10077930084;S
20240409;100502;7778.5;17;10077930085;S
20240409;100502;7779;27;10077930119;B
20240409;100502;7779;2;10077930120;B
20240409;100502;7779;1;10077930121;B
20240409;100502;7779;17;10077930122;B
20240409;100503;7779;2;10077930270;B
20240409;100503;7779;5;10077930271;B
20240409;100503;7779.5;14;10077930272;B
20240409;100503;7779.5;2;10077930273;B
20240409;100503;7779.5;6;10077930274;B
20240409;100503;7779.5;2;10077930275;B
20240409;100503;7779.5;1;10077930276;B
20240409;100503;7779.5;2;10077930277;B
20240409;100503;7779.5;1;10077930278;B
20240409;100503;7779.5;4;10077930279;B
20240409;100503;7779.5;6;10077930280;B
20240409;100503;7779;20;10077930281;S
20240409;100503;7779;1;10077930383;B
20240409;100503;7779;19;10077930435;B
20240409;100503;7779;1;10077930436;B
20240409;100504;7779;19;10077930618;B
20240409;100504;7779;11;10077930619;B
20240409;100504;7779;6;10077930647;B
20240409;100504;7778.5;3;10077930679;S
20240409;100504;7778.5;1;10077930680;S
20240409;100504;7778.5;1;10077930681;S
20240409;100504;7778.5;5;10077930682;S
20240409;100505;7779;3;10077931044;B
20240409;100505;7779;20;10077931045;S
20240409;100505;7779;30;10077931046;S
20240409;100505;7779;30;10077931047;S
20240409;100506;7779.5;2;10077931258;B
20240409;100507;7779.5;1;10077931552;B
20240409;100508;7779.5;1;10077931670;B
20240409;100509;7779.5;19;10077931886;B
20240409;100509;7780;10;10077931887;B
20240409;100509;7780;7;10077931888;B
20240409;100509;7780;5;10077931889;B
20240409;100509;7780;15;10077931890;B
20240409;100509;7780;1;10077931891;B
20240409;100509;7780;4;10077931892;B
20240409;100509;7780;30;10077931893;B
20240409;100509;7780;100;10077931894;B
20240409;100509;7780;1;10077931895;B
20240409;100509;7780;10;10077931896;B
20240409;100509;7780;40;10077931897;B
20240409;100509;7780;2;10077931898;B
20240409;100509;7780;1;10077931899;B
20240409;100509;7780;1;10077931900;B
20240409;100509;7780;2;10077931901;B
20240409;100509;7780;1;10077931902;B
20240409;100509;7780;700;10077931903;B
20240409;100509;7780;1;10077931904;B
20240409;100509;7780;1;10077931905;B
20240409;100509;7780;2;10077931906;B
20240409;100509;7780;2;10077931907;B
20240409;100509;7780;45;10077931908;B
20240409;100509;7780;58;10077931909;B
20240409;100509;7780;100;10077931910;B
20240409;100509;7780;7;10077931911;B
20240409;100509;7780;13;10077931912;B
20240409;100509;7780;1;10077931913;B
20240409;100509;7780;58;10077931914;B
20240409;100509;7780;1;10077931915;B
20240409;100509;7780;2;10077931916;B
20240409;100509;7779.5;10;10077931917;S
20240409;100509;7780;79;10077931918;B
20240409;100509;7780;2;10077931919;B
20240409;100509;7780;10;10077931920;S
20240409;100509;7780.5;2;10077931921;B
20240409;100509;7780.5;62;10077931922;B
20240409;100509;7780;10;10077931923;S
20240409;100509;7780;10;10077931930;S
20240409;100509;7781;5;10077931931;B
20240409;100509;7781;25;10077931932;B
20240409;100509;7781;1;10077931933;B
20240409;100509;7781.5;1;10077931960;B
20240409;100509;7781.5;1;10077931961;B
20240409;100509;7781;3;10077932039;S
20240409;100509;7781.5;9;10077932040;B
20240409;100509;7781.5;10;10077932041;B
20240409;100509;7782;81;10077932042;B
20240409;100509;7781.5;10;10077932043;S
20240409;100509;7781.5;10;10077932044;S
20240409;100509;7781.5;18;10077932045;S
20240409;100509;7781.5;2;10077932046;S
20240409;100509;7781;7;10077932056;S
20240409;100509;7782;1;10077932070;B
20240409;100509;7781;1;10077932072;S
20240409;100509;7781;2;10077932102;S
20240409;100509;7781;3;10077932103;S
20240409;100509;7782;1;10077932112;B
20240409;100509;7782;17;10077932126;B
20240409;100509;7782;2;10077932127;B
20240409;100509;7782;1;10077932128;B
20240409;100509;7782;1;10077932129;B
20240409;100509;7782;1;10077932130;B
20240409;100509;7782;1;10077932131;B
20240409;100509;7782;1;10077932132;B
20240409;100509;7782.5;10;10077932133;B
20240409;100509;7783;1;10077932134;B
20240409;100509;7783;1;10077932135;B
20240409;100509;7783;3;10077932136;B
20240409;100509;7783;5;10077932137;B
20240409;100509;7781.5;5;10077932138;S
20240409;100509;7783;5;10077932139;B
20240409;100509;7783.5;3;10077932140;B
20240409;100509;7783;7;10077932141;B
20240409;100509;7783;1;10077932143;B
20240409;100509;7782;1;10077932150;S
20240409;100509;7782;2;10077932151;S
20240409;100509;7781.5;5;10077932152;S
20240409;100509;7781;14;10077932153;S
20240409;100509;7781;18;10077932154;S
20240409;100509;7781;2;10077932156;S
20240409;100509;7781.5;11;10077932158;B
20240409;100509;7783;2;10077932159;B
20240409;100509;7783.5;2;10077932160;B
20240409;100509;7783.5;1;10077932161;B
20240409;100509;7783.5;2;10077932162;B
20240409;100509;7783.5;1;10077932163;B
20240409;100509;7783.5;31;10077932164;B
20240409;100509;7783;10;10077932167;B
20240409;100509;7783.5;20;10077932168;B
20240409;100509;7781;3;10077932172;S
20240409;100510;7783;10;10077932183;B
20240409;100510;7783.5;40;10077932184;B
20240409;100510;7783;3;10077932208;B
20240409;100510;7783;3;10077932209;B
20240409;100510;7783.5;33;10077932212;B
20240409;100510;7783.5;17;10077932213;B
20240409;100510;7782;3;10077932214;S
20240409;100510;7782;7;10077932215;S
20240409;100510;7782;3;10077932217;S
20240409;100510;7782;2;10077932228;S
20240409;100510;7782;2;10077932229;S
20240409;100510;7783.5;2;10077932230;B
20240409;100510;7782;1;10077932231;S
20240409;100510;7782;1;10077932232;S
20240409;100510;7782;4;10077932233;S
20240409;100510;7781.5;1;10077932234;S
20240409;100510;7781.5;1;10077932235;S
20240409;100510;7780.5;4;10077932236;S
20240409;100510;7783.5;1;10077932245;B
20240409;100510;7783.5;7;10077932255;B
20240409;100510;7784;20;10077932256;B
20240409;100510;7784;1;10077932257;B
20240409;100510;7784;17;10077932258;B
20240409;100510;7784.5;2;10077932259;B
20240409;100510;7784.5;2;10077932260;B
20240409;100510;7784.5;3;10077932261;B
20240409;100510;7784.5;1;10077932262;B
20240409;100510;7784.5;4;10077932263;B
20240409;100510;7784.5;103;10077932264;B
20240409;100510;7784;6;10077932266;B
20240409;100510;7783;6;10077932269;S
20240409;100510;7782.5;4;10077932270;S
20240409;100510;7783;7;10077932273;B
20240409;100510;7783;1;10077932274;B
20240409;100510;7783;1;10077932277;B
20240409;100510;7782.5;1;10077932279;S
20240409;100510;7783;2;10077932282;B
20240409;100510;7782.5;1;10077932289;S
20240409;100510;7782.5;8;10077932298;S
20240409;100510;7782;2;10077932299;S
20240409;100510;7782.5;1;10077932304;S
20240409;100510;7782.5;1;10077932306;S
20240409;100510;7783;1;10077932311;B
20240409;100510;7783;1;10077932330;B
20240409;100510;7783;1;10077932331;B
20240409;100510;7784;10;10077932332;B
20240409;100510;7784;10;10077932333;S
20240409;100510;7784;43;10077932334;S
20240409;100510;7783.5;10;10077932357;B
20240409;100510;7784;7;10077932358;B
20240409;100510;7784;17;10077932359;B
20240409;100510;7784;1;10077932360;B
20240409;100510;7783.5;10;10077932361;B
20240409;100510;7784;19;10077932362;B
20240409;100510;7784;50;10077932363;B
20240409;100510;7784;20;10077932364;B
20240409;100510;7784;17;10077932365;B
20240409;100510;7784;30;10077932366;S
20240409;100510;7784.5;110;10077932368;B
20240409;100510;7784.5;100;10077932369;B
20240409;100510;7784.5;10;10077932370;B
20240409;100510;7784.5;15;10077932371;B
20240409;100510;7784.5;1;10077932373;B
20240409;100510;7784.5;10;10077932374;B
20240409;100510;7784.5;2;10077932376;B
20240409;100510;7784.5;56;10077932377;B
20240409;100510;7784.5;3;10077932383;B
20240409;100510;7784;2;10077932386;S
20240409;100510;7784.5;10;10077932387;B
20240409;100510;7784;1;10077932393;S
20240409;100510;7784.5;24;10077932397;B
20240409;100510;7784;6;10077932398;S
20240409;100510;7784.5;2;10077932402;B
20240409;100510;7784.5;6;10077932403;B
20240409;100510;7784.5;26;10077932404;B
20240409;100510;7784.5;4;10077932406;B
20240409;100510;7784.5;10;10077932409;B
20240409;100510;7784;1;10077932419;S
20240409;100510;7784;1;10077932420;S
20240409;100511;7784.5;20;10077932432;B
20240409;100511;7784;1;10077932435;S
20240409;100511;7784.5;1;10077932436;B
20240409;100511;7784.5;3;10077932437;B
20240409;100511;7784;1;10077932448;S
20240409;100511;7784;2;10077932449;S
20240409;100511;7784.5;13;10077932450;B
20240409;100511;7784.5;38;10077932454;B
20240409;100511;7784.5;40;10077932455;B
20240409;100511;7784.5;2;10077932458;B
20240409;100511;7784.5;58;10077932459;B
20240409;100511;7784;10;10077932460;S
20240409;100511;7784.5;5;10077932464;B
20240409;100511;7784.5;2;10077932469;B
20240409;100511;7784;12;10077932473;S
20240409;100511;7784.5;7;10077932475;B
20240409;100511;7784.5;40;10077932476;B
20240409;100511;7784;1;10077932490;S
20240409;100511;7784.5;9;10077932491;B
20240409;100511;7784.5;1;10077932492;B
20240409;100511;7785;5;10077932493;B
20240409;100511;7785;1;10077932494;B
20240409;100511;7785;1;10077932495;B
20240409;100511;7785;3;10077932496;B
20240409;100511;7784.5;1;10077932497;S
20240409;100511;7784.5;9;10077932499;S
20240409;100511;7784;1;10077932504;S
20240409;100511;7784.5;1;10077932509;B
20240409;100511;7784.5;3;10077932510;B
20240409;100511;7784.5;1;10077932511;B
20240409;100511;7784.5;1;10077932535;B
20240409;100511;7784.5;5;10077932536;B
20240409;100511;7784.5;1;10077932537;B
20240409;100511;7785;2;10077932538;B
20240409;100511;7785;1;10077932539;B
20240409;100511;7785;11;10077932540;B
20240409;100511;7784.5;10;10077932541;S
20240409;100511;7784.5;10;10077932542;B
20240409;100511;7785;2;10077932543;B
20240409;100511;7785;1;10077932544;B
20240409;100511;7785;1;10077932558;B
20240409;100511;7785;15;10077932564;B
20240409;100511;7785;2;10077932565;B
20240409;100511;7785;1;10077932566;B
20240409;100511;7785;5;10077932567;B
20240409;100511;7785;107;10077932568;B
20240409;100511;7785;4;10077932571;B
20240409;100511;7785;3;10077932572;B
20240409;100511;7785;4;10077932581;B
20240409;100511;7785;3;10077932583;B
20240409;100511;7785;1;10077932594;B
20240409;100511;7785;2;10077932604;B
20240409;100511;7785;11;10077932609;B
20240409;100511;7784.5;5;10077932610;S
20240409;100511;7785;1;10077932628;B
20240409;100511;7785;2;10077932630;B
20240409;100511;7784.5;1;10077932646;S
20240409;100511;7784.5;4;10077932648;S
20240409;100511;7784.5;6;10077932649;S
20240409;100511;7785;5;10077932650;B
20240409;100512;7785;1;10077932694;B
20240409;100512;7785;1;10077932716;B
20240409;100512;7784.5;1;10077932721;S
20240409;100512;7784.5;1;10077932722;S
20240409;100512;7785;15;10077932727;B
20240409;100512;7785;42;10077932732;B
20240409;100512;7785;50;10077932733;B
20240409;100512;7785;2;10077932734;B
20240409;100512;7785;1;10077932735;B
20240409;100512;7785;5;10077932736;B
20240409;100512;7785;2;10077932737;B
20240409;100512;7785;3;10077932738;B
20240409;100512;7785;4;10077932739;B
20240409;100512;7785;21;10077932740;B
20240409;100512;7785;4;10077932747;B
20240409;100512;7785;5;10077932748;B
20240409;100512;7785;10;10077932749;B
20240409;100512;7785;11;10077932750;B
20240409;100512;7785;1;10077932760;B
20240409;100512;7785;12;10077932776;B
20240409;100512;7785;20;10077932906;B
20240409;100512;7785;1;10077932925;B
20240409;100513;7785;5;10077933000;B
20240409;100513;7785;2;10077933001;B
20240409;100513;7785;2;10077933054;B
20240409;100513;7785;1;10077933055;B
20240409;100513;7785;1;10077933056;B
20240409;100513;7785;4;10077933057;B
20240409;100513;7785;1;10077933058;B
20240409;100513;7785;5;10077933059;B
20240409;100513;7785;1;10077933060;B
20240409;100513;7785;2;10077933061;B
20240409;100513;7785;1;10077933062;B
20240409;100513;7785;4;10077933063;B
20240409;100513;7785;100;10077933064;B
20240409;100513;7785;2;10077933065;B
20240409;100513;7785;1;10077933066;B
20240409;100513;7785;1;10077933067;B
20240409;100513;7785;1;10077933068;B
20240409;100513;7785;2;10077933069;B
20240409;100513;7785;1;10077933070;B
20240409;100513;7785;6;10077933071;B
20240409;100513;7785;4;10077933072;B
20240409;100513;7785.5;18;10077933073;B
20240409;100513;7786;20;10077933074;B
20240409;100513;7786;2;10077933075;B
20240409;100513;7787;1;10077933083;B
20240409;100513;7787;11;10077933084;B
20240409;100513;7787.5;2;10077933085;B
20240409;100513;7787.5;5;10077933086;B
20240409;100513;7788;1;10077933087;B
20240409;100513;7788;5;10077933088;B
20240409;100513;7788;1;10077933089;B
20240409;100513;7788;24;10077933090;B
20240409;100513;7788;1;10077933091;B
20240409;100513;7788;14;10077933092;B
20240409;100513;7788;5;10077933094;B
20240409;100513;7786.5;10;10077933098;S
20240409;100513;7786.5;3;10077933099;S
20240409;100513;7788;50;10077933100;B
20240409;100513;7788;3;10077933243;B
20240409;100513;7788;26;10077933244;B
20240409;100513;7788;30;10077933245;B
20240409;100513;7787;1;10077933301;S
20240409;100513;7788;100;10077933304;B
20240409;100513;7787;9;10077933307;S
20240409;100513;7787;5;10077933308;S
20240409;100513;7787;17;10077933309;S
20240409;100513;7786.5;18;10077933310;S
20240409;100513;7786.5;30;10077933311;S
20240409;100513;7786;21;10077933312;S
20240409;100513;7786.5;1;10077933327;S
20240409;100513;7788;2;10077933332;B
20240409;100513;7788;60;10077933333;B
20240409;100513;7786.5;1;10077933334;S
20240409;100514;7788;10;10077933336;B
20240409;100514;7788;2;10077933341;B
20240409;100514;7787;1;10077933363;B
20240409;100514;7787.5;1;10077933372;S
20240409;100514;7787.5;4;10077933387;S
20240409;100514;7787;110;10077933410;B
20240409;100514;7787;25;10077933427;B
20240409;100514;7787;1;10077933434;B
20240409;100514;7787;13;10077933435;B
20240409;100514;7786.5;10;10077933581;S
20240409;100514;7786.5;4;10077933582;S
20240409;100514;7786;36;10077933583;S
20240409;100514;7787;1;10077933626;B
20240409;100515;7786;7;10077933628;S
20240409;100515;7786.5;33;10077933766;B
20240409;100515;7786.5;17;10077933767;B
20240409;100515;7786.5;4;10077933824;B
20240409;100516;7786.5;2;10077934055;B
20240409;100516;7786.5;31;10077934066;B
20240409;100516;7786.5;18;10077934067;B
20240409;100516;7786.5;1;10077934068;B
20240409;100516;7787;112;10077934069;B
20240409;100517;7787;5;10077934362;B
20240409;100517;7787;16;10077934368;B
20240409;100517;7787;17;10077934376;B
20240409;100517;7787;1;10077934377;B
20240409;100517;7787;8;10077934378;B
20240409;100517;7787;20;10077934379;B
20240409;100518;7787.5;10;10077934391;S
20240409;100518;7788;1;10077934596;B
20240409;100519;7788;1;10077934780;B
20240409;100519;7788;1;10077934873;B
20240409;100520;7787.5;4;10077934932;S
20240409;100520;7787.5;7;10077934933;S
20240409;100521;7788;12;10077935152;B
20240409;100521;7788;1;10077935158;B
20240409;100521;7788;40;10077935159;B
20240409;100521;7787.5;5;10077935288;S
20240409;100521;7788;1;10077935304;B
20240409;100521;7788;20;10077935326;B
20240409;100521;7788;121;10077935352;B
20240409;100521;7788;5;10077935353;B
20240409;100521;7788;1;10077935354;B
20240409;100521;7788;5;10077935355;B
20240409;100521;7788;2;10077935356;B
20240409;100521;7788;1;10077935357;B
20240409;100521;7788;5;10077935358;B
20240409;100521;7788;25;10077935359;B
20240409;100521;7788;70;10077935360;B
20240409;100521;7788;7;10077935361;B
20240409;100521;7788;1;10077935362;B
20240409;100521;7788;10;10077935363;B
20240409;100521;7788.5;2;10077935364;B
20240409;100521;7788.5;1;10077935365;B
20240409;100521;7788.5;18;10077935366;B
20240409;100521;7788.5;28;10077935367;B
20240409;100521;7789;10;10077935368;B
20240409;100521;7789;4;10077935369;B
20240409;100521;7789;28;10077935370;B
20240409;100521;7789;10;10077935371;B
20240409;100521;7789;2;10077935372;B
20240409;100521;7789;5;10077935373;B
20240409;100521;7789;3;10077935374;B
20240409;100521;7789;10;10077935375;B
20240409;100521;7789;40;10077935376;B
20240409;100521;7789;20;10077935377;S
20240409;100521;7789;20;10077935378;S
20240409;100521;7789;20;10077935379;S
20240409;100521;7789;20;10077935380;S
20240409;100521;7789;10;10077935381;S
20240409;100521;7789;50;10077935382;S
20240409;100521;7789;10;10077935383;S
20240409;100521;7789;30;10077935384;S
20240409;100522;7789.5;2;10077935391;B
20240409;100522;7789.5;12;10077935392;B
20240409;100522;7789.5;1;10077935393;B
20240409;100522;7789.5;2;10077935394;B
20240409;100522;7789.5;2;10077935395;B
20240409;100522;7789.5;4;10077935396;B
20240409;100522;7789.5;1;10077935397;B
20240409;100522;7789.5;10;10077935398;B
20240409;100522;7790;16;10077935399;B
20240409;100522;7789.5;10;10077935407;B
20240409;100522;7789;1;10077935408;S
20240409;100522;7789.5;5;10077935409;B
20240409;100522;7789;1;10077935445;S
20240409;100522;7789.5;5;10077935451;B
20240409;100522;7790;1;10077935452;B
20240409;100522;7789;1;10077935456;S
20240409;100522;7789.5;1;10077935457;B
20240409;100522;7789;20;10077935469;S
20240409;100522;7789;1;10077935484;S
20240409;100522;7789;3;10077935485;S
20240409;100522;7789;12;10077935492;S
20240409;100522;7789;12;10077935494;S
20240409;100522;7789;1;10077935495;S
20240409;100522;7789;5;10077935499;S
20240409;100522;7789;1;10077935500;S
20240409;100522;7789;5;10077935501;S
20240409;100522;7789;1;10077935503;S
20240409;100522;7789;1;10077935505;S
20240409;100522;7789.5;2;10077935513;B
20240409;100522;7789.5;7;10077935520;B
20240409;100522;7789.5;1;10077935521;B
20240409;100522;7789.5;4;10077935522;B
20240409;100522;7789.5;17;10077935523;B
20240409;100522;7789.5;33;10077935524;B
20240409;100522;7789.5;1;10077935525;B
20240409;100522;7789.5;37;10077935526;B
20240409;100522;7789.5;50;10077935527;B
20240409;100522;7789.5;14;10077935528;B
20240409;100522;7789;1;10077935531;S
20240409;100522;7789;31;10077935537;S
20240409;100522;7789;5;10077935567;S
20240409;100522;7789.5;1;10077935593;B
20240409;100522;7789.5;10;10077935606;B
20240409;100522;7789;32;10077935625;S
20240409;100522;7789;6;10077935626;S
20240409;100522;7789;1;10077935627;S
20240409;100522;7789;1;10077935628;S
20240409;100522;7789;2;10077935629;S
20240409;100522;7789.5;7;10077935632;B
20240409;100522;7789.5;10;10077935633;B
20240409;100522;7789.5;33;10077935634;B
20240409;100522;7789.5;1;10077935635;B
20240409;100522;7789.5;9;10077935636;B
20240409;100522;7789;3;10077935640;S
20240409;100522;7789;4;10077935643;S
20240409;100523;7789.5;1;10077935661;B
20240409;100523;7789.5;29;10077935675;B
20240409;100523;7789.5;10;10077935676;B
20240409;100523;7789.5;4;10077935677;B
20240409;100523;7789.5;29;10077935678;B
20240409;100523;7789;3;10077935726;S
20240409;100523;7789;2;10077935727;S
20240409;100523;7789;4;10077935728;S
20240409;100523;7789;7;10077935743;S
20240409;100523;7789;2;10077935754;S
20240409;100523;7789;1;10077935755;S
20240409;100523;7789;3;10077935759;S
20240409;100523;7789;1;10077935760;S
20240409;100523;7789;5;10077935761;S
20240409;100523;7789;5;10077935765;S
20240409;100523;7789;10;10077935766;S
20240409;100523;7789;10;10077935770;S
20240409;100523;7789;1;10077935774;S
20240409;100523;7789;1;10077935778;S
20240409;100523;7789;3;10077935781;S
20240409;100523;7789;3;10077935782;S
20240409;100523;7789;15;10077935806;S
20240409;100524;7789;10;10077936011;S
20240409;100525;7789;4;10077936245;S
20240409;100526;7789.5;3;10077936376;B
20240409;100526;7789.5;2;10077936468;B
20240409;100526;7789.5;5;10077936561;B
20240409;100526;7789.5;33;10077936562;B
20240409;100526;7789.5;37;10077936563;B
20240409;100527;7789.5;2;10077936713;B
20240409;100528;7789.5;100;10077936781;B
20240409;100528;7789.5;1;10077936834;B
20240409;100528;7789;1;10077936836;S
20240409;100528;7789.5;10;10077936862;B
20240409;100529;7789.5;2;10077936976;B
20240409;100529;7789.5;1;10077936977;B
20240409;100529;7789.5;3;10077936978;B
20240409;100529;7789.5;1;10077937006;B
20240409;100529;7789.5;2;10077937149;B
20240409;100529;7789;1;10077937165;S
20240409;100530;7789.5;7;10077937173;B
20240409;100530;7789.5;3;10077937174;B
20240409;100530;7789.5;2;10077937177;B
20240409;100530;7789;5;10077937178;S
20240409;100530;7789.5;5;10077937215;B
20240409;100530;7789;1;10077937258;S
20240409;100530;7789.5;1;10077937272;B
20240409;100530;7789.5;6;10077937323;B
20240409;100531;7789;1;10077937403;S
20240409;100532;7789.5;10;10077937561;B
20240409;100532;7789.5;15;10077937685;B
20240409;100533;7789.5;1;10077937723;B
20240409;100533;7789;1;10077937751;S
20240409;100534;7789.5;3;10077937943;B
20240409;100534;7790;1;10077937984;B
20240409;100534;7789;1;10077938020;S
20240409;100534;7790;2;10077938059;B
20240409;100535;7790;4;10077938151;B
20240409;100535;7790;6;10077938152;B
20240409;100536;7789.5;4;10077938439;B
20240409;100536;7790;46;10077938440;B
20240409;100536;7789;1;10077938485;S
20240409;100536;7790;4;10077938499;B
20240409;100536;7789;1;10077938537;S
20240409;100536;7790;12;10077938572;B
20240409;100536;7790;8;10077938590;B
20240409;100537;7790;22;10077938646;B
20240409;100537;7790;39;10077938728;B
20240409;100537;7789.5;3;10077938741;S
20240409;100538;7790;10;10077938776;B
20240409;100538;7790;100;10077939244;B
20240409;100538;7790;1;10077939268;B
20240409;100539;7790;50;10077939393;B
20240409;100539;7790;13;10077939397;B
20240409;100539;7790;65;10077939448;B
20240409;100539;7789.5;1;10077939582;S
20240409;100539;7790;20;10077939666;B
20240409;100540;7790;12;10077939952;B
20240409;100540;7790;33;10077939956;B
20240409;100540;7790;71;10077939971;B
20240409;100541;7790;20;10077940217;B
20240409;100543;7790;2;10077940695;B
20240409;100543;7790;1;10077940699;B
20240409;100543;7790;8;10077940808;B
20240409;100544;7790;100;10077940867;B
20240409;100544;7790;1;10077940887;B
20240409;100544;7790;22;10077940951;B
20240409;100545;7790;1;10077941091;B
20240409;100545;7790;1;10077941092;B
20240409;100545;7790;1;10077941194;B
20240409;100546;7790;3;10077941442;B
20240409;100546;7790;1285;10077941450;B
20240409;100547;7790;40;10077941611;B
20240409;100547;7790;1;10077941706;B
20240409;100548;7790;20;10077941771;B
20240409;100548;7790;50;10077941905;B
20240409;100548;7790;41;10077941933;B
20240409;100548;7790;22;10077941942;B
20240409;100548;7790;5;10077941943;B
20240409;100548;7790;1;10077941944;B
20240409;100548;7790;1;10077941945;B
20240409;100548;7790;7;10077941946;B
20240409;100548;7790;1;10077941947;B
20240409;100548;7790;1;10077941948;B
20240409;100548;7790;2;10077941949;B
20240409;100548;7790;1;10077941950;B
20240409;100548;7790;1;10077941951;B
20240409;100548;7790;3;10077941952;B
20240409;100548;7790;32;10077941953;B
20240409;100548;7790;3;10077941954;B
20240409;100548;7790;2;10077941955;B
20240409;100548;7790;5;10077941956;B
20240409;100548;7790;3;10077941957;B
20240409;100549;7790;1;10077942091;B
20240409;100549;7790;27;10077942098;B
20240409;100549;7790;23;10077942099;B
20240409;100549;7789.5;16;10077942124;S
20240409;100550;7790;1;10077942356;B
20240409;100550;7790;1;10077942363;B
20240409;100550;7790;1;10077942459;B
20240409;100550;7790;46;10077942460;B
20240409;100550;7790;1;10077942461;B
20240409;100550;7790;52;10077942462;B
20240409;100550;7790;4;10077942488;B
20240409;100550;7790;1;10077942489;B
20240409;100550;7790;1;10077942490;B
20240409;100550;7790;15;10077942491;B
20240409;100550;7790;1;10077942492;B
20240409;100550;7790;2;10077942493;B
20240409;100550;7790;5;10077942494;B
20240409;100550;7790;1;10077942495;B
20240409;100550;7790;2;10077942496;B
20240409;100550;7790;2;10077942497;B
20240409;100550;7790;2;10077942498;B
20240409;100550;7790;2;10077942499;B
20240409;100550;7790;2;10077942500;B
20240409;100551;7789.5;5;10077942521;S
20240409;100551;7789.5;10;10077942614;S
20240409;100551;7790;3;10077942623;B
20240409;100551;7790;6;10077942624;B
20240409;100551;7790;1;10077942625;B
20240409;100551;7790;1;10077942661;B
20240409;100552;7790;5;10077942758;B
20240409;100552;7789.5;6;10077942792;S
20240409;100552;7789.5;4;10077942793;S
20240409;100552;7789.5;6;10077942914;S
20240409;100552;7789.5;4;10077942915;S
20240409;100552;7790;18;10077942920;B
20240409;100552;7790;1;10077942921;B
20240409;100552;7790;1;10077942922;B
20240409;100552;7790;1;10077942943;B
20240409;100553;7790;1;10077943052;B
20240409;100553;7790;1;10077943053;B
20240409;100553;7790;3;10077943054;B
20240409;100553;7789.5;10;10077943061;S
20240409;100553;7789.5;10;10077943125;S
20240409;100553;7789.5;5;10077943188;S
20240409;100554;7790;7;10077943322;B
20240409;100554;7790;42;10077943323;B
20240409;100554;7790;108;10077943324;B
20240409;100554;7790;2;10077943325;B
20240409;100554;7790;1;10077943326;B
20240409;100554;7790;100;10077943327;B
20240409;100554;7790;2;10077943328;B
20240409;100554;7790;3;10077943329;B
20240409;100554;7790;2;10077943330;B
20240409;100554;7790.5;6;10077943331;B
20240409;100554;7790.5;6;10077943332;B
20240409;100554;7790.5;185;10077943333;B
20240409;100554;7790.5;315;10077943334;B
20240409;100554;7790.5;1;10077943335;B
20240409;100554;7790.5;26;10077943336;B
20240409;100554;7790.5;10;10077943337;B
20240409;100554;7790.5;5;10077943338;B
20240409;100554;7790.5;32;10077943339;B
20240409;100554;7790.5;5;10077943340;B
20240409;100554;7790;50;10077943341;S
20240409;100554;7790.5;10;10077943342;S
20240409;100554;7791;1;10077943343;B
20240409;100554;7791;5;10077943344;B
20240409;100554;7791;1;10077943345;B
20240409;100554;7791;1;10077943346;B
20240409;100554;7792;1;10077943364;B
20240409;100554;7792;1;10077943365;B
20240409;100554;7792;1;10077943366;B
20240409;100554;7792.5;15;10077943367;B
20240409;100554;7792.5;4;10077943374;B
20240409;100554;7792.5;36;10077943382;B
20240409;100554;7793;2;10077943383;B
20240409;100554;7793;1;10077943384;B
20240409;100554;7793;1;10077943385;B
20240409;100554;7793;10;10077943386;B
20240409;100554;7793;5;10077943388;B
20240409;100554;7793;16;10077943389;B
20240409;100554;7793.5;1;10077943390;B
20240409;100554;7793.5;1;10077943391;B
20240409;100554;7793.5;27;10077943392;B
20240409;100554;7792.5;10;10077943393;S
20240409;100554;7792;1;10077943417;S
20240409;100554;7792;9;10077943441;S
20240409;100554;7791.5;1;10077943449;S
20240409;100554;7791.5;5;10077943463;S
20240409;100554;7791;10;10077943470;S
20240409;100554;7790.5;5;10077943471;S
20240409;100554;7790.5;2;10077943472;S
20240409;100555;7792;4;10077943511;B
20240409;100555;7792;1;10077943512;B
20240409;100555;7792;2;10077943554;B
20240409;100555;7792.5;10;10077943555;B
20240409;100555;7793;5;10077943556;B
20240409;100555;7793;3;10077943557;B
20240409;100555;7790.5;33;10077943602;S
20240409;100555;7790.5;10;10077943603;S
20240409;100555;7790.5;17;10077943604;S
20240409;100555;7790.5;87;10077943635;B
20240409;100555;7791.5;1;10077943636;B
20240409;100555;7792;12;10077943637;B
20240409;100555;7793;3;10077943652;B
20240409;100555;7790.5;10;10077943729;S
20240409;100555;7790;332;10077943730;S
20240409;100555;7790;40;10077943731;S
20240409;100555;7790;28;10077943732;S
20240409;100555;7790;22;10077943733;S
20240409;100555;7790;17;10077943734;S
20240409;100555;7789.5;5;10077943735;S
20240409;100555;7789.5;50;10077943736;S
20240409;100555;7789.5;100;10077943737;S
20240409;100555;7789.5;4;10077943738;S
20240409;100555;7789.5;40;10077943739;S
20240409;100556;7789;15;10077943863;S
20240409;100556;7789.5;6;10077943952;B
20240409;100556;7789.5;15;10077944002;B
20240409;100557;7789.5;1;10077944031;B
20240409;100557;7789.5;2;10077944032;B
20240409;100557;7789.5;10;10077944126;B
20240409;100558;7789.5;12;10077944328;B
20240409;100558;7789;3;10077944367;S
20240409;100559;7789;1;10077944520;S
20240409;100600;7789.5;12;10077944704;B
20240409;100600;7789.5;1;10077944724;B
20240409;100600;7789;1;10077944735;S
20240409;100600;7789.5;13;10077944740;B
20240409;100600;7790;22;10077944741;B
20240409;100600;7790.5;2;10077944742;B
20240409;100600;7791;1;10077944743;B
20240409;100600;7791;2;10077944744;B
20240409;100600;7791;10;10077944745;B
20240409;100600;7791;33;10077944746;B
20240409;100600;7791.5;17;10077944747;B
20240409;100600;7791.5;28;10077944748;B
20240409;100600;7792;1;10077944749;B
20240409;100600;7792;39;10077944750;B
20240409;100600;7792.5;1;10077944751;B
20240409;100600;7792.5;40;10077944752;B
20240409;100600;7792.5;39;10077944753;B
20240409;100600;7793;1;10077944754;B
20240409;100600;7793;3;10077944755;B
20240409;100600;7793;1;10077944756;B
20240409;100600;7793;5;10077944757;B
20240409;100600;7793;40;10077944758;B
20240409;100600;7793;10;10077944759;B
20240409;100601;7792.5;2;10077944924;B
20240409;100601;7790.5;9;10077944953;S
20240409;100601;7790.5;1;10077944954;S
20240409;100601;7790.5;9;10077944955;S
20240409;100601;7790;1;10077945141;S
20240409;100602;7790.5;1;10077945201;B
20240409;100602;7793;10;10077945202;B
20240409;100602;7793.5;16;10077945203;B
20240409;100602;7791.5;10;10077945214;S
20240409;100603;7793;10;10077945500;B
20240409;100603;7793.5;7;10077945501;B
20240409;100603;7793.5;2;10077945502;B
20240409;100603;7794;5;10077945503;B
20240409;100603;7794;1;10077945504;B
20240409;100603;7794;374;10077945505;B
20240409;100603;7793.5;3;10077945570;B
20240409;100603;7793.5;7;10077945640;B
20240409;100603;7794;3;10077945641;B
20240409;100603;7794;5;10077945688;B
20240409;100603;7792.5;2;10077945737;S
20240409;100604;7793;1;10077945807;S
20240409;100604;7791.5;22;10077945808;S
20240409;100604;7791;4;10077945809;S
20240409;100604;7790.5;2;10077945830;S
20240409;100606;7790.5;2;10077946216;S
20240409;100606;7791;1;10077946274;B
20240409;100607;7791;1;10077946449;B
20240409;100607;7792;3;10077946450;B
20240409;100607;7792;1;10077946523;B
20240409;100609;7790.5;13;10077946862;S
20240409;100610;7790.5;10;10077947223;S
20240409;100611;7791;30;10077947582;B
20240409;100612;7791.5;15;10077947635;B
20240409;100613;7791.5;1;10077947974;B
20240409;100614;7791.5;1;10077948222;B
20240409;100614;7791;21;10077948323;S
20240409;100614;7791;10;10077948324;S
20240409;100614;7791;33;10077948325;S
20240409;100614;7791;36;10077948326;S
20240409;100615;7791.5;33;10077948601;B
20240409;100615;7791.5;3;10077948602;B
20240409;100615;7792;21;10077948603;B
20240409;100615;7793;1;10077948604;B
20240409;100615;7793;1;10077948605;B
20240409;100615;7793.5;10;10077948606;B
20240409;100615;7794;118;10077948607;B
20240409;100615;7794;1;10077948608;B
20240409;100615;7794;59;10077948609;B
20240409;100615;7794;10;10077948610;B
20240409;100615;7794;1;10077948611;B
20240409;100615;7794;3;10077948612;B
20240409;100615;7794;1;10077948613;B
20240409;100615;7794;200;10077948614;B
20240409;100615;7794;1;10077948615;B
20240409;100615;7794;2;10077948616;B
20240409;100615;7794;10;10077948617;B
20240409;100615;7794;17;10077948618;B
20240409;100615;7794;28;10077948619;B
20240409;100615;7794.5;5;10077948620;B
20240409;100615;7794.5;1;10077948621;B
20240409;100615;7794.5;1;10077948622;B
20240409;100615;7794.5;2;10077948623;B
20240409;100615;7794.5;2;10077948624;B
20240409;100615;7794.5;30;10077948625;B
20240409;100615;7795;1;10077948626;B
20240409;100615;7795;1;10077948627;B
20240409;100615;7795;5;10077948628;B
20240409;100615;7795;2;10077948629;B
20240409;100615;7795;63;10077948630;B
20240409;100615;7795;2;10077948631;B
20240409;100615;7795;35;10077948632;B
20240409;100615;7795.5;46;10077948633;B
20240409;100615;7795.5;20;10077948634;B
20240409;100615;7795.5;10;10077948635;B
20240409;100615;7796;1;10077948636;B
20240409;100615;7796;2;10077948637;B
20240409;100615;7796;15;10077948638;B
20240409;100615;7796;5;10077948639;B
20240409;100615;7796;8;10077948640;B
20240409;100615;7796;4;10077948641;B
20240409;100615;7796;161;10077948642;B
20240409;100615;7796;58;10077948643;B
20240409;100615;7793.5;10;10077948644;S
20240409;100615;7793.5;10;10077948645;B
20240409;100615;7793;1;10077948647;B
20240409;100615;7793;9;10077948675;B
20240409;100615;7793.5;10;10077948676;B
20240409;100615;7793.5;10;10077948677;B
20240409;100615;7794.5;21;10077948678;B
20240409;100615;7793;33;10077948742;S
20240409;100615;7793;17;10077948743;S
20240409;100615;7792.5;40;10077948744;S
20240409;100615;7792.5;10;10077948745;S
20240409;100615;7795;4;10077948775;B
20240409;100615;7795;8;10077948776;B
20240409;100615;7794;2;10077948784;B
20240409;100616;7792.5;1;10077949011;B
20240409;100617;7792.5;2;10077949066;B
20240409;100617;7792;2;10077949134;S
20240409;100618;7792;3;10077949406;S
20240409;100620;7792.5;1;10077949760;B
20240409;100620;7793;1;10077949761;B
20240409;100620;7793;3;10077949762;B
20240409;100622;7793.5;6;10077950284;B
20240409;100623;7792;5;10077950658;S
20240409;100623;7792;25;10077950659;S
20240409;100624;7793;1;10077950761;B
20240409;100626;7793.5;4;10077951215;B
20240409;100626;7793.5;23;10077951277;B
20240409;100626;7793.5;39;10077951278;B
20240409;100626;7793.5;10;10077951279;B
20240409;100626;7793.5;1;10077951280;B
20240409;100626;7793.5;5;10077951281;B
20240409;100626;7793.5;2;10077951282;B
20240409;100626;7794;62;10077951283;B
20240409;100626;7794;3;10077951284;B
20240409;100626;7794;4;10077951285;B
20240409;100626;7794;20;10077951286;B
20240409;100626;7794.5;17;10077951287;B
20240409;100626;7794.5;14;10077951288;B
20240409;100626;7794;33;10077951364;B
20240409;100626;7794;39;10077951365;B
20240409;100626;7794;10;10077951366;B
20240409;100626;7794.5;36;10077951367;B
20240409;100626;7794.5;50;10077951368;S
20240409;100626;7794.5;50;10077951369;S
20240409;100626;7794.5;15;10077951370;S
20240409;100626;7792.5;3;10077951437;S
20240409;100627;7792;2;10077951601;S
20240409;100628;7793.5;8;10077951862;B
20240409;100628;7793.5;25;10077952027;B
20240409;100629;7794;39;10077952115;B
20240409;100629;7794;20;10077952116;B
20240409;100629;7794;33;10077952117;B
20240409;100629;7794.5;32;10077952118;B
20240409;100631;7794.5;1;10077952660;B
20240409;100631;7794.5;2;10077952687;B
20240409;100631;7794.5;50;10077952688;B
20240409;100631;7794.5;10;10077952689;B
20240409;100631;7794.5;10;10077952690;B
20240409;100631;7794.5;33;10077952691;B
20240409;100631;7794.5;39;10077952692;B
20240409;100631;7795;2;10077952693;B
20240409;100631;7795;50;10077952694;B
20240409;100631;7795;2;10077952695;B
20240409;100631;7795;2;10077952696;B
20240409;100631;7793.5;4;10077952784;S
20240409;100632;7795;1;10077952893;B
20240409;100632;7795;1;10077952894;B
20240409;100632;7795;5;10077952895;B
20240409;100632;7795;1;10077952896;B
20240409;100632;7795;100;10077952897;B
20240409;100632;7795;1;10077952898;B
20240409;100632;7795;2;10077952899;B
20240409;100632;7795;10;10077952900;B
20240409;100632;7795;2;10077952901;B
20240409;100632;7795;6;10077952902;B
20240409;100632;7795;20;10077952903;B
20240409;100632;7795;10;10077952904;B
20240409;100632;7795.5;141;10077952905;B
20240409;100632;7794;10;10077952906;S
20240409;100632;7794;2;10077952985;B
20240409;100632;7793.5;20;10077953021;S
20240409;100632;7794;3;10077953060;B
20240409;100632;7793.5;41;10077953076;S
20240409;100632;7794;5;10077953077;B
20240409;100632;7793.5;3;10077953078;S
20240409;100632;7793.5;5;10077953079;S
20240409;100632;7793.5;2;10077953080;S
20240409;100632;7793;1;10077953081;S
20240409;100632;7793;1;10077953082;S
20240409;100632;7793;5;10077953083;S
20240409;100632;7793;4;10077953084;S
20240409;100632;7792.5;4;10077953085;S
20240409;100632;7792.5;1;10077953086;S
20240409;100632;7792.5;5;10077953088;S
20240409;100632;7792.5;2;10077953089;S
20240409;100633;7793.5;2;10077953104;S
20240409;100633;7792.5;2;10077953105;S
20240409;100633;7792.5;1;10077953106;S
20240409;100633;7792.5;2;10077953109;S
20240409;100633;7792.5;3;10077953110;S
20240409;100633;7792.5;2;10077953111;S
20240409;100633;7792.5;3;10077953112;S
20240409;100633;7792.5;2;10077953113;S
20240409;100633;7792.5;1;10077953114;S
20240409;100633;7792.5;26;10077953116;S
20240409;100633;7792;10;10077953117;S
20240409;100633;7792;20;10077953118;S
20240409;100633;7792;2;10077953119;S
20240409;100633;7792;2;10077953120;S
20240409;100633;7792;2;10077953136;S
20240409;100633;7792;2;10077953138;S
20240409;100633;7792;2;10077953140;S
20240409;100633;7792;1;10077953141;S
20240409;100633;7792;2;10077953142;S
20240409;100633;7792;2;10077953143;S
20240409;100633;7792;6;10077953144;S
20240409;100633;7793;20;10077953149;B
20240409;100634;7793.5;10;10077953422;B
20240409;100634;7793.5;10;10077953423;B
20240409;100636;7793.5;1;10077953918;S
20240409;100636;7793.5;10;10077953970;S
20240409;100636;7793.5;10;10077953972;S
20240409;100637;7794;10;10077954247;B
20240409;100637;7794;10;10077954248;B
20240409;100638;7793.5;10;10077954370;S
20240409;100638;7794;1;10077954543;B
20240409;100639;7794;10;10077954802;B
20240409;100639;7794;2;10077954803;B
20240409;100639;7794;1;10077954804;B
20240409;100640;7794;19;10077954988;B
20240409;100640;7794;7;10077955023;B
20240409;100641;7793.5;8;10077955075;S
20240409;100641;7793.5;1;10077955076;S
20240409;100641;7793;12;10077955077;S
20240409;100641;7793;19;10077955078;S
20240409;100641;7792.5;9;10077955079;S
20240409;100641;7792;4;10077955080;S
20240409;100641;7792;1;10077955081;S
20240409;100641;7792;10;10077955082;S
20240409;100641;7791.5;20;10077955083;S
20240409;100641;7793.5;1;10077955131;B
20240409;100642;7793.5;2;10077955204;B
20240409;100642;7792;1;10077955405;S
20240409;100644;7793;1;10077955665;B
20240409;100644;7793;2;10077955666;B
20240409;100644;7793.5;29;10077955667;B
20240409;100644;7793;1;10077955820;B
20240409;100644;7794;9;10077955821;B
20240409;100645;7794;5;10077956073;B
20240409;100647;7792;1;10077956470;S
20240409;100648;7794;10;10077956588;B
20240409;100652;7794;9;10077957405;B
20240409;100652;7794;19;10077957406;B
20240409;100652;7794;25;10077957407;B
20240409;100652;7794;1;10077957408;B
20240409;100652;7794;10;10077957409;B
20240409;100652;7795;10;10077957410;B
20240409;100652;7795;40;10077957411;B
20240409;100652;7795;20;10077957412;B
20240409;100652;7795;17;10077957413;B
20240409;100652;7795;20;10077957414;B
20240409;100652;7795;1;10077957415;B
20240409;100652;7795;20;10077957416;B
20240409;100652;7795;1;10077957417;B
20240409;100652;7795.5;1058;10077957418;B
20240409;100652;7795.5;1;10077957419;B
20240409;100652;7795.5;13;10077957420;B
20240409;100652;7795.5;20;10077957421;S
20240409;100652;7795.5;1;10077957422;S
20240409;100652;7794;10;10077957462;S
20240409;100653;7794;1;10077957846;S
20240409;100653;7794;1;10077957955;S
20240409;100653;7794;3;10077957956;S
20240409;100653;7794;3;10077957957;S
20240409;100654;7794;20;10077957998;B
20240409;100655;7794;21;10077958395;B
20240409;100655;7794.5;19;10077958396;B
20240409;100655;7795;1;10077958397;B
20240409;100655;7795;10;10077958398;B
20240409;100655;7795;39;10077958399;B
20240409;100655;7795.5;19;10077958400;B
20240409;100655;7795.5;20;10077958401;B
20240409;100655;7795.5;20;10077958402;B
20240409;100655;7796;10;10077958403;B
20240409;100655;7796;5;10077958404;B
20240409;100655;7796;1;10077958405;B
20240409;100655;7796;2;10077958406;B
20240409;100655;7796;28;10077958407;B
20240409;100655;7796.5;5;10077958408;B
20240409;100655;7794;10;10077958409;S
20240409;100656;7793.5;10;10077958599;S
20240409;100656;7793.5;10;10077958600;S
20240409;100657;7794.5;1;10077958833;B
20240409;100657;7794.5;3;10077958837;B
20240409;100657;7794;1;10077959025;S
20240409;100657;7793;1;10077959053;S
20240409;100659;7794;1;10077959611;B
20240409;100700;7794;3;10077959712;B
20240409;100700;7794;1;10077959732;B
20240409;100700;7794;1;10077959798;B
20240409;100700;7794;1;10077959799;B
20240409;100701;7794;6;10077959848;B
20240409;100701;7794;2;10077959967;B
20240409;100701;7793.5;3;10077959992;S
20240409;100702;7794;20;10077960077;B
20240409;100702;7793.5;5;10077960939;S
20240409;100702;7793;9;10077960940;S
20240409;100702;7793;6;10077960941;S
20240409;100702;7793.5;39;10077960997;B
20240409;100703;7794.5;3;10077961253;B
20240409;100705;7794.5;1;10077961828;B
20240409;100705;7794.5;49;10077961829;B
20240409;100705;7795;51;10077961830;B
20240409;100706;7794;1;10077961891;S
20240409;100707;7794.5;1;10077962328;B
20240409;100707;7794.5;10;10077962329;S
20240409;100707;7794.5;10;10077962330;S
20240409;100707;7794.5;10;10077962343;S
20240409;100708;7794.5;1;10077962359;S
20240409;100708;7795;1;10077962382;B
20240409;100709;7794;1;10077962532;S
20240409;100709;7794;1;10077962629;S
20240409;100709;7794;1;10077962672;S
20240409;100710;7795;19;10077962851;B
20240409;100710;7794.5;4;10077962923;B
20240409;100710;7795;11;10077962924;B
20240409;100711;7794.5;1;10077963201;S
20240409;100712;7795;6;10077963308;B
20240409;100712;7795;50;10077963309;B
20240409;100712;7795;1;10077963325;S
20240409;100712;7795.5;6;10077963466;B
20240409;100712;7796;3;10077963679;S
20240409;100713;7796;1;10077963776;S
20240409;100714;7796;1;10077964229;B
20240409;100714;7796;1;10077964259;B
20240409;100714;7796.5;37;10077964398;B
20240409;100715;7796.5;3;10077964682;B
20240409;100715;7796.5;1;10077964710;B
20240409;100716;7796.5;12;10077964768;B
20240409;100716;7796.5;1;10077964896;B
20240409;100717;7796.5;6;10077965052;B
20240409;100717;7796;39;10077965101;S
20240409;100717;7796;50;10077965102;S
20240409;100717;7796;11;10077965103;S
20240409;100717;7796;9;10077965104;S
20240409;100717;7796;41;10077965105;S
20240409;100717;7796;9;10077965106;S
20240409;100718;7796;41;10077965177;B
20240409;100718;7796;18;10077965178;B
20240409;100718;7796.5;35;10077965179;B
20240409;100718;7796.5;2;10077965180;B
20240409;100718;7796.5;4;10077965181;B
20240409;100718;7796.5;4;10077965182;B
20240409;100718;7796.5;20;10077965183;B
20240409;100718;7796.5;10;10077965184;B
20240409;100718;7797;1;10077965185;B
20240409;100718;7797;1;10077965186;B
20240409;100718;7797;1;10077965187;B
20240409;100718;7797;1;10077965188;B
20240409;100718;7797;1;10077965189;B
20240409;100718;7797;5;10077965190;B
20240409;100718;7797;20;10077965191;B
20240409;100718;7797;1;10077965192;B
20240409;100718;7797;1;10077965193;B
20240409;100718;7797;50;10077965194;B
20240409;100718;7797.5;1;10077965195;B
20240409;100718;7797.5;57;10077965196;B
20240409;100718;7796.5;1;10077965259;B
20240409;100718;7796.5;3;10077965293;B
20240409;100718;7796;3;10077965301;S
20240409;100718;7796;7;10077965302;S
20240409;100718;7796;3;10077965337;S
20240409;100718;7796;50;10077965338;S
20240409;100718;7796;18;10077965339;S
20240409;100718;7796;50;10077965340;S
20240409;100718;7796;28;10077965341;S
20240409;100718;7796;33;10077965342;S
20240409;100718;7796;39;10077965343;S
20240409;100718;7796;25;10077965346;B
20240409;100718;7796;3;10077965358;B
20240409;100718;7796;5;10077965418;B
20240409;100719;7795.5;15;10077965448;S
20240409;100719;7796;1;10077965455;B
20240409;100719;7796;3;10077965499;B
20240409;100719;7796;1;10077965538;B
20240409;100720;7796;165;10077965600;B
20240409;100721;7795;42;10077965882;S
20240409;100721;7795;18;10077965883;S
20240409;100721;7795;21;10077965884;S
20240409;100721;7795.5;5;10077965936;B
20240409;100721;7795.5;3;10077965984;B
20240409;100724;7795;1;10077966388;B
20240409;100724;7795;1;10077966638;B
20240409;100724;7795.5;1;10077966639;B
20240409;100724;7795.5;18;10077966640;B
20240409;100724;7796;32;10077966641;B
20240409;100725;7795.5;1;10077966727;B
20240409;100727;7795.5;1;10077967069;B
20240409;100727;7795;1;10077967097;B
20240409;100727;7795;2;10077967158;B
20240409;100727;7795;30;10077967253;B
20240409;100727;7795.5;48;10077967254;B
20240409;100727;7795.5;39;10077967255;B
20240409;100727;7795.5;10;10077967256;B
20240409;100727;7795.5;18;10077967257;B
20240409;100727;7796;103;10077967258;B
20240409;100728;7796;38;10077967331;B
20240409;100729;7796;9;10077967479;B
20240409;100730;7796;4;10077967714;B
20240409;100730;7796;2;10077967924;B
20240409;100731;7796;7;10077968056;B
20240409;100731;7796;1;10077968069;B
20240409;100731;7795.5;2;10077968130;S
20240409;100732;7795.5;5;10077968372;S
20240409;100732;7796;76;10077968408;B
20240409;100733;7795.5;1;10077968584;S
20240409;100734;7795.5;5;10077968843;S
20240409;100734;7796;1;10077968927;B
20240409;100735;7795.5;1;10077968963;S
20240409;100735;7796;30;10077968998;B
20240409;100736;7796;1;10077969148;B
20240409;100736;7796;10;10077969181;B
20240409;100737;7795.5;3;10077969496;S
20240409;100737;7796;2;10077969522;B
20240409;100739;7796;1;10077970079;B
20240409;100739;7796;2;10077970123;B
20240409;100740;7796;2;10077970346;B
20240409;100741;7796;152;10077970645;B
20240409;100742;7796;1;10077970892;B
20240409;100742;7796;20;10077970921;B
20240409;100743;7796;1;10077971063;B
20240409;100743;7795.5;5;10077971227;S
20240409;100745;7796;12;10077971457;B
20240409;100745;7796;69;10077971491;B
20240409;100745;7796;50;10077971492;B
20240409;100745;7796;1;10077971493;B
20240409;100745;7796;10;10077971494;B
20240409;100745;7796;4;10077971495;B
20240409;100745;7795.5;9;10077971508;S
20240409;100745;7795.5;14;10077971509;S
20240409;100745;7795.5;1;10077971525;S
20240409;100747;7796;1;10077972020;B
20240409;100748;7796;2;10077972265;B
20240409;100749;7796;8;10077972435;B
20240409;100749;7796;1;10077972525;B
20240409;100752;7796;35;10077973246;B
20240409;100752;7796;6;10077973267;B
20240409;100752;7795.5;1;10077973323;S
20240409;100753;7796;23;10077973387;B
20240409;100754;7796;1;10077973771;B
20240409;100755;7796;2;10077973968;B
20240409;100756;7795.5;1;10077974174;S
20240409;100756;7796;100;10077974257;B
20240409;100757;7796;67;10077974438;B
20240409;100757;7796;1;10077974439;B
20240409;100757;7796;1;10077974440;B
20240409;100757;7796;1;10077974441;B
20240409;100757;7796;25;10077974442;B
20240409;100757;7796;2;10077974443;B
20240409;100757;7796;5;10077974444;B
20240409;100757;7796;45;10077974445;B
20240409;100757;7796;14;10077974494;B
20240409;100757;7796;2;10077974571;B
20240409;100758;7796;11;10077974699;B
20240409;100758;7796;7;10077974763;B
20240409;100758;7796;1;10077974800;B
20240409;100759;7795.5;17;10077974820;S
20240409;100759;7795.5;3;10077974821;S
20240409;100759;7796;30;10077974869;B
20240409;100759;7796;3;10077974979;B
20240409;100800;7795.5;2;10077975170;S
20240409;100800;7795.5;1;10077975238;S
20240409;100800;7795.5;28;10077975239;S
20240409;100800;7795.5;10;10077975240;S
20240409;100800;7795.5;29;10077975241;S
20240409;100800;7796;3;10077975245;B
20240409;100801;7796;1;10077975482;B
20240409;100802;7796;2;10077975747;B
20240409;100802;7796;1;10077975748;B
20240409;100802;7796;2;10077975749;B
20240409;100802;7795.5;1;10077975755;S
20240409;100802;7796;1;10077975902;B
20240409;100803;7796.5;1;10077976035;B
20240409;100803;7796;1;10077976351;S
20240409;100805;7796.5;1;10077976900;B
20240409;100808;7796;19;10077977398;S
20240409;100808;7796;436;10077977399;S
20240409;100808;7796.5;10;10077977441;B
20240409;100810;7796.5;2;10077977813;B
20240409;100810;7796;5;10077977907;S
20240409;100810;7796;101;10077977967;S
20240409;100811;7796.5;2;10077978264;B
20240409;100811;7796.5;1;10077978265;B
20240409;100812;7796.5;1;10077978457;B
20240409;100812;7796.5;1;10077978503;B
20240409;100813;7796;1;10077978710;S
20240409;100813;7796.5;7;10077978747;B
20240409;100814;7796.5;14;10077979041;B
20240409;100815;7796.5;1;10077979100;B
20240409;100815;7796.5;19;10077979101;B
20240409;100815;7796.5;10;10077979102;B
20240409;100815;7797;5;10077979103;B
20240409;100815;7797;1;10077979104;B
20240409;100815;7797;5;10077979105;B
20240409;100815;7797;33;10077979106;B
20240409;100815;7797;50;10077979107;B
20240409;100815;7797.5;1;10077979108;B
20240409;100815;7797.5;1;10077979109;B
20240409;100815;7797.5;9;10077979110;B
20240409;100815;7797.5;10;10077979111;B
20240409;100815;7797.5;17;10077979112;B
20240409;100815;7797.5;39;10077979113;B
20240409;100815;7797.5;10;10077979114;B
20240409;100815;7798;30;10077979115;B
20240409;100815;7798;12;10077979116;B
20240409;100815;7796.5;1;10077979177;B
20240409;100815;7796.5;10;10077979196;B
20240409;100815;7796;2;10077979230;S
20240409;100816;7796.5;1;10077979486;B
20240409;100817;7796.5;3;10077979652;B
20240409;100817;7797;3;10077979660;B
20240409;100817;7797;10;10077979661;B
20240409;100817;7797;9;10077979662;B
20240409;100818;7798;3;10077979799;B
20240409;100818;7797.5;15;10077979870;S
20240409;100818;7798;1;10077979876;B
20240409;100819;7797.5;1;10077979928;B
20240409;100819;7796.5;10;10077979968;S
20240409;100819;7797.5;10;10077980206;B
20240409;100819;7798;96;10077980207;B
20240409;100821;7797.5;33;10077980452;S
20240409;100821;7797.5;17;10077980453;S
20240409;100821;7798;63;10077980523;B
20240409;100821;7798;2;10077980524;B
20240409;100821;7798;1;10077980525;B
20240409;100821;7798;20;10077980526;B
20240409;100821;7798;1;10077980527;B
20240409;100821;7798;2;10077980528;B
20240409;100821;7798;1;10077980529;B
20240409;100821;7798;10;10077980530;B
20240409;100821;7798;20;10077980531;B
20240409;100821;7798;25;10077980532;B
20240409;100821;7798;5;10077980533;B
20240409;100821;7798;2;10077980534;B
20240409;100821;7798;1;10077980535;B
20240409;100821;7798;2;10077980536;B
20240409;100821;7798;5;10077980537;B
20240409;100821;7798;1;10077980538;B
20240409;100821;7798;10;10077980539;B
20240409;100821;7798.5;1;10077980540;B
20240409;100821;7798.5;2;10077980541;B
20240409;100821;7798.5;2;10077980542;B
20240409;100821;7798.5;50;10077980543;B
20240409;100821;7798.5;10;10077980544;B
20240409;100821;7798.5;19;10077980545;B
20240409;100821;7799;2;10077980546;B
20240409;100821;7799;1;10077980547;B
20240409;100821;7799;1;10077980548;B
20240409;100821;7799;1;10077980549;B
20240409;100821;7799;6;10077980550;B
20240409;100821;7799;3;10077980551;B
20240409;100821;7799;5;10077980552;B
20240409;100821;7799;5;10077980553;B
20240409;100821;7799;1;10077980554;B
20240409;100821;7799;2;10077980555;B
20240409;100821;7799;3;10077980556;B
20240409;100821;7799;1;10077980557;B
20240409;100821;7799;2;10077980558;B
20240409;100821;7799;1;10077980559;B
20240409;100821;7799;3;10077980560;B
20240409;100821;7799;10;10077980561;B
20240409;100821;7799;3;10077980562;B
20240409;100821;7799;5;10077980563;B
20240409;100821;7799;50;10077980564;B
20240409;100821;7799;10;10077980565;B
20240409;100821;7799;17;10077980566;B
20240409;100821;7799;50;10077980567;S
20240409;100821;7799;50;10077980568;S
20240409;100821;7799;50;10077980574;S
20240409;100821;7799;50;10077980575;S
20240409;100821;7799;50;10077980576;S
20240409;100821;7799;50;10077980578;S
20240409;100821;7799;10;10077980586;S
20240409;100821;7799;10;10077980587;S
20240409;100821;7799;30;10077980589;S
20240409;100821;7799;30;10077980590;S
20240409;100821;7799;20;10077980591;S
20240409;100821;7799;10;10077980592;S
20240409;100821;7799;50;10077980593;S
20240409;100821;7799;50;10077980594;S
20240409;100821;7799;50;10077980595;S
20240409;100821;7799;50;10077980596;S
20240409;100821;7799;50;10077980597;S
20240409;100821;7799;50;10077980598;S
20240409;100821;7799;40;10077980599;S
20240409;100821;7799;50;10077980600;S
20240409;100821;7799;50;10077980601;S
20240409;100821;7799;20;10077980602;S
20240409;100821;7799;50;10077980603;S
20240409;100821;7799;20;10077980604;S
20240409;100821;7799;1;10077980618;S
20240409;100821;7799;15;10077980619;S
20240409;100821;7799;50;10077980620;S
20240409;100821;7799;20;10077980621;S
20240409;100821;7799;4;10077980623;S
20240409;100821;7798.5;19;10077980624;S
20240409;100821;7796.5;5;10077980629;S
20240409;100821;7796.5;6;10077980630;S
20240409;100821;7797;1;10077980666;B
20240409;100822;7797;9;10077981184;B
20240409;100822;7797;17;10077981185;B
20240409;100822;7797;2;10077981186;B
20240409;100822;7797;33;10077981204;B
20240409;100822;7797;7;10077981205;B
20240409;100823;7797;5;10077981331;B
20240409;100824;7797;16;10077981525;B
20240409;100824;7796.5;1;10077981557;S
20240409;100824;7796.5;1;10077981690;S
20240409;100824;7796.5;2;10077981717;S
20240409;100825;7797;1;10077981891;B
20240409;100826;7797;10;10077982072;B
20240409;100826;7797;11;10077982190;B
20240409;100826;7797;10;10077982191;B
20240409;100826;7797;7;10077982192;B
20240409;100826;7797;20;10077982193;B
20240409;100826;7797;2;10077982194;B
20240409;100828;7797.5;5;10077982578;B
20240409;100829;7797.5;18;10077982699;B
20240409;100830;7797;3;10077982840;S
20240409;100830;7796.5;11;10077982841;S
20240409;100830;7797;10;10077982855;B
20240409;100830;7797;40;10077982856;B
20240409;100830;7797;10;10077982959;B
20240409;100830;7796.5;4;10077983017;S
20240409;100830;7796.5;1;10077983018;S
20240409;100832;7798;25;10077983456;B
20240409;100832;7798;5;10077983473;B
20240409;100832;7798;1;10077983498;B
20240409;100836;7797;1;10077984276;S
20240409;100836;7798;1;10077984298;B
20240409;100837;7798;3;10077984650;B
20240409;100837;7798;2;10077984682;B
20240409;100838;7797;13;10077984890;S
20240409;100839;7797;10;10077985122;S
20240409;100840;7798;10;10077985501;B
20240409;100840;7798;10;10077985502;B
20240409;100840;7798;1;10077985503;B
20240409;100840;7798;1;10077985504;B
20240409;100840;7798;30;10077985505;B
20240409;100840;7798;10;10077985506;B
20240409;100840;7798;16;10077985507;B
20240409;100840;7798;10;10077985508;B
20240409;100840;7798;5;10077985509;B
20240409;100840;7798.5;14;10077985510;B
20240409;100840;7798.5;1;10077985511;B
20240409;100840;7798.5;28;10077985512;B
20240409;100840;7798.5;22;10077985513;B
20240409;100840;7798.5;2;10077985514;B
20240409;100840;7798.5;3;10077985515;B
20240409;100840;7798.5;6;10077985516;B
20240409;100840;7798.5;19;10077985517;B
20240409;100840;7799;50;10077985518;B
20240409;100840;7799;1;10077985519;B
20240409;100840;7799;2;10077985520;B
20240409;100840;7799;1;10077985521;B
20240409;100840;7799;5;10077985522;B
20240409;100840;7799;17;10077985523;B
20240409;100840;7799;1;10077985524;B
20240409;100840;7799;1;10077985525;B
20240409;100840;7799;1;10077985526;B
20240409;100840;7799;1;10077985527;B
20240409;100840;7799;6;10077985528;B
20240409;100840;7799;5;10077985529;B
20240409;100840;7799;2;10077985530;B
20240409;100840;7799;5;10077985531;B
20240409;100840;7799.5;10;10077985532;B
20240409;100840;7799;50;10077985533;B
20240409;100840;7799.5;1;10077985534;B
20240409;100840;7799.5;3;10077985535;B
20240409;100840;7799.5;1;10077985536;B
20240409;100840;7799.5;1;10077985537;B
20240409;100840;7799.5;1;10077985538;B
20240409;100840;7799.5;10;10077985539;B
20240409;100840;7799.5;100;10077985540;B
20240409;100840;7799.5;5;10077985541;B
20240409;100840;7799.5;40;10077985542;B
20240409;100840;7799.5;10;10077985543;B
20240409;100840;7799.5;1;10077985544;B
20240409;100840;7799.5;1;10077985545;B
20240409;100840;7799.5;10;10077985546;B
20240409;100840;7799.5;1;10077985547;B
20240409;100840;7799.5;1;10077985548;B
20240409;100840;7799.5;40;10077985549;B
20240409;100840;7799.5;85;10077985550;B
20240409;100840;7799.5;10;10077985551;B
20240409;100840;7799.5;3;10077985552;B
20240409;100840;7799.5;1;10077985553;B
20240409;100840;7799.5;10;10077985554;B
20240409;100840;7800;10;10077985555;B
20240409;100840;7800;5;10077985556;B
20240409;100840;7800;4;10077985557;B
20240409;100840;7800;5;10077985558;B
20240409;100840;7800;1;10077985559;B
20240409;100840;7800;2;10077985560;B
20240409;100840;7800;4;10077985561;B
20240409;100840;7800;1;10077985562;B
20240409;100840;7800;11;10077985563;B
20240409;100840;7800;1;10077985564;B
20240409;100840;7800;1;10077985565;B
20240409;100840;7800;1;10077985566;B
20240409;100840;7800;10;10077985567;B
20240409;100840;7800;4;10077985568;B
20240409;100840;7800;1;10077985569;B
20240409;100840;7800;1;10077985570;B
20240409;100840;7800;1;10077985571;B
20240409;100840;7800;8;10077985572;B
20240409;100840;7800;1;10077985573;B
20240409;100840;7800;10;10077985574;B
20240409;100840;7800;1;10077985575;B
20240409;100840;7800;1;10077985576;B
20240409;100840;7800;5;10077985577;B
20240409;100840;7800;1;10077985578;B
20240409;100840;7800;1;10077985579;B
20240409;100840;7800;1;10077985580;B
20240409;100840;7800;10;10077985581;B
20240409;100840;7800;39;10077985582;B
20240409;100840;7800;26;10077985583;B
20240409;100840;7800;2;10077985584;B
20240409;100840;7800;5;10077985585;B
20240409;100840;7800;41;10077985586;B
20240409;100840;7799.5;30;10077985591;S
20240409;100840;7799.5;3;10077985592;S
20240409;100840;7799.5;21;10077985593;S
20240409;100840;7799.5;4;10077985594;S
20240409;100840;7799.5;2;10077985595;S
20240409;100840;7799.5;10;10077985596;B
20240409;100840;7799.5;50;10077985597;B
20240409;100840;7799.5;10;10077985598;B
20240409;100840;7799;10;10077985599;B
20240409;100840;7798;1;10077985603;S
20240409;100841;7799;10;10077985610;B
20240409;100841;7798;2;10077985625;S
20240409;100841;7798;6;10077985626;S
20240409;100841;7798;3;10077985635;S
20240409;100841;7798;15;10077985654;S
20240409;100841;7798;2;10077985661;S
20240409;100841;7798.5;4;10077985675;B
20240409;100841;7797.5;2;10077985694;S
20240409;100841;7798.5;6;10077985751;B
20240409;100841;7798.5;33;10077985752;B
20240409;100841;7799;30;10077985753;B
20240409;100841;7799;39;10077985754;B
20240409;100841;7799;21;10077985755;B
20240409;100841;7799;3;10077985756;B
20240409;100841;7799;7;10077985757;B
20240409;100841;7799.5;40;10077985758;B
20240409;100841;7799.5;21;10077985759;B
20240409;100841;7797.5;19;10077985760;S
20240409;100841;7797.5;50;10077985761;S
20240409;100841;7797.5;50;10077985762;S
20240409;100841;7797;20;10077985763;S
20240409;100841;7797;1;10077985764;S
20240409;100841;7797;50;10077985765;S
20240409;100841;7797;17;10077985766;S
20240409;100841;7797;10;10077985767;S
20240409;100841;7796.5;9;10077985768;S
20240409;100841;7796.5;1;10077985769;S
20240409;100841;7796.5;69;10077985770;S
20240409;100841;7796.5;40;10077985771;S
20240409;100841;7796;256;10077985772;S
20240409;100841;7796;2;10077985773;S
20240409;100841;7796;46;10077985774;S
20240409;100841;7796;2;10077985775;S
20240409;100841;7796;41;10077985776;S
20240409;100841;7796;1;10077985777;S
20240409;100841;7796;2;10077985778;S
20240409;100841;7796;20;10077985779;S
20240409;100841;7796;40;10077985780;S
20240409;100841;7795.5;40;10077985781;S
20240409;100841;7795.5;40;10077985782;S
20240409;100841;7795.5;5;10077985783;S
20240409;100841;7795;9;10077985784;S
20240409;100841;7795;50;10077985785;S
20240409;100841;7795;2;10077985786;S
20240409;100841;7795;10;10077985787;S
20240409;100841;7795;30;10077985788;S
20240409;100841;7794.5;50;10077985789;S
20240409;100841;7794.5;28;10077985790;S
20240409;100841;7794;10;10077985791;S
20240409;100841;7794;90;10077985792;S
20240409;100841;7794;15;10077985793;S
20240409;100841;7794;30;10077985794;S
20240409;100841;7795;2;10077985797;S
20240409;100841;7795;1;10077985799;S
20240409;100841;7794;1;10077985802;S
20240409;100841;7794;10;10077985804;S
20240409;100841;7794;4;10077985805;S
20240409;100841;7795;10;10077985806;B
20240409;100841;7795;5;10077985807;B
20240409;100841;7794;1;10077985808;S
20240409;100841;7794;1;10077985809;S
20240409;100841;7794;1;10077985810;S
20240409;100841;7794;2;10077985811;S
20240409;100841;7794;2;10077985812;S
20240409;100841;7794;5;10077985813;S
20240409;100841;7794;3;10077985814;S
20240409;100841;7794;3;10077985816;S
20240409;100841;7795;1;10077985819;B
20240409;100841;7794;7;10077985838;S
20240409;100841;7794;3;10077985839;S
20240409;100841;7795;30;10077985840;B
20240409;100841;7794;2;10077985841;S
20240409;100841;7795;14;10077985859;B
20240409;100841;7795.5;26;10077985860;B
20240409;100841;7795.5;1;10077985877;B
20240409;100841;7794;1;10077985881;S
20240409;100841;7794;2;10077985882;S
20240409;100841;7794;1;10077985883;S
20240409;100841;7794;2;10077985884;S
20240409;100841;7794;2;10077985886;S
20240409;100841;7794;43;10077985890;S
20240409;100841;7794;10;10077985891;S
20240409;100841;7793.5;247;10077985892;S
20240409;100841;7794;2;10077985893;S
20240409;100841;7794;1;10077985894;S
20240409;100841;7793.5;1;10077985895;S
20240409;100841;7793.5;10;10077985896;S
20240409;100841;7793.5;1;10077985897;S
20240409;100841;7793.5;1;10077985898;S
20240409;100841;7793.5;1;10077985899;S
20240409;100841;7793.5;9;10077985900;S
20240409;100842;7794;1;10077985939;B
20240409;100842;7794;29;10077985940;B
20240409;100842;7793.5;4;10077986087;S
20240409;100842;7793.5;9;10077986088;S
20240409;100842;7793.5;2;10077986137;S
20240409;100843;7794;6;10077986462;B
20240409;100843;7794;2;10077986479;B
20240409;100843;7794;2;10077986525;B
20240409;100844;7793.5;12;10077986581;S
20240409;100844;7793.5;7;10077986659;S
20240409;100846;7794.5;4;10077987026;B
20240409;100846;7794;5;10077987180;B
20240409;100846;7794;19;10077987258;B
20240409;100846;7794.5;1;10077987259;B
20240409;100847;7794.5;5;10077987384;B
20240409;100847;7794.5;1;10077987486;B
20240409;100849;7794;2;10077987792;S
20240409;100849;7793.5;1;10077987793;S
20240409;100849;7794.5;6;10077987795;B
20240409;100849;7794.5;2;10077987878;B
20240409;100850;7794.5;1;10077987910;B
20240409;100851;7794;1;10077988061;B
20240409;100851;7794;1;10077988178;B
20240409;100852;7794;7;10077988272;B
20240409;100854;7794;1;10077988684;B
20240409;100854;7794;6;10077988685;B
20240409;100854;7795;2;10077988714;B
20240409;100855;7794;8;10077988885;S
20240409;100857;7794;2;10077989378;S
20240409;100857;7794;1;10077989379;S
20240409;100857;7795;11;10077989386;B
20240409;100857;7795;1;10077989430;B
20240409;100858;7794.5;2;10077989539;S
20240409;100859;7795;36;10077989765;B
20240409;100859;7795;5;10077989766;B
20240409;100859;7795;4;10077989767;B
20240409;100859;7795;100;10077989768;B
20240409;100859;7795.5;23;10077989769;B
20240409;100859;7795.5;5;10077989770;B
20240409;100859;7795.5;20;10077989771;B
20240409;100859;7795.5;7;10077989772;B
20240409;100859;7795.5;5;10077989776;S
20240409;100859;7796.5;7;10077989777;B
20240409;100900;7796;5;10077989914;B
20240409;100901;7795;8;10077989957;S
20240409;100905;7794.5;5;10077990659;S
20240409;100906;7795;17;10077990741;B
20240409;100906;7795;3;10077990742;B
20240409;100906;7795;25;10077990807;B
20240409;100906;7795;17;10077990808;B
20240409;100906;7795.5;20;10077990809;B
20240409;100906;7795.5;50;10077990810;B
20240409;100906;7796;10;10077990811;B
20240409;100906;7796;9;10077990846;S
20240409;100908;7796;20;10077991153;S
20240409;100908;7796;1;10077991231;S
20240409;100910;7796;200;10077991583;S
20240409;100914;7796;80;10077992246;S
20240409;100914;7796;2;10077992278;S
20240409;100915;7796;1;10077992402;S
20240409;100915;7796.5;7;10077992430;B
20240409;100916;7796.5;3;10077992634;B
20240409;100916;7796.5;2;10077992635;B
20240409;100916;7796.5;3;10077992636;B
20240409;100916;7796.5;17;10077992637;B
20240409;100916;7796.5;20;10077992638;B
20240409;100916;7796.5;50;10077992639;B
20240409;100916;7796.5;5;10077992640;B
20240409;100917;7796.5;6;10077992877;B
20240409;100918;7796;8;10077992922;S
20240409;100918;7796;75;10077992989;S
20240409;100918;7796;10;10077992990;S
20240409;100919;7796;5;10077993124;S
20240409;100919;7796.5;4;10077993128;B
20240409;100919;7796.5;20;10077993129;B
20240409;100919;7797;3;10077993130;B
20240409;100919;7797;33;10077993131;B
20240409;100920;7796.5;2;10077993359;B
20240409;100920;7796.5;8;10077993370;B
20240409;100920;7797;17;10077993371;B
20240409;100920;7797;17;10077993372;B
20240409;100920;7797;32;10077993373;B
20240409;100920;7797.5;26;10077993374;B
20240409;100920;7797;1;10077993451;B
20240409;100921;7797;2;10077993567;B
20240409;100921;7797;2;10077993707;B
20240409;100922;7797;12;10077993719;B
20240409;100922;7797.5;50;10077993720;B
20240409;100922;7797.5;20;10077993721;B
20240409;100922;7798;48;10077993722;B
20240409;100924;7797;4;10077994365;B
20240409;100924;7796.5;5;10077994395;S
20240409;100925;7796.5;33;10077994610;S
20240409;100925;7796.5;39;10077994611;S
20240409;100925;7796;28;10077994612;S
20240409;100926;7797;2;10077994779;B
20240409;100929;7797;2;10077995219;B
20240409;100930;7797;50;10077995383;B
20240409;100930;7797;1;10077995406;B
20240409;100930;7796.5;24;10077995448;S
20240409;100930;7796.5;6;10077995449;S
20240409;100932;7797;28;10077995834;B
