<DATE>;<TIME>;<LAST>;<VOL>;<ID>;<OPER>
20240508;095953;7754.5;1;10314760480;S
20240508;095953;7754.5;1;10314760481;S
20240508;095953;7754.5;1;10314760482;S
20240508;095953;7754.5;1;10314760483;B
20240508;095953;7754.5;2;10314760484;B
20240508;095953;7754.5;8;10314760485;B
20240508;095953;7754.5;34;10314760486;S
20240508;095953;7754.5;7;10314760487;S
20240508;095953;7754.5;1;10314760488;S
20240508;095953;7754.5;3;10314760489;S
20240508;095953;7754.5;4;10314760490;S
20240508;095953;7754.5;7;10314760491;S
20240508;095953;7754.5;3;10314760492;S
20240508;095953;7754.5;1;10314760493;S
20240508;095953;7754.5;6;10314760494;S
20240508;095953;7754.5;1;10314760495;S
20240508;095953;7754.5;2;10314760496;S
20240508;095953;7754.5;2;10314760497;S
20240508;095953;7754.5;3;10314760498;S
20240508;095953;7754.5;1;10314760499;S
20240508;095953;7754.5;80;10314760500;S
20240508;095953;7754.5;1;10314760501;B
20240508;095953;7754.5;1;10314760502;S
20240508;095953;7754.5;3;10314760503;S
20240508;095953;7754.5;2;10314760504;S
20240508;095953;7754.5;2;10314760505;S
20240508;095953;7754.5;3;10314760506;S
20240508;095953;7754.5;4;10314760507;S
20240508;095953;7754.5;3;10314760508;S
20240508;095953;7754.5;1;10314760509;B
20240508;095953;7754.5;5;10314760510;B
20240508;095953;7754.5;4;10314760511;B
20240508;095953;7754.5;9;10314760512;S
20240508;095953;7754.5;1;10314760513;S
20240508;095953;7754.5;1;10314760514;S
20240508;095953;7754.5;1;10314760515;S
20240508;095953;7754.5;1;10314760516;S
20240508;095953;7754.5;2;10314760517;S
20240508;095953;7754.5;4;10314760518;B
20240508;095953;7754.5;3;10314760519;B
20240508;095953;7754.5;1;10314760520;B
20240508;095953;7754.5;1;10314760521;B
20240508;095953;7754.5;3;10314760522;B
20240508;095953;7754.5;3;10314760523;B
20240508;095953;7754.5;5;10314760524;B
20240508;095953;7754.5;1;10314760525;B
20240508;095953;7754.5;1;10314760526;B
20240508;095953;7754.5;100;10314760527;B
20240508;095953;7754.5;10;10314760528;B
20240508;095953;7754.5;5;10314760529;B
20240508;095953;7754.5;2;10314760530;B
20240508;095953;7754.5;1;10314760531;B
20240508;095953;7754.5;1;10314760532;B
20240508;095953;7754.5;1;10314760533;B
20240508;095953;7754.5;25;10314760534;B
20240508;095953;7754.5;1;10314760535;B
20240508;095953;7754.5;34;10314760536;B
20240508;095953;7754.5;2;10314760537;B
20240508;095953;7754.5;3;10314760538;B
20240508;095953;7754.5;1;10314760539;B
20240508;095953;7754.5;1;10314760540;B
20240508;095953;7754.5;1;10314760541;B
20240508;095953;7754.5;41;10314760542;B
20240508;095953;7754.5;1;10314760543;B
20240508;095953;7754.5;5;10314760544;B
20240508;095953;7754.5;1;10314760545;B
20240508;095953;7754.5;2;10314760546;B
20240508;095953;7754.5;6;10314760547;B
20240508;095953;7754.5;6;10314760548;B
20240508;095953;7754.5;2;10314760549;B
20240508;095953;7754.5;1;10314760550;B
20240508;095953;7754.5;1;10314760551;B
20240508;095953;7754.5;3;10314760552;B
20240508;095953;7754.5;4;10314760553;B
20240508;095953;7754.5;2;10314760554;B
20240508;095953;7754.5;1;10314760555;B
20240508;095953;7754.5;40;10314760556;B
20240508;095953;7754.5;7;10314760557;B
20240508;095953;7754.5;5;10314760558;B
20240508;095953;7754.5;3;10314760559;B
20240508;095953;7754.5;12;10314760560;B
20240508;095953;7754.5;5;10314760561;B
20240508;095953;7754.5;35;10314760562;B
20240508;095953;7754.5;2;10314760563;B
20240508;095953;7754.5;20;10314760564;B
20240508;095953;7754.5;1;10314760565;B
20240508;095953;7754.5;1;10314760566;B
20240508;095953;7754.5;28;10314760567;B
20240508;095953;7754.5;3;10314760568;B
20240508;095953;7754.5;1;10314760569;B
20240508;095953;7754.5;13;10314760570;B
20240508;095953;7754.5;4;10314760571;B
20240508;095953;7754.5;1;10314760572;B
20240508;095953;7754.5;7;10314760573;B
20240508;095953;7754.5;1;10314760574;B
20240508;095953;7754.5;11;10314760575;B
20240508;095953;7754.5;10;10314760576;B
20240508;095953;7754.5;1;10314760577;B
20240508;095953;7754.5;4;10314760578;B
20240508;095953;7754.5;16;10314760579;B
20240508;095953;7754.5;2;10314760580;B
20240508;095953;7754.5;30;10314760581;B
20240508;095953;7754.5;11;10314760582;B
20240508;095953;7754.5;11;10314760583;S
20240508;095953;7754.5;3;10314760584;S
20240508;095953;7754.5;2;10314760585;S
20240508;095953;7754.5;63;10314760586;S
20240508;095953;7754.5;10;10314760587;B
20240508;095953;7754.5;10;10314760588;B
20240508;095953;7754.5;3;10314760589;B
20240508;095953;7754.5;3;10314760590;B
20240508;095953;7754.5;10;10314760591;B
20240508;095953;7754.5;3;10314760592;B
20240508;095953;7754.5;3;10314760593;B
20240508;095953;7754.5;10;10314760594;B
20240508;095953;7754.5;1;10314760595;B
20240508;095953;7754.5;2;10314760596;B
20240508;095953;7754.5;10;10314760597;B
20240508;095953;7754.5;20;10314760598;B
20240508;095953;7754.5;3;10314760599;B
20240508;095953;7754.5;2;10314760600;B
20240508;095953;7754.5;15;10314760601;B
20240508;095953;7754.5;2;10314760602;B
20240508;095953;7754.5;1;10314760603;B
20240508;095953;7754.5;10;10314760604;B
20240508;095953;7754.5;44;10314760605;B
20240508;095953;7754.5;1;10314760606;B
20240508;095953;7754.5;1;10314760607;B
20240508;095953;7754.5;10;10314760608;B
20240508;095953;7754.5;1;10314760609;B
20240508;095953;7754.5;5;10314760610;B
20240508;095953;7754.5;20;10314760611;B
20240508;095953;7754.5;10;10314760612;B
20240508;095953;7754.5;10;10314760613;B
20240508;095953;7754.5;2;10314760614;B
20240508;095953;7754.5;1;10314760615;B
20240508;095953;7754.5;1;10314760616;S
20240508;095953;7754.5;1;10314760617;B
20240508;095953;7754.5;10;10314760618;B
20240508;095953;7754.5;2;10314760619;B
20240508;095953;7754.5;42;10314760620;S
20240508;095953;7754.5;3;10314760621;B
20240508;095953;7754.5;5;10314760622;B
20240508;095953;7754.5;5;10314760623;S
20240508;095953;7754.5;168;10314760624;S
20240508;095953;7754.5;47;10314760625;S
20240508;095953;7754.5;83;10314760626;S
20240508;095953;7754.5;1;10314760627;B
20240508;095953;7754.5;10;10314760628;B
20240508;095953;7754.5;5;10314760629;B
20240508;095953;7754.5;10;10314760630;B
20240508;095953;7754.5;10;10314760631;B
20240508;095953;7754.5;5;10314760632;B
20240508;095953;7754.5;50;10314760633;B
20240508;095953;7754.5;10;10314760634;B
20240508;095953;7754.5;50;10314760635;B
20240508;095953;7754.5;100;10314760636;B
20240508;095953;7754.5;16;10314760637;B
20240508;095953;7754.5;84;10314760638;B
20240508;095953;7754.5;50;10314760639;B
20240508;095953;7754.5;50;10314760640;B
20240508;095953;7754.5;5;10314760641;B
20240508;095953;7754.5;11;10314760642;B
20240508;095953;7754.5;39;10314760643;B
20240508;095953;7754.5;31;10314760644;B
20240508;095953;7754.5;15;10314760645;S
20240508;095953;7754.5;60;10314760646;S
20240508;095953;7754.5;10;10314760647;S
20240508;095953;7754.5;1;10314760648;S
20240508;095953;7754.5;150;10314760649;S
20240508;095953;7754.5;45;10314760650;S
20240508;095953;7754.5;55;10314760651;S
20240508;095953;7754.5;53;10314760652;S
20240508;095953;7754.5;1;10314760653;B
20240508;095953;7754.5;2;10314760654;B
20240508;095953;7754.5;44;10314760655;B
20240508;095953;7754.5;33;10314760656;B
20240508;095953;7754.5;11;10314760657;B
20240508;095953;7754.5;4;10314760658;B
20240508;095953;7754.5;1;10314760659;B
20240508;095953;7754.5;3;10314760660;B
20240508;095953;7754.5;50;10314760661;B
20240508;095953;7754.5;68;10314760662;B
20240508;095953;7754.5;130;10314760663;B
20240508;095953;7754.5;50;10314760664;B
20240508;095953;7754.5;100;10314760665;B
20240508;095953;7754.5;20;10314760666;B
20240508;095953;7754.5;10;10314760667;B
20240508;095953;7754.5;5;10314760668;B
20240508;095953;7754.5;23;10314760669;B
20240508;095953;7754.5;1;10314760670;B
20240508;095953;7754.5;5;10314760671;B
20240508;095953;7754.5;6;10314760672;B
20240508;095953;7754.5;2;10314760673;B
20240508;095953;7754.5;29;10314760674;B
20240508;095953;7754.5;5;10314760675;B
20240508;095953;7754.5;1;10314760676;B
20240508;095953;7754.5;19;10314760677;B
20240508;095953;7754.5;5;10314760678;B
20240508;095953;7754.5;4;10314760679;B
20240508;095953;7754.5;26;10314760680;B
20240508;095953;7754.5;24;10314760681;B
20240508;095953;7754.5;60;10314760682;B
20240508;095953;7754.5;100;10314760683;S
20240508;095953;7754.5;5;10314760684;B
20240508;095953;7754.5;4;10314760685;B
20240508;095953;7754.5;11;10314760686;S
20240508;095953;7754.5;1;10314760687;B
20240508;095953;7754.5;50;10314760688;B
20240508;095953;7754.5;1;10314760689;B
20240508;095953;7754.5;48;10314760690;B
20240508;100000;7754;29;10314761512;B
20240508;100000;7754.5;2;10314761513;B
20240508;100000;7755;1;10314761514;B
20240508;100000;7755;68;10314761515;B
20240508;100000;7755;100;10314761516;B
20240508;100000;7754;10;10314761554;B
20240508;100000;7754.5;6;10314761555;B
20240508;100000;7755;4;10314761556;B
20240508;100000;7755;100;10314761581;B
20240508;100000;7754.5;10;10314761603;B
20240508;100000;7755;90;10314761604;B
20240508;100000;7754.5;29;10314761611;B
20240508;100000;7755;71;10314761612;B
20240508;100000;7755;39;10314761618;B
20240508;100000;7755;3;10314761620;B
20240508;100000;7755;5;10314761623;B
20240508;100000;7755;55;10314761638;B
20240508;100000;7755;50;10314761639;B
20240508;100000;7755;1;10314761640;B
20240508;100000;7755;5;10314761641;B
20240508;100000;7755;3;10314761642;B
20240508;100000;7755;1;10314761643;B
20240508;100000;7755;2;10314761644;B
20240508;100000;7756;5;10314761645;B
20240508;100000;7756;8;10314761646;B
20240508;100000;7754;20;10314761669;S
20240508;100000;7754;10;10314761670;S
20240508;100000;7754.5;1;10314761684;B
20240508;100000;7754.5;9;10314761685;B
20240508;100000;7754.5;30;10314761687;B
20240508;100000;7754;20;10314761693;B
20240508;100000;7754;9;10314761696;B
20240508;100000;7754.5;10;10314761697;B
20240508;100000;7756;2;10314761698;B
20240508;100000;7756;8;10314761699;B
20240508;100000;7757;1;10314761700;B
20240508;100000;7757;4;10314761702;B
20240508;100000;7758;5;10314761703;B
20240508;100000;7758;1;10314761704;B
20240508;100000;7758;5;10314761705;B
20240508;100000;7758;1;10314761706;B
20240508;100000;7758;12;10314761707;B
20240508;100000;7759;10;10314761708;B
20240508;100000;7759;7;10314761709;B
20240508;100000;7759;93;10314761715;B
20240508;100000;7759.5;4;10314761716;B
20240508;100000;7759.5;1;10314761717;B
20240508;100000;7759.5;40;10314761718;B
20240508;100000;7760;1;10314761719;B
20240508;100000;7760;1;10314761720;B
20240508;100000;7760;1;10314761721;B
20240508;100000;7760;4;10314761722;B
20240508;100000;7760;6;10314761724;B
20240508;100000;7760;2;10314761725;B
20240508;100000;7760;4;10314761726;B
20240508;100000;7760;1;10314761727;B
20240508;100000;7760;7;10314761728;B
20240508;100000;7756.5;10;10314761729;B
20240508;100000;7758;30;10314761747;S
20240508;100000;7757;10;10314761750;S
20240508;100000;7753.5;30;10314761751;B
20240508;100000;7751;1;10314761755;S
20240508;100000;7753;1;10314761760;B
20240508;100000;7753;2;10314761761;B
20240508;100000;7751;10;10314761763;S
20240508;100000;7750.5;5;10314761764;S
20240508;100000;7750;53;10314761765;S
20240508;100000;7753;30;10314761769;B
20240508;100000;7753;7;10314761771;B
20240508;100000;7753;3;10314761772;B
20240508;100000;7753;10;10314761777;B
20240508;100000;7753;16;10314761778;B
20240508;100000;7753;4;10314761779;B
20240508;100000;7753;6;10314761780;B
20240508;100000;7753;14;10314761781;B
20240508;100000;7750.5;1;10314761784;S
20240508;100000;7753;10;10314761785;B
20240508;100000;7753;1;10314761789;B
20240508;100000;7753;15;10314761794;B
20240508;100000;7753;5;10314761795;B
20240508;100000;7753;24;10314761796;B
20240508;100000;7753.5;6;10314761797;B
20240508;100000;7753;10;10314761798;B
20240508;100000;7753;10;10314761799;B
20240508;100000;7753;1;10314761810;B
20240508;100000;7753;19;10314761811;B
20240508;100000;7753;11;10314761812;B
20240508;100000;7753;18;10314761814;B
20240508;100000;7753;2;10314761815;B
20240508;100000;7753;10;10314761816;B
20240508;100000;7753;10;10314761818;B
20240508;100000;7753;10;10314761820;B
20240508;100000;7753;8;10314761824;B
20240508;100000;7753;12;10314761825;B
20240508;100000;7753;17;10314761837;B
20240508;100000;7753;3;10314761838;B
20240508;100000;7753;20;10314761846;B
20240508;100000;7751.5;10;10314761872;S
20240508;100000;7751.5;90;10314761873;S
20240508;100000;7750.5;38;10314762304;B
20240508;100000;7750.5;1;10314762333;B
20240508;100000;7750.5;39;10314762335;B
20240508;100000;7751;29;10314762336;B
20240508;100000;7751;10;10314762337;B
20240508;100000;7751.5;7;10314762338;B
20240508;100000;7753;17;10314762339;B
20240508;100000;7753.5;114;10314762340;B
20240508;100000;7754.5;20;10314762341;B
20240508;100000;7754.5;1;10314762342;B
20240508;100000;7754.5;1;10314762343;B
20240508;100000;7755.5;20;10314762344;B
20240508;100001;7752.5;40;10314762370;B
20240508;100001;7752.5;10;10314762371;B
20240508;100001;7752.5;20;10314762372;B
20240508;100001;7752;39;10314762382;B
20240508;100001;7752.5;9;10314762383;B
20240508;100001;7752.5;7;10314762384;B
20240508;100001;7755.5;10;10314762385;B
20240508;100001;7756.5;5;10314762386;B
20240508;100001;7753.5;7;10314762392;B
20240508;100001;7756;40;10314762393;B
20240508;100001;7756;23;10314762394;B
20240508;100001;7755.5;10;10314762402;B
20240508;100001;7755.5;39;10314762403;B
20240508;100001;7756.5;12;10314762404;B
20240508;100001;7756.5;7;10314762405;B
20240508;100001;7756.5;2;10314762406;B
20240508;100001;7756.5;2;10314762407;B
20240508;100001;7755;10;10314762423;B
20240508;100001;7755;7;10314762424;B
20240508;100001;7755;13;10314762425;B
20240508;100001;7755.5;10;10314762430;B
20240508;100001;7755.5;29;10314762431;B
20240508;100001;7755.5;31;10314762432;B
20240508;100001;7755;40;10314762436;B
20240508;100001;7755;30;10314762437;B
20240508;100001;7754.5;29;10314762440;B
20240508;100001;7754.5;40;10314762441;B
20240508;100001;7755;1;10314762442;B
20240508;100001;7754.5;29;10314762443;B
20240508;100001;7754.5;40;10314762444;B
20240508;100001;7755;1;10314762445;B
20240508;100001;7753.5;40;10314762447;B
20240508;100001;7753.5;39;10314762449;B
20240508;100001;7753.5;31;10314762450;B
20240508;100001;7754.5;10;10314762452;B
20240508;100001;7754.5;10;10314762453;B
20240508;100001;7754.5;10;10314762455;B
20240508;100001;7754.5;10;10314762456;B
20240508;100001;7754.5;20;10314762457;B
20240508;100001;7754.5;10;10314762458;B
20240508;100001;7754.5;9;10314762459;B
20240508;100001;7754.5;21;10314762460;B
20240508;100001;7755;16;10314762461;B
20240508;100001;7755;24;10314762462;S
20240508;100001;7755;10;10314762463;B
20240508;100001;7755;6;10314762466;B
20240508;100001;7755;4;10314762474;S
20240508;100001;7755;10;10314762475;S
20240508;100001;7755.5;3;10314762476;B
20240508;100001;7755;10;10314762492;S
20240508;100001;7755;10;10314762493;S
20240508;100001;7755;10;10314762495;B
20240508;100001;7755;10;10314762498;B
20240508;100001;7754.5;10;10314762500;S
20240508;100001;7755;10;10314762502;B
20240508;100001;7754.5;40;10314762512;B
20240508;100001;7754.5;10;10314762515;S
20240508;100001;7754.5;30;10314762516;B
20240508;100001;7755;10;10314762517;B
20240508;100001;7754.5;10;10314762518;B
20240508;100001;7754.5;10;10314762519;B
20240508;100001;7754.5;10;10314762521;B
20240508;100001;7755;10;10314762523;B
20240508;100001;7755;20;10314762524;B
20240508;100001;7754.5;10;10314762525;B
20240508;100001;7754.5;10;10314762528;B
20240508;100001;7754.5;10;10314762531;B
20240508;100001;7755;30;10314762533;B
20240508;100001;7754.5;20;10314762535;B
20240508;100001;7754.5;10;10314762536;B
20240508;100001;7754.5;10;10314762544;B
20240508;100001;7755.5;20;10314762545;B
20240508;100001;7755;10;10314762551;B
20240508;100001;7754.5;10;10314762552;B
20240508;100001;7754.5;29;10314762554;B
20240508;100001;7755.5;1;10314762555;B
20240508;100001;7754.5;40;10314762556;B
20240508;100001;7755;10;10314762559;B
20240508;100001;7755;10;10314762560;B
20240508;100001;7755;19;10314762563;B
20240508;100001;7755;21;10314762564;B
20240508;100001;7755.5;10;10314762565;B
20240508;100001;7755;40;10314762566;B
20240508;100001;7755.5;10;10314762568;B
20240508;100001;7755;40;10314762569;B
20240508;100001;7755;1;10314762572;B
20240508;100001;7755;9;10314762573;B
20240508;100001;7755;10;10314762574;B
20240508;100001;7755;21;10314762575;B
20240508;100001;7755;19;10314762654;S
20240508;100001;7755;10;10314762655;S
20240508;100001;7755;10;10314762656;S
20240508;100001;7755;3;10314762687;B
20240508;100001;7755;40;10314762688;B
20240508;100001;7755;39;10314762689;B
20240508;100001;7755.5;75;10314762690;B
20240508;100001;7755.5;6;10314762691;B
20240508;100001;7758;65;10314762692;B
20240508;100001;7759;17;10314762693;B
20240508;100001;7759.5;40;10314762694;B
20240508;100001;7759.5;39;10314762695;B
20240508;100001;7760;37;10314762696;B
20240508;100001;7760;5;10314762697;B
20240508;100001;7760;84;10314762698;B
20240508;100001;7756.5;10;10314762771;S
20240508;100001;7756;28;10314762772;S
20240508;100001;7759.5;5;10314762775;B
20240508;100001;7759;10;10314762776;B
20240508;100001;7759.5;15;10314762777;B
20240508;100001;7759.5;19;10314762779;B
20240508;100001;7759.5;17;10314762780;B
20240508;100001;7760;14;10314762781;B
20240508;100001;7756.5;2;10314762868;S
20240508;100001;7759.5;1;10314762903;B
20240508;100001;7759.5;4;10314762904;B
20240508;100001;7758.5;1;10314762916;B
20240508;100001;7758.5;1;10314762945;B
20240508;100001;7758.5;22;10314762978;B
20240508;100001;7756.5;1;10314762984;S
20240508;100001;7757;1;10314762991;B
20240508;100001;7758.5;1;10314762992;B
20240508;100001;7756.5;1;10314762993;S
20240508;100001;7756.5;8;10314762994;S
20240508;100001;7756.5;7;10314762995;S
20240508;100001;7756;42;10314762996;S
20240508;100001;7755.5;10;10314762997;S
20240508;100001;7754.5;2;10314762998;S
20240508;100001;7754.5;10;10314762999;S
20240508;100001;7754;5;10314763000;S
20240508;100001;7752.5;29;10314763001;S
20240508;100001;7751.5;10;10314763002;S
20240508;100001;7750.5;78;10314763003;S
20240508;100001;7750;24;10314763004;S
20240508;100001;7750;10;10314763005;S
20240508;100001;7750;3;10314763006;S
20240508;100001;7750;13;10314763007;S
20240508;100001;7750;13;10314763008;S
20240508;100001;7750;5;10314763009;S
20240508;100001;7750;40;10314763010;S
20240508;100001;7750;70;10314763015;B
20240508;100001;7748.5;2;10314763022;S
20240508;100001;7749.5;10;10314763024;B
20240508;100001;7749.5;40;10314763025;B
20240508;100001;7749.5;20;10314763026;B
20240508;100001;7749.5;8;10314763028;B
20240508;100001;7749.5;10;10314763029;B
20240508;100001;7750;52;10314763030;B
20240508;100001;7749.5;1;10314763035;B
20240508;100001;7750;29;10314763036;B
20240508;100001;7750;70;10314763039;B
20240508;100001;7750;3;10314763042;B
20240508;100001;7750;70;10314763043;B
20240508;100001;7750;20;10314763050;B
20240508;100001;7750;70;10314763055;B
20240508;100001;7750;30;10314763059;B
20240508;100001;7750;70;10314763060;B
20240508;100001;7750;1;10314763064;B
20240508;100001;7750;10;10314763067;B
20240508;100002;7750;20;10314763079;B
20240508;100002;7750;10;10314763084;B
20240508;100002;7750;20;10314763109;B
20240508;100002;7750;30;10314763121;B
20240508;100002;7750;10;10314763126;B
20240508;100002;7750;50;10314763127;B
20240508;100002;7750;5;10314763161;B
20240508;100002;7750;10;10314763167;B
20240508;100002;7750;10;10314763234;B
20240508;100002;7750;50;10314763235;B
20240508;100002;7750;10;10314763236;B
20240508;100002;7750;20;10314763237;B
20240508;100002;7750;10;10314763238;B
20240508;100002;7750;20;10314763239;B
20240508;100002;7750;10;10314763240;B
20240508;100002;7750;10;10314763241;B
20240508;100002;7750;1;10314763243;B
20240508;100002;7750;4;10314763246;B
20240508;100002;7750;2;10314763258;B
20240508;100002;7750;500;10314763264;B
20240508;100002;7750;150;10314763271;B
20240508;100002;7750;100;10314763289;B
20240508;100002;7750;20;10314763292;B
20240508;100002;7750;20;10314763319;B
20240508;100002;7750;10;10314763320;B
20240508;100002;7749.5;1;10314763330;S
20240508;100002;7750;11;10314763380;B
20240508;100002;7749.5;9;10314763397;S
20240508;100002;7749.5;1;10314763398;S
20240508;100002;7750;40;10314763402;B
20240508;100002;7750;10;10314763403;B
20240508;100002;7750;10;10314763423;B
20240508;100002;7750;3;10314763456;B
20240508;100002;7750;20;10314763466;B
20240508;100002;7750;2;10314763467;B
20240508;100002;7750;2;10314763468;B
20240508;100002;7750;2;10314763469;B
20240508;100002;7750;2;10314763470;B
20240508;100002;7750;5;10314763471;B
20240508;100002;7750;2;10314763472;B
20240508;100002;7750;30;10314763473;B
20240508;100002;7750;10;10314763483;B
20240508;100002;7750;40;10314763484;B
20240508;100002;7749.5;1;10314763485;S
20240508;100002;7750;50;10314763486;B
20240508;100002;7749.5;5;10314763487;S
20240508;100002;7750;50;10314763488;B
20240508;100002;7749.5;10;10314763489;S
20240508;100002;7750;19;10314763490;B
20240508;100002;7754;1;10314763510;B
20240508;100002;7755;59;10314763511;B
20240508;100002;7755;1441;10314763523;B
20240508;100002;7756;19;10314763524;B
20240508;100002;7757;10;10314763525;B
20240508;100002;7757;7;10314763526;B
20240508;100002;7757.5;45;10314763527;B
20240508;100002;7757.5;105;10314763528;B
20240508;100002;7758.5;26;10314763529;B
20240508;100002;7758.5;2;10314763530;B
20240508;100002;7758.5;1;10314763531;B
20240508;100002;7760;320;10314763532;B
20240508;100002;7760;1;10314763533;B
20240508;100002;7760;380;10314763534;B
20240508;100002;7760;1;10314763535;B
20240508;100002;7760;10;10314763536;B
20240508;100002;7760;1;10314763537;B
20240508;100002;7760;59;10314763538;B
20240508;100002;7760;1;10314763539;B
20240508;100002;7760;97;10314763540;B
20240508;100002;7760;1;10314763541;B
20240508;100002;7760;1;10314763542;B
20240508;100002;7760.5;5;10314763543;B
20240508;100002;7760.5;10;10314763544;B
20240508;100002;7760.5;1;10314763545;B
20240508;100002;7761;1;10314763546;B
20240508;100002;7761;10;10314763547;B
20240508;100002;7761;1;10314763548;B
20240508;100002;7762;42;10314763549;B
20240508;100002;7762;13;10314763550;B
20240508;100002;7762;1;10314763551;B
20240508;100002;7762.5;2;10314763552;B
20240508;100002;7763;2;10314763553;B
20240508;100002;7763;28;10314763554;B
20240508;100002;7755;1;10314763556;S
20240508;100002;7763;10;10314763557;B
20240508;100002;7762.5;10;10314763564;S
20240508;100002;7762.5;13;10314763570;B
20240508;100002;7762.5;4;10314763571;B
20240508;100002;7763;6;10314763572;B
20240508;100002;7753;12;10314763574;S
20240508;100002;7763;6;10314763575;B
20240508;100002;7763;34;10314763576;B
20240508;100002;7762.5;5;10314763587;B
20240508;100002;7762.5;12;10314763589;B
20240508;100002;7763;36;10314763590;B
20240508;100002;7763;2;10314763629;S
20240508;100002;7763;2;10314763634;S
20240508;100002;7763;2;10314763635;S
20240508;100002;7763;2;10314763636;S
20240508;100002;7763;2;10314763637;S
20240508;100002;7763;2;10314763638;S
20240508;100002;7763;2;10314763639;S
20240508;100002;7763;2;10314763640;S
20240508;100002;7763;2;10314763641;S
20240508;100002;7763;2;10314763642;S
20240508;100002;7763;2;10314763643;S
20240508;100002;7763;2;10314763644;S
20240508;100002;7763;2;10314763645;S
20240508;100002;7763;2;10314763646;S
20240508;100002;7763;2;10314763647;S
20240508;100002;7763;2;10314763648;S
20240508;100002;7763;1;10314763649;S
20240508;100002;7762.5;8;10314763655;S
20240508;100002;7763.5;17;10314763656;B
20240508;100002;7764;3;10314763657;B
20240508;100002;7763;10;10314763663;S
20240508;100002;7763;10;10314763669;S
20240508;100002;7763;10;10314763695;S
20240508;100002;7762.5;42;10314763696;S
20240508;100002;7762.5;40;10314763697;S
20240508;100002;7761.5;18;10314763698;S
20240508;100002;7758;9;10314763699;S
20240508;100002;7754.5;81;10314763700;S
20240508;100002;7752.5;5;10314763703;S
20240508;100002;7754.5;2;10314763708;S
20240508;100002;7754.5;8;10314763727;S
20240508;100002;7754;13;10314763728;S
20240508;100002;7753;29;10314763729;S
20240508;100002;7754.5;10;10314763734;S
20240508;100002;7759;10;10314763739;B
20240508;100002;7759.5;10;10314763740;B
20240508;100002;7754.5;10;10314763747;S
20240508;100002;7751;14;10314763794;S
20240508;100002;7751;14;10314763795;S
20240508;100002;7751;10;10314763796;S
20240508;100002;7751;13;10314763797;S
20240508;100003;7751;4;10314763827;S
20240508;100003;7758;4;10314763924;B
20240508;100003;7758;2;10314763925;B
20240508;100003;7758;2;10314763926;B
20240508;100003;7759;29;10314763972;B
20240508;100003;7759;10;10314763973;B
20240508;100003;7759.5;40;10314763974;B
20240508;100003;7760.5;10;10314763976;S
20240508;100003;7760;10;10314763977;S
20240508;100003;7760;105;10314763978;S
20240508;100003;7760;6;10314763979;S
20240508;100003;7760;10;10314763980;S
20240508;100003;7760;7;10314764013;B
20240508;100003;7756.5;1;10314764019;S
20240508;100003;7760;3;10314764021;B
20240508;100003;7760.5;2;10314764022;B
20240508;100003;7760;1;10314764025;B
20240508;100003;7760;9;10314764032;B
20240508;100003;7760.5;8;10314764033;B
20240508;100003;7761;3;10314764034;B
20240508;100003;7763;17;10314764035;B
20240508;100003;7763;10;10314764036;B
20240508;100003;7762.5;2;10314764042;B
20240508;100003;7762.5;8;10314764047;B
20240508;100003;7763;4;10314764048;B
20240508;100003;7762.5;5;10314764052;B
20240508;100003;7762.5;5;10314764053;B
20240508;100003;7763;1;10314764054;B
20240508;100003;7762.5;10;10314764073;B
20240508;100003;7763;10;10314764074;B
20240508;100003;7756.5;9;10314764078;S
20240508;100003;7756;50;10314764079;S
20240508;100003;7753.5;29;10314764080;S
20240508;100003;7751;4;10314764081;S
20240508;100003;7750.5;8;10314764082;S
20240508;100003;7762;17;10314764094;B
20240508;100003;7762.5;6;10314764095;B
20240508;100003;7760.5;1;10314764096;B
20240508;100003;7760.5;7;10314764097;B
20240508;100003;7761;10;10314764105;B
20240508;100003;7761;29;10314764106;B
20240508;100003;7761.5;17;10314764107;B
20240508;100003;7762;81;10314764108;B
20240508;100003;7763;2;10314764109;B
20240508;100003;7764;2;10314764110;B
20240508;100003;7764;1;10314764111;B
20240508;100003;7764;50;10314764112;B
20240508;100003;7764.5;5;10314764113;B
20240508;100003;7765;1;10314764114;B
20240508;100003;7765;10;10314764115;B
20240508;100003;7765;2;10314764116;B
20240508;100003;7765;15;10314764117;B
20240508;100003;7765;1;10314764118;B
20240508;100003;7765;1;10314764119;B
20240508;100003;7765;50;10314764120;B
20240508;100003;7765;8;10314764121;B
20240508;100003;7766.5;15;10314764122;S
20240508;100003;7764.5;1;10314764131;S
20240508;100003;7764.5;1;10314764136;B
20240508;100003;7755;10;10314764147;S
20240508;100003;7754.5;2;10314764148;S
20240508;100003;7754;17;10314764149;S
20240508;100003;7753.5;29;10314764150;S
20240508;100003;7750.5;22;10314764151;S
20240508;100003;7751;8;10314764153;S
20240508;100003;7751.5;10;10314764171;S
20240508;100003;7761.5;5;10314764185;B
20240508;100003;7753;1;10314764186;S
20240508;100003;7762;1;10314764196;B
20240508;100003;7762;1;10314764197;B
20240508;100003;7758;4;10314764209;B
20240508;100003;7761;1;10314764270;B
20240508;100003;7762.5;2;10314764271;B
20240508;100003;7765;3;10314764319;B
20240508;100004;7766.5;2;10314764386;B
20240508;100004;7759.5;4;10314764416;S
20240508;100004;7764.5;8;10314764447;B
20240508;100004;7759.5;6;10314764454;S
20240508;100004;7759;5;10314764455;S
20240508;100004;7759;28;10314764456;S
20240508;100004;7758.5;2;10314764457;S
20240508;100004;7758;5;10314764458;S
20240508;100004;7757.5;14;10314764459;S
20240508;100004;7757;1;10314764460;S
20240508;100004;7756.5;40;10314764461;S
20240508;100004;7756.5;27;10314764462;S
20240508;100004;7761.5;1;10314764503;S
20240508;100004;7757.5;5;10314764504;S
20240508;100004;7762.5;2;10314764517;B
20240508;100004;7762.5;2;10314764597;B
20240508;100004;7760.5;1;10314764607;S
20240508;100004;7762.5;5;10314764611;B
20240508;100004;7760.5;6;10314764639;S
20240508;100004;7762.5;1;10314764657;B
20240508;100004;7762.5;18;10314764665;B
20240508;100004;7763;2;10314764666;B
20240508;100004;7764.5;6;10314764667;B
20240508;100004;7764.5;1;10314764684;B
20240508;100004;7764.5;3;10314764696;B
20240508;100004;7764.5;12;10314764697;B
20240508;100004;7764.5;2;10314764698;B
20240508;100004;7760.5;1;10314764701;S
20240508;100004;7764.5;11;10314764702;B
20240508;100004;7764.5;4;10314764703;B
20240508;100004;7765;2;10314764707;B
20240508;100004;7765;3;10314764712;B
20240508;100004;7765;8;10314764713;B
20240508;100004;7766;4;10314764714;B
20240508;100004;7760.5;2;10314764725;S
20240508;100004;7760.5;6;10314764726;B
20240508;100004;7760.5;1;10314764739;B
20240508;100004;7760.5;1;10314764776;B
20240508;100004;7760.5;2;10314764787;B
20240508;100005;7760;1;10314764839;S
20240508;100005;7760;1;10314764840;S
20240508;100005;7760.5;8;10314764870;B
20240508;100005;7763.5;2;10314764871;B
20240508;100005;7765;1;10314764872;B
20240508;100005;7765.5;10;10314764873;B
20240508;100005;7765.5;1;10314764874;B
20240508;100005;7766;12;10314764875;B
20240508;100005;7766;5;10314764876;B
20240508;100005;7766.5;27;10314764877;B
20240508;100005;7766.5;64;10314764878;B
20240508;100005;7760.5;1;10314764887;S
20240508;100005;7766;1;10314765037;B
20240508;100005;7766;2;10314765039;B
20240508;100005;7762.5;2;10314765115;S
20240508;100005;7766.5;1;10314765121;B
20240508;100005;7764.5;10;10314765335;S
20240508;100005;7764;2;10314765336;S
20240508;100005;7762.5;28;10314765337;S
20240508;100005;7762.5;68;10314765338;S
20240508;100005;7762;50;10314765339;S
20240508;100005;7761.5;78;10314765340;S
20240508;100005;7761;2;10314765341;S
20240508;100005;7761;200;10314765342;S
20240508;100005;7760;4;10314765343;S
20240508;100005;7760;2;10314765344;S
20240508;100005;7759;50;10314765345;S
20240508;100005;7759;5;10314765346;S
20240508;100005;7758.5;10;10314765347;S
20240508;100005;7758;17;10314765348;S
20240508;100005;7758;40;10314765349;S
20240508;100005;7757.5;20;10314765350;S
20240508;100005;7757.5;40;10314765351;S
20240508;100005;7757;2;10314765352;S
20240508;100005;7757;60;10314765353;S
20240508;100005;7757;300;10314765354;S
20240508;100005;7756.5;40;10314765355;S
20240508;100005;7756;600;10314765356;S
20240508;100005;7756;50;10314765357;S
20240508;100005;7756;1;10314765358;S
20240508;100005;7755;5;10314765359;S
20240508;100005;7755;5;10314765360;S
20240508;100005;7753.5;10;10314765361;S
20240508;100005;7753;50;10314765362;S
20240508;100005;7753;10;10314765363;S
20240508;100005;7752.5;2;10314765364;S
20240508;100005;7752;2;10314765365;S
20240508;100005;7752;1;10314765366;S
20240508;100005;7751.5;50;10314765367;S
20240508;100005;7751;2;10314765368;S
20240508;100005;7750.5;20;10314765369;S
20240508;100005;7750;3;10314765370;S
20240508;100005;7749.5;7;10314765371;S
20240508;100005;7749.5;70;10314765372;S
20240508;100005;7749.5;17;10314765374;B
20240508;100005;7749.5;20;10314765376;B
20240508;100005;7749.5;20;10314765379;B
20240508;100005;7749;10;10314765381;S
20240508;100005;7749.5;30;10314765383;B
20240508;100005;7749.5;1;10314765394;B
20240508;100005;7749.5;10;10314765402;B
20240508;100005;7749.5;10;10314765403;B
20240508;100005;7749.5;10;10314765404;B
20240508;100005;7749.5;30;10314765405;B
20240508;100005;7749.5;10;10314765407;B
20240508;100005;7749;1;10314765601;S
20240508;100005;7749.5;20;10314765612;B
20240508;100005;7749.5;10;10314765615;B
20240508;100005;7749.5;1;10314765651;B
20240508;100005;7749.5;20;10314765658;B
20240508;100005;7749.5;8;10314766108;B
20240508;100005;7749;1;10314766114;S
20240508;100005;7749.5;1;10314766118;B
20240508;100005;7749.5;1;10314766268;B
20240508;100005;7749.5;1;10314766343;B
20240508;100006;7749.5;1;10314766421;B
20240508;100006;7749.5;1;10314766423;B
20240508;100006;7749;1;10314766527;S
20240508;100006;7749.5;1;10314766528;B
20240508;100006;7749.5;2;10314766663;B
20240508;100006;7749;6;10314766753;S
20240508;100006;7749.5;1;10314766920;B
20240508;100006;7749.5;10;10314766938;B
20240508;100006;7749.5;1;10314766939;B
20240508;100006;7749;1;10314766941;S
20240508;100006;7749.5;4;10314766957;B
20240508;100006;7749.5;5;10314766961;B
20240508;100006;7749;3;10314766963;S
20240508;100006;7749;25;10314766976;S
20240508;100006;7749.5;1;10314766989;B
20240508;100006;7749;1;10314767048;S
20240508;100006;7749.5;76;10314767064;B
20240508;100006;7749.5;24;10314767065;B
20240508;100006;7749.5;1;10314767112;B
20240508;100006;7749.5;80;10314767331;B
20240508;100006;7749.5;1;10314767332;B
20240508;100006;7749;21;10314767433;S
20240508;100006;7749;28;10314767434;S
20240508;100006;7749;5;10314767435;S
20240508;100006;7749.5;1;10314767436;B
20240508;100006;7749.5;157;10314767438;B
20240508;100006;7750;3;10314767439;B
20240508;100006;7755;20;10314767440;B
20240508;100006;7755.5;78;10314767441;B
20240508;100006;7756;40;10314767442;B
20240508;100006;7756;78;10314767443;B
20240508;100006;7756.5;10;10314767444;B
20240508;100006;7756.5;14;10314767445;B
20240508;100006;7756;10;10314767452;B
20240508;100006;7752;1;10314767526;S
20240508;100006;7752;3;10314767544;S
20240508;100006;7758;1;10314767629;B
20240508;100007;7753;5;10314767731;S
20240508;100007;7758;1;10314767773;B
20240508;100007;7757;1;10314767778;B
20240508;100007;7757.5;10;10314767839;B
20240508;100007;7757.5;1;10314767856;B
20240508;100007;7757.5;4;10314767859;B
20240508;100007;7753;1;10314767863;S
20240508;100007;7757.5;12;10314767865;B
20240508;100007;7753;4;10314767868;S
20240508;100007;7752.5;46;10314767869;S
20240508;100007;7751.5;1;10314767945;S
20240508;100007;7751.5;9;10314767964;S
20240508;100007;7751;11;10314767965;S
20240508;100007;7756;2;10314768156;B
20240508;100007;7756;1;10314768157;B
20240508;100007;7753;1;10314768320;S
20240508;100007;7756.5;5;10314768507;B
20240508;100007;7753;1;10314768512;S
20240508;100007;7756.5;2;10314768554;B
20240508;100007;7756.5;3;10314768574;B
20240508;100007;7756.5;57;10314768575;B
20240508;100007;7757;286;10314768576;B
20240508;100007;7758;29;10314768577;B
20240508;100007;7759;2;10314768578;B
20240508;100007;7759.5;10;10314768579;B
20240508;100007;7760;1;10314768580;B
20240508;100007;7763.5;2;10314768587;B
20240508;100007;7763.5;5;10314768696;B
20240508;100008;7763.5;2;10314768729;B
20240508;100008;7763.5;1;10314768734;B
20240508;100008;7763.5;27;10314768735;B
20240508;100008;7763.5;40;10314768736;B
20240508;100008;7764;1;10314768737;B
20240508;100008;7764;10;10314768738;B
20240508;100008;7764.5;1;10314768739;B
20240508;100008;7767;5;10314768740;B
20240508;100008;7767;1;10314768741;B
20240508;100008;7767;3;10314768742;B
20240508;100008;7767.5;11;10314768743;B
20240508;100008;7767;1;10314768781;B
20240508;100008;7760.5;10;10314769014;S
20240508;100008;7760;12;10314769015;S
20240508;100008;7757;28;10314769016;S
20240508;100008;7757;78;10314769017;S
20240508;100008;7755;3;10314769019;B
20240508;100008;7755;1;10314769039;B
20240508;100008;7755;1;10314769065;B
20240508;100008;7755;4;10314769068;B
20240508;100008;7755;20;10314769146;B
20240508;100008;7755;1;10314769148;B
20240508;100008;7755;28;10314769175;B
20240508;100008;7754.5;20;10314769232;S
20240508;100008;7754.5;10;10314769233;S
20240508;100008;7754.5;28;10314769234;S
20240508;100008;7753.5;6;10314769235;S
20240508;100008;7752.5;36;10314769236;S
20240508;100008;7755;24;10314769363;B
20240508;100008;7755.5;1;10314769364;B
20240508;100008;7760.5;13;10314769365;B
20240508;100008;7760.5;10;10314769367;B
20240508;100008;7764.5;5;10314769369;B
20240508;100008;7764.5;20;10314769370;B
20240508;100008;7762;2;10314769372;B
20240508;100008;7761;10;10314769398;B
20240508;100008;7761.5;9;10314769399;B
20240508;100008;7762.5;10;10314769444;B
20240508;100008;7762.5;21;10314769445;B
20240508;100008;7753;10;10314769455;S
20240508;100008;7753;10;10314769456;S
20240508;100008;7762.5;10;10314769483;B
20240508;100008;7763;67;10314769484;B
20240508;100008;7763;28;10314769485;B
20240508;100008;7765;2;10314769486;B
20240508;100008;7765;2;10314769487;B
20240508;100008;7766.5;17;10314769488;B
20240508;100008;7766.5;69;10314769489;B
20240508;100008;7756.5;1;10314769547;S
20240508;100008;7767;1;10314769612;B
20240508;100008;7761;5;10314769684;B
20240508;100008;7761;10;10314769738;B
20240508;100009;7761;2;10314769770;B
20240508;100009;7761;3;10314769772;B
20240508;100009;7768;1;10314769773;B
20240508;100009;7768;14;10314769782;B
20240508;100009;7768;5;10314769791;B
20240508;100009;7768;45;10314769792;B
20240508;100009;7764;9;10314769822;B
20240508;100009;7757.5;10;10314769845;S
20240508;100009;7757.5;18;10314769846;S
20240508;100009;7759;10;10314769849;B
20240508;100009;7759.5;40;10314769850;B
20240508;100009;7759.5;20;10314769881;B
20240508;100009;7764;41;10314769882;B
20240508;100009;7764;14;10314769883;B
20240508;100009;7765;2;10314769884;B
20240508;100009;7765.5;4;10314769885;B
20240508;100009;7767.5;8;10314769886;B
20240508;100009;7768;11;10314769887;B
20240508;100009;7765.5;3;10314769909;B
20240508;100009;7765.5;5;10314769910;B
20240508;100009;7765.5;2;10314769911;B
20240508;100009;7768;8;10314769912;B
20240508;100010;7763;5;10314770093;B
20240508;100010;7766;10;10314770094;B
20240508;100010;7766;1;10314770178;B
20240508;100010;7766;2;10314770263;B
20240508;100010;7761.5;10;10314770303;S
20240508;100010;7761;5;10314770304;S
20240508;100010;7761.5;10;10314770358;S
20240508;100010;7761;5;10314770359;S
20240508;100010;7760;10;10314770360;S
20240508;100010;7760;6;10314770361;S
20240508;100010;7759.5;10;10314770362;S
20240508;100010;7759.5;29;10314770363;S
20240508;100010;7765.5;2;10314770382;B
20240508;100010;7760;10;10314770402;S
20240508;100010;7759.5;49;10314770403;S
20240508;100011;7765.5;8;10314770605;B
20240508;100011;7765.5;2;10314770606;B
20240508;100011;7766;37;10314770607;B
20240508;100011;7767;2;10314770608;B
20240508;100011;7768;78;10314770609;B
20240508;100011;7768.5;27;10314770610;B
20240508;100011;7768.5;1;10314770611;B
20240508;100011;7768.5;345;10314770612;B
20240508;100011;7768;1;10314770687;B
20240508;100011;7768;4;10314770709;B
20240508;100011;7768;5;10314770725;B
20240508;100011;7768.5;4;10314770726;B
20240508;100011;7764.5;5;10314770727;S
20240508;100011;7764.5;5;10314770728;S
20240508;100011;7764;1;10314770761;B
20240508;100011;7764;1;10314770790;B
20240508;100012;7764;3;10314770904;B
20240508;100012;7767.5;6;10314770905;B
20240508;100012;7762;10;10314770937;S
20240508;100012;7762;28;10314770938;S
20240508;100012;7761.5;10;10314770939;S
20240508;100012;7760.5;10;10314770940;S
20240508;100012;7759;7;10314770941;S
20240508;100012;7768;10;10314770947;B
20240508;100012;7768;28;10314770948;B
20240508;100012;7768;7;10314770949;B
20240508;100012;7768.5;83;10314770950;B
20240508;100012;7769;25;10314770951;B
20240508;100012;7769;9;10314770952;B
20240508;100012;7769;20;10314770953;B
20240508;100012;7769;1;10314770954;B
20240508;100012;7768.5;3;10314770983;B
20240508;100012;7763.5;10;10314770984;S
20240508;100012;7768.5;1;10314770987;B
20240508;100012;7763.5;10;10314770991;S
20240508;100012;7768.5;1;10314771022;B
20240508;100012;7768.5;8;10314771026;B
20240508;100012;7769;12;10314771027;B
20240508;100012;7769;2;10314771028;B
20240508;100012;7769;3;10314771029;B
20240508;100012;7764.5;1;10314771046;S
20240508;100013;7764.5;1;10314771083;S
20240508;100013;7764.5;8;10314771112;S
20240508;100013;7764.5;28;10314771113;S
20240508;100013;7764;20;10314771114;S
20240508;100013;7763;2;10314771115;S
20240508;100013;7761.5;78;10314771116;S
20240508;100013;7761.5;16;10314771117;S
20240508;100013;7761;48;10314771118;S
20240508;100013;7765.5;1;10314771166;B
20240508;100013;7766;1;10314771167;B
20240508;100013;7768;1;10314771168;B
20240508;100013;7768;1;10314771186;B
20240508;100013;7768;2;10314771212;B
20240508;100014;7767.5;4;10314771326;B
20240508;100014;7767;3;10314771432;B
20240508;100015;7764;2;10314771523;S
20240508;100015;7764.5;25;10314771595;B
20240508;100015;7764.5;8;10314771667;B
20240508;100015;7764;1;10314771684;S
20240508;100015;7764;1;10314771707;S
20240508;100015;7764.5;17;10314771782;B
20240508;100016;7764;1;10314771880;S
20240508;100016;7762.5;10;10314771887;S
20240508;100016;7762;5;10314771888;S
20240508;100016;7760.5;2;10314771889;S
20240508;100016;7760.5;3;10314771890;S
20240508;100016;7760.5;28;10314771891;S
20240508;100016;7760;2;10314771892;S
20240508;100016;7760;30;10314771893;S
20240508;100016;7760;20;10314771894;S
20240508;100016;7763;2;10314771924;B
20240508;100016;7764.5;13;10314771925;B
20240508;100016;7765;1;10314771926;B
20240508;100016;7765;28;10314771927;B
20240508;100016;7766;10;10314771928;B
20240508;100016;7766.5;5;10314771929;B
20240508;100016;7767.5;16;10314771930;B
20240508;100016;7768;10;10314771931;B
20240508;100016;7768;1;10314771932;B
20240508;100016;7768.5;74;10314771933;B
20240508;100016;7769;45;10314771934;B
20240508;100016;7769;2;10314771935;B
20240508;100016;7769;10;10314771936;B
20240508;100016;7769.5;5;10314771937;B
20240508;100016;7769.5;16;10314771938;B
20240508;100016;7769.5;8;10314771939;B
20240508;100016;7769.5;1;10314771940;B
20240508;100016;7770;20;10314771941;B
20240508;100016;7770;2;10314771942;B
20240508;100016;7770;50;10314771943;B
20240508;100016;7770;5;10314771944;B
20240508;100016;7770;100;10314771945;B
20240508;100016;7770;11;10314771946;B
20240508;100016;7770;6;10314771947;B
20240508;100016;7770;5;10314771948;B
20240508;100016;7770;4;10314771949;B
20240508;100016;7770;1;10314771950;B
20240508;100016;7770;10;10314771951;B
20240508;100016;7770;46;10314771952;B
20240508;100016;7770;2;10314771953;B
20240508;100016;7770;1;10314771954;B
20240508;100016;7770;4;10314771955;B
20240508;100016;7770;1;10314771956;B
20240508;100016;7770;1;10314771957;B
20240508;100016;7770;1;10314771958;B
20240508;100016;7770;2;10314771959;B
20240508;100016;7770;300;10314771960;B
20240508;100016;7770.5;1;10314771961;B
20240508;100016;7771;5;10314771962;B
20240508;100016;7764.5;3;10314772013;B
20240508;100016;7766;1;10314772014;B
20240508;100016;7768;28;10314772015;B
20240508;100016;7770.5;10;10314772016;B
20240508;100016;7771;8;10314772017;B
20240508;100016;7771;1;10314772167;B
20240508;100016;7764.5;10;10314772285;S
20240508;100016;7764.5;3;10314772286;S
20240508;100016;7770;1;10314772294;B
20240508;100016;7765.5;10;10314772300;S
20240508;100016;7765.5;6;10314772301;S
20240508;100017;7769.5;7;10314772349;B
20240508;100017;7769.5;3;10314772350;B
20240508;100017;7769.5;1;10314772351;B
20240508;100017;7770;4;10314772352;B
20240508;100017;7770;60;10314772353;B
20240508;100017;7770;9;10314772354;B
20240508;100017;7770;13;10314772355;B
20240508;100017;7770;1;10314772356;B
20240508;100017;7770;9;10314772357;B
20240508;100017;7766;2;10314772362;S
20240508;100017;7766;8;10314772395;S
20240508;100017;7765.5;2;10314772396;S
20240508;100017;7770;4;10314772419;B
20240508;100017;7770;7;10314772430;B
20240508;100017;7770;5;10314772434;B
20240508;100017;7769;10;10314772472;S
20240508;100017;7768.5;59;10314772473;S
20240508;100017;7767;31;10314772474;S
20240508;100018;7770;3;10314772584;B
20240508;100018;7768.5;1;10314772590;S
20240508;100018;7770;2;10314772631;B
20240508;100018;7770;3;10314772632;B
20240508;100018;7770;4;10314772639;B
20240508;100018;7770;15;10314772640;B
20240508;100018;7770;4;10314772641;B
20240508;100018;7770;5;10314772642;B
20240508;100018;7770;5;10314772643;B
20240508;100018;7770.5;17;10314772644;B
20240508;100018;7770.5;1;10314772654;B
20240508;100018;7770.5;13;10314772691;B
20240508;100018;7768.5;2;10314772732;S
20240508;100019;7768.5;7;10314772760;S
20240508;100019;7768;2;10314772761;S
20240508;100019;7766.5;10;10314772762;S
20240508;100019;7766.5;11;10314772763;S
20240508;100019;7770;1;10314772780;B
20240508;100019;7770.5;10;10314772794;B
20240508;100019;7770;9;10314772801;S
20240508;100019;7768.5;10;10314772836;S
20240508;100019;7768;1;10314772837;S
20240508;100019;7768;2;10314772898;B
20240508;100019;7768;7;10314772902;B
20240508;100019;7770;5;10314772903;B
20240508;100019;7770.5;9;10314772904;B
20240508;100019;7771;7;10314772905;B
20240508;100019;7771;5;10314772906;B
20240508;100019;7772;17;10314772907;B
20240508;100019;7772;2;10314772943;B
20240508;100020;7771.5;1;10314772955;B
20240508;100020;7771.5;8;10314772988;B
20240508;100020;7771.5;5;10314773035;B
20240508;100020;7769;12;10314773037;S
20240508;100020;7769;38;10314773071;S
20240508;100020;7769;1;10314773072;S
20240508;100020;7768.5;11;10314773073;S
20240508;100020;7769;10;10314773097;S
20240508;100020;7768.5;6;10314773098;S
20240508;100020;7768.5;5;10314773181;S
20240508;100020;7768.5;1;10314773182;S
20240508;100020;7769.5;1;10314773198;B
20240508;100020;7769.5;11;10314773201;B
20240508;100020;7770;14;10314773202;B
20240508;100021;7769;5;10314773252;B
20240508;100021;7769;5;10314773253;B
20240508;100021;7768.5;2;10314773353;B
20240508;100021;7768.5;2;10314773356;B
20240508;100021;7768.5;8;10314773359;B
20240508;100021;7769;2;10314773360;B
20240508;100022;7768.5;6;10314773444;B
20240508;100022;7768.5;1;10314773475;B
20240508;100022;7768.5;4;10314773486;B
20240508;100022;7768.5;1;10314773508;B
20240508;100022;7769;2;10314773509;B
20240508;100022;7768.5;3;10314773585;B
20240508;100022;7768.5;9;10314773590;B
20240508;100022;7768.5;1;10314773591;B
20240508;100023;7768;7;10314773599;S
20240508;100023;7767;1;10314773600;S
20240508;100023;7766.5;10;10314773601;S
20240508;100023;7766;10;10314773602;S
20240508;100023;7768.5;1;10314773623;B
20240508;100023;7768.5;11;10314773679;B
20240508;100023;7768.5;5;10314773680;B
20240508;100023;7769;4;10314773681;B
20240508;100023;7768;8;10314773708;S
20240508;100023;7768.5;12;10314773745;B
20240508;100023;7768.5;5;10314773746;B
20240508;100023;7769;11;10314773747;B
20240508;100023;7768.5;12;10314773768;B
20240508;100023;7769;1;10314773769;B
20240508;100023;7769;6;10314773770;B
20240508;100023;7769;7;10314773771;B
20240508;100024;7766;3;10314773903;S
20240508;100024;7767.5;5;10314773915;B
20240508;100024;7767.5;7;10314773944;B
20240508;100024;7768;1;10314773963;B
20240508;100024;7768;12;10314773964;B
20240508;100024;7768;10;10314773978;S
20240508;100024;7768;1;10314774041;S
20240508;100024;7768;1;10314774051;S
20240508;100024;7768.5;2;10314774090;B
20240508;100025;7768;10;10314774123;S
20240508;100025;7767.5;68;10314774183;S
20240508;100025;7767.5;10;10314774184;S
20240508;100025;7767;222;10314774185;S
20240508;100025;7767;37;10314774195;S
20240508;100025;7767;10;10314774196;S
20240508;100025;7766.5;6;10314774197;S
20240508;100025;7765.5;10;10314774241;S
20240508;100025;7765.5;63;10314774242;S
20240508;100025;7765;2;10314774277;S
20240508;100025;7764.5;10;10314774278;B
20240508;100025;7765;40;10314774279;B
20240508;100025;7764;10;10314774280;S
20240508;100025;7763.5;1;10314774307;B
20240508;100025;7763.5;5;10314774328;B
20240508;100025;7763.5;2;10314774337;B
20240508;100025;7763;1;10314774346;S
20240508;100025;7762;1;10314774347;S
20240508;100025;7760;5;10314774348;S
20240508;100025;7760;32;10314774349;S
20240508;100025;7759.5;77;10314774350;S
20240508;100025;7759;10;10314774371;S
20240508;100025;7759;19;10314774372;S
20240508;100025;7758.5;35;10314774397;S
20240508;100025;7758.5;10;10314774399;S
20240508;100025;7758.5;33;10314774408;S
20240508;100025;7760;10;10314774513;B
20240508;100025;7760.5;10;10314774514;B
20240508;100026;7758.5;1;10314774574;S
20240508;100026;7758.5;1;10314774748;S
20240508;100026;7758.5;5;10314774807;S
20240508;100026;7758.5;40;10314774808;S
20240508;100026;7758.5;50;10314774809;S
20240508;100026;7758.5;15;10314774811;S
20240508;100026;7758.5;1;10314774845;B
20240508;100027;7758.5;4;10314774889;B
20240508;100027;7758.5;5;10314774890;B
20240508;100027;7758.5;5;10314774891;B
20240508;100027;7758;10;10314774946;S
20240508;100027;7758;29;10314774947;S
20240508;100027;7757;11;10314774948;S
20240508;100027;7758.5;2;10314774949;B
20240508;100027;7757.5;1;10314775002;B
20240508;100027;7757;1;10314775003;S
20240508;100027;7757;1;10314775011;S
20240508;100028;7757.5;9;10314775068;B
20240508;100028;7757.5;10;10314775069;B
20240508;100028;7758;20;10314775070;B
20240508;100028;7757.5;3;10314775135;B
20240508;100028;7757.5;1;10314775166;B
20240508;100028;7757.5;1;10314775175;B
20240508;100029;7757.5;5;10314775266;B
20240508;100029;7757.5;5;10314775267;B
20240508;100029;7757;7;10314775276;S
20240508;100029;7757;1;10314775277;S
20240508;100029;7756;40;10314775278;S
20240508;100029;7755;3;10314775279;S
20240508;100029;7755;1;10314775280;S
20240508;100029;7755;29;10314775281;S
20240508;100029;7754.5;2;10314775282;S
20240508;100029;7754;2;10314775283;S
20240508;100029;7754;1;10314775284;S
20240508;100029;7754;12;10314775285;S
20240508;100029;7753.5;10;10314775286;S
20240508;100029;7753;1;10314775287;S
20240508;100029;7753;59;10314775288;S
20240508;100029;7752.5;2;10314775289;S
20240508;100029;7752;2;10314775290;S
20240508;100029;7752;100;10314775291;S
20240508;100029;7752;2;10314775292;S
20240508;100029;7752;2;10314775293;S
20240508;100029;7751.5;40;10314775294;S
20240508;100029;7751.5;30;10314775295;S
20240508;100029;7751;2;10314775296;S
20240508;100029;7751;1;10314775297;S
20240508;100029;7751;40;10314775298;S
20240508;100029;7751;12;10314775299;S
20240508;100029;7751;14;10314775300;S
20240508;100029;7752.5;121;10314775305;B
20240508;100029;7752;5;10314775338;S
20240508;100029;7752;7;10314775355;S
20240508;100029;7752;1;10314775356;S
20240508;100029;7752;20;10314775574;S
20240508;100030;7750.5;5;10314775679;S
20240508;100030;7753.5;3;10314775682;B
20240508;100030;7753.5;5;10314775687;B
20240508;100030;7752.5;10;10314775738;B
20240508;100030;7753;10;10314775739;B
20240508;100030;7753.5;10;10314775740;B
20240508;100030;7754;5;10314775741;B
20240508;100030;7754;15;10314775742;B
20240508;100030;7753.5;1;10314775760;B
20240508;100030;7753.5;2;10314775804;B
20240508;100030;7750.5;5;10314775809;S
20240508;100030;7750.5;12;10314775810;S
20240508;100030;7750.5;33;10314775811;S
20240508;100030;7754;10;10314775863;B
20240508;100030;7754;10;10314775864;B
20240508;100031;7754;3;10314775964;B
20240508;100031;7754;2;10314776022;B
20240508;100032;7754.5;3;10314776109;B
20240508;100032;7755;7;10314776110;B
20240508;100032;7755;10;10314776130;B
20240508;100032;7751.5;3;10314776197;S
20240508;100032;7752;2;10314776281;S
20240508;100032;7751;1;10314776282;S
20240508;100032;7750.5;7;10314776283;S
20240508;100032;7753.5;1;10314776286;B
20240508;100033;7754;1;10314776311;B
20240508;100033;7754;1;10314776364;B
20240508;100033;7750.5;5;10314776409;S
20240508;100033;7750.5;10;10314776410;S
20240508;100033;7750.5;40;10314776411;S
20240508;100033;7750;1;10314776412;S
20240508;100033;7750;12;10314776413;S
20240508;100033;7750;2;10314776414;S
20240508;100033;7750;30;10314776415;S
20240508;100034;7752.5;1;10314776476;B
20240508;100034;7752.5;9;10314776483;B
20240508;100034;7751.5;10;10314776484;B
20240508;100034;7752;10;10314776485;B
20240508;100034;7752;10;10314776529;B
20240508;100034;7752;8;10314776599;B
20240508;100035;7752;2;10314776611;B
20240508;100035;7751.5;10;10314776653;S
20240508;100035;7751.5;10;10314776654;S
20240508;100035;7751.5;10;10314776655;S
20240508;100035;7751.5;2;10314776656;S
20240508;100035;7750.5;12;10314776657;S
20240508;100035;7750.5;6;10314776658;S
20240508;100035;7752;10;10314776664;B
20240508;100035;7752;10;10314776699;B
20240508;100036;7750.5;4;10314776720;S
20240508;100036;7750.5;5;10314776721;S
20240508;100036;7752;22;10314776806;B
20240508;100037;7752;10;10314776864;B
20240508;100037;7750.5;7;10314776867;S
20240508;100037;7750.5;10;10314776868;S
20240508;100037;7750;5;10314776869;S
20240508;100037;7750;20;10314776870;S
20240508;100037;7750;1;10314776871;S
20240508;100037;7750;1;10314776872;S
20240508;100037;7750;4;10314776873;S
20240508;100037;7750;5;10314776874;S
20240508;100037;7750;50;10314776875;B
20240508;100037;7750;50;10314776876;B
20240508;100037;7750;47;10314776877;B
20240508;100037;7752;3;10314776881;B
20240508;100037;7752;1;10314776887;B
20240508;100037;7752;14;10314776895;B
20240508;100037;7752;17;10314776896;B
20240508;100037;7750.5;10;10314776945;S
20240508;100037;7750;3;10314776946;S
20240508;100037;7750;20;10314776947;S
20240508;100037;7749.5;8;10314776948;S
20240508;100037;7749.5;34;10314776949;S
20240508;100037;7750;40;10314776964;S
20240508;100037;7750;20;10314776965;S
20240508;100037;7750;10;10314776966;S
20240508;100037;7749.5;16;10314776967;S
20240508;100037;7749.5;29;10314776968;S
20240508;100037;7749;70;10314776969;S
20240508;100037;7748.5;2;10314776970;S
20240508;100037;7748.5;12;10314776971;S
20240508;100037;7748;2;10314776972;S
20240508;100037;7747.5;8;10314776973;S
20240508;100037;7747;1;10314776974;S
20240508;100037;7746.5;3;10314776975;S
20240508;100037;7746;3;10314776976;S
20240508;100037;7746;1;10314776977;S
20240508;100037;7746;1;10314776978;S
20240508;100037;7746;39;10314776979;S
20240508;100037;7745.5;16;10314776980;S
20240508;100037;7745.5;8;10314776981;S
20240508;100037;7745.5;9;10314776982;S
20240508;100037;7749.5;10;10314776983;B
20240508;100037;7750;10;10314776984;B
20240508;100037;7749.5;10;10314776986;B
20240508;100037;7749.5;10;10314776987;B
20240508;100037;7749.5;50;10314776988;B
20240508;100037;7749.5;12;10314776989;B
20240508;100037;7752;2;10314776997;B
20240508;100037;7751;1;10314777071;S
20240508;100037;7750;10;10314777072;S
20240508;100037;7749.5;18;10314777073;S
20240508;100037;7749.5;16;10314777074;S
20240508;100038;7748.5;7;10314777125;S
20240508;100038;7748;12;10314777158;S
20240508;100038;7748;10;10314777159;S
20240508;100038;7747.5;13;10314777160;S
20240508;100038;7750;10;10314777234;S
20240508;100038;7747.5;1;10314777251;S
20240508;100038;7749;30;10314777253;B
20240508;100039;7748.5;10;10314777290;S
20240508;100039;7747;12;10314777291;S
20240508;100039;7747;3;10314777292;S
20240508;100039;7746.5;10;10314777383;S
20240508;100039;7746.5;20;10314777384;S
20240508;100039;7746.5;12;10314777385;S
20240508;100039;7746.5;13;10314777386;S
20240508;100039;7748.5;1;10314777408;B
20240508;100039;7748.5;6;10314777409;B
20240508;100039;7749;6;10314777410;B
20240508;100039;7747.5;30;10314777430;B
20240508;100039;7747.5;10;10314777431;B
20240508;100039;7748;5;10314777456;B
20240508;100039;7748;5;10314777457;B
20240508;100040;7746.5;27;10314777490;S
20240508;100040;7746.5;18;10314777491;S
20240508;100040;7747.5;3;10314777492;B
20240508;100040;7747.5;7;10314777493;B
20240508;100040;7747.5;10;10314777494;B
20240508;100040;7747.5;10;10314777495;B
20240508;100040;7747.5;1;10314777512;S
20240508;100040;7748;6;10314777530;B
20240508;100040;7747.5;3;10314777532;S
20240508;100040;7747.5;6;10314777551;S
20240508;100040;7746.5;11;10314777552;S
20240508;100040;7746.5;12;10314777553;S
20240508;100040;7746;70;10314777554;S
20240508;100040;7746;20;10314777555;S
20240508;100040;7745.5;10;10314777556;S
20240508;100040;7745;8;10314777557;S
20240508;100040;7744.5;345;10314777558;S
20240508;100040;7744.5;8;10314777559;S
20240508;100040;7744;8;10314777560;S
20240508;100040;7744;2;10314777561;S
20240508;100040;7744.5;14;10314777567;S
20240508;100041;7747.5;2;10314777593;B
20240508;100041;7744.5;26;10314777630;S
20240508;100041;7744.5;29;10314777631;S
20240508;100041;7744.5;12;10314777632;S
20240508;100041;7744;6;10314777633;S
20240508;100041;7744;10;10314777634;S
20240508;100041;7743.5;11;10314777635;S
20240508;100041;7743;4;10314777636;S
20240508;100041;7742.5;2;10314777637;S
20240508;100041;7743;4;10314777746;S
20240508;100042;7743;8;10314777760;S
20240508;100042;7743;29;10314777761;S
20240508;100042;7743;3;10314777762;S
20240508;100042;7743;37;10314777846;S
20240508;100042;7743;29;10314777847;S
20240508;100042;7743;12;10314777848;S
20240508;100042;7742.5;3;10314777849;S
20240508;100042;7742;1;10314777850;S
20240508;100042;7742;10;10314777851;S
20240508;100042;7742;8;10314777852;B
20240508;100042;7743.5;7;10314777853;B
20240508;100042;7743.5;3;10314777854;S
20240508;100043;7743.5;6;10314777988;S
20240508;100043;7743.5;2;10314778005;S
20240508;100044;7744.5;1;10314778438;B
20240508;100044;7744.5;5;10314778470;B
20240508;100044;7744;12;10314778547;S
20240508;100044;7744;11;10314778548;S
20240508;100045;7744;15;10314778607;S
20240508;100045;7746.5;1;10314778617;B
20240508;100045;7744;2;10314778628;S
20240508;100045;7746.5;2;10314778634;B
20240508;100045;7745;10;10314778643;S
20240508;100045;7745;40;10314778644;S
20240508;100045;7744.5;10;10314778645;S
20240508;100045;7744.5;12;10314778646;S
20240508;100045;7744;5;10314778647;S
20240508;100045;7743.5;2;10314778648;S
20240508;100045;7742.5;51;10314778649;S
20240508;100045;7746.5;7;10314778703;B
20240508;100045;7746.5;8;10314778704;B
20240508;100045;7748;4;10314778705;B
20240508;100045;7747;1;10314778718;B
20240508;100045;7747;1;10314778768;B
20240508;100046;7746;1;10314778913;S
20240508;100046;7746;10;10314778938;S
20240508;100046;7746;10;10314778949;S
20240508;100046;7745.5;1;10314778950;S
20240508;100046;7745.5;6;10314778951;S
20240508;100046;7744.5;20;10314778952;S
20240508;100046;7744.5;12;10314778953;S
20240508;100046;7743.5;10;10314778954;S
20240508;100046;7743;27;10314778955;S
20240508;100046;7743;10;10314778956;S
20240508;100046;7742.5;20;10314778957;S
20240508;100046;7742;42;10314778958;S
20240508;100046;7741.5;2;10314778959;S
20240508;100046;7741.5;20;10314778960;S
20240508;100046;7741.5;12;10314778961;S
20240508;100046;7741.5;6;10314778962;S
20240508;100046;7741;1;10314778963;S
20240508;100046;7741;1;10314778964;S
20240508;100046;7741.5;15;10314778965;S
20240508;100047;7747.5;3;10314779147;B
20240508;100048;7743;1;10314779318;S
20240508;100049;7744;2;10314779408;S
20240508;100049;7743;12;10314779409;S
20240508;100049;7742.5;2;10314779410;S
20240508;100049;7742;9;10314779411;S
20240508;100049;7746;2;10314779498;S
20240508;100049;7743.5;3;10314779503;B
20240508;100049;7746;2;10314779504;B
20240508;100049;7746;1;10314779515;B
20240508;100049;7743.5;3;10314779579;S
20240508;100050;7746;1;10314779580;B
20240508;100050;7743.5;7;10314779662;S
20240508;100050;7743.5;6;10314779663;S
20240508;100050;7743.5;23;10314779665;S
20240508;100050;7743.5;18;10314779666;S
20240508;100050;7743.5;22;10314779668;S
20240508;100050;7743.5;10;10314779669;S
20240508;100050;7743.5;18;10314779670;S
20240508;100050;7744.5;1;10314779793;B
20240508;100051;7743.5;12;10314779857;S
20240508;100052;7744;50;10314780011;B
20240508;100052;7744;50;10314780013;B
20240508;100052;7744;50;10314780014;B
20240508;100052;7744;24;10314780015;B
20240508;100052;7745;5;10314780016;B
20240508;100052;7746.5;1;10314780017;B
20240508;100052;7746.5;2;10314780018;B
20240508;100052;7747.5;28;10314780019;B
20240508;100052;7747.5;1;10314780020;B
20240508;100052;7747.5;9;10314780030;B
20240508;100052;7748.5;10;10314780031;B
20240508;100052;7749;16;10314780032;B
20240508;100052;7748.5;10;10314780033;S
20240508;100052;7745;1;10314780044;S
20240508;100052;7748.5;10;10314780048;B
20240508;100052;7749;14;10314780049;B
20240508;100052;7749.5;2;10314780050;B
20240508;100052;7749.5;50;10314780051;B
20240508;100052;7749.5;1;10314780058;B
20240508;100053;7746.5;10;10314780159;S
20240508;100053;7746.5;20;10314780160;S
20240508;100053;7748.5;2;10314780172;B
20240508;100053;7748.5;8;10314780218;B
20240508;100053;7748.5;2;10314780219;B
20240508;100053;7749.5;10;10314780220;B
20240508;100053;7749.5;1;10314780293;B
20240508;100053;7749.5;2;10314780294;B
20240508;100054;7749;20;10314780345;S
20240508;100054;7749.5;7;10314780429;B
20240508;100054;7749.5;33;10314780430;B
20240508;100054;7749.5;20;10314780432;B
20240508;100055;7749.5;3;10314780469;B
20240508;100055;7749;9;10314780556;S
20240508;100055;7749;1;10314780557;S
20240508;100055;7749.5;4;10314780598;B
20240508;100055;7749;1;10314780604;S
20240508;100055;7749.5;10;10314780617;B
20240508;100055;7749.5;1;10314780628;B
20240508;100056;7749.5;1;10314780669;B
20240508;100056;7749.5;3;10314780689;B
20240508;100056;7749.5;2;10314780699;B
20240508;100056;7749;3;10314780732;S
20240508;100056;7749;5;10314780733;S
20240508;100056;7749;12;10314780734;S
20240508;100056;7749;2;10314780748;B
20240508;100057;7749;6;10314780776;B
20240508;100057;7749.5;100;10314780836;B
20240508;100057;7749.5;1;10314780854;B
20240508;100057;7749.5;1;10314780872;B
20240508;100057;7749;20;10314780891;S
20240508;100057;7749.5;1;10314780898;B
20240508;100057;7749;7;10314780906;S
20240508;100058;7749.5;1;10314781010;B
20240508;100058;7749.5;3;10314781025;B
20240508;100058;7750;3;10314781026;B
20240508;100058;7749;2;10314781166;S
20240508;100059;7750;12;10314781265;B
20240508;100059;7749;1;10314781278;S
20240508;100059;7749;5;10314781279;S
20240508;100059;7749;4;10314781280;S
20240508;100059;7750;20;10314781288;B
20240508;100059;7750;2;10314781294;B
20240508;100100;7750;1;10314781391;B
20240508;100100;7749.5;20;10314781450;S
20240508;100100;7749.5;5;10314781451;S
20240508;100100;7749.5;29;10314781452;S
20240508;100100;7749;1;10314781453;S
20240508;100100;7749;1;10314781454;S
20240508;100100;7749;10;10314781455;S
20240508;100100;7748.5;2;10314781456;S
20240508;100100;7750;20;10314781459;B
20240508;100100;7749.5;10;10314781461;B
20240508;100100;7750;10;10314781462;B
20240508;100100;7750;12;10314781464;B
20240508;100100;7750;1;10314781465;B
20240508;100100;7750;1;10314781466;B
20240508;100100;7750;5;10314781467;B
20240508;100100;7750;1;10314781501;S
20240508;100100;7750;20;10314781502;S
20240508;100100;7750;10;10314781503;S
20240508;100100;7749.5;4;10314781504;S
20240508;100100;7749.5;16;10314781510;S
20240508;100100;7749.5;10;10314781511;S
20240508;100100;7749;1;10314781512;S
20240508;100100;7750.5;4;10314781519;B
20240508;100101;7750.5;1;10314781606;B
20240508;100101;7749.5;1;10314781660;S
20240508;100101;7749;3;10314781661;S
20240508;100101;7749;25;10314781688;S
20240508;100101;7749;5;10314781689;S
20240508;100101;7749;10;10314781690;S
20240508;100101;7749;1;10314781709;B
20240508;100102;7749;9;10314781782;B
20240508;100102;7750;5;10314781783;B
20240508;100102;7750.5;15;10314781784;B
20240508;100102;7750.5;5;10314781854;B
20240508;100102;7751.5;10;10314781855;B
20240508;100102;7751.5;5;10314781856;B
20240508;100102;7751;1;10314781874;S
20240508;100102;7751;3;10314781883;S
20240508;100103;7751.5;1;10314781952;B
20240508;100103;7751.5;14;10314782021;B
20240508;100103;7751.5;6;10314782022;B
20240508;100103;7751.5;6;10314782023;B
20240508;100103;7752;2;10314782032;B
20240508;100103;7752;1;10314782155;B
20240508;100104;7752;3;10314782214;B
20240508;100104;7752;17;10314782215;B
20240508;100104;7752;30;10314782216;B
20240508;100104;7752;20;10314782223;B
20240508;100104;7752;20;10314782224;B
20240508;100104;7752;1;10314782269;B
20240508;100105;7751.5;10;10314782300;S
20240508;100105;7751.5;5;10314782301;S
20240508;100105;7751.5;1;10314782302;S
20240508;100105;7751;4;10314782303;S
20240508;100105;7752;1;10314782387;B
20240508;100105;7752;10;10314782390;B
20240508;100106;7752;1;10314782408;B
20240508;100106;7752;1;10314782432;B
20240508;100106;7752;10;10314782479;B
20240508;100106;7751.5;5;10314782485;S
20240508;100106;7752;1;10314782488;B
20240508;100107;7751.5;1;10314782695;S
20240508;100107;7751.5;3;10314782696;S
20240508;100108;7751.5;10;10314782735;S
20240508;100108;7752;10;10314782786;B
20240508;100108;7752;3;10314782794;B
20240508;100109;7752;13;10314782902;B
20240508;100109;7752;5;10314782973;B
20240508;100110;7752;8;10314783018;B
20240508;100111;7751.5;19;10314783233;S
20240508;100111;7751.5;10;10314783234;S
20240508;100111;7751.5;10;10314783235;S
20240508;100111;7751;6;10314783236;S
20240508;100111;7751;10;10314783237;S
20240508;100111;7751;5;10314783238;S
20240508;100111;7751;3;10314783239;S
20240508;100111;7750;39;10314783240;S
20240508;100111;7750;3;10314783241;S
20240508;100111;7750;500;10314783253;B
20240508;100112;7749.5;41;10314783321;S
20240508;100112;7749.5;2;10314783322;S
20240508;100112;7749.5;39;10314783323;S
20240508;100112;7749.5;10;10314783324;S
20240508;100112;7749;29;10314783325;S
20240508;100112;7749;6;10314783326;S
20240508;100112;7748.5;8;10314783327;S
20240508;100112;7746.5;5;10314783328;S
20240508;100112;7749.5;10;10314783329;S
20240508;100112;7749.5;10;10314783330;S
20240508;100112;7749.5;4;10314783334;S
20240508;100112;7749.5;10;10314783346;S
20240508;100113;7749.5;39;10314783464;S
20240508;100113;7749.5;29;10314783465;S
20240508;100113;7749;20;10314783466;S
20240508;100113;7749;10;10314783467;B
20240508;100113;7749;2;10314783534;B
20240508;100114;7749.5;6;10314783555;B
20240508;100114;7749.5;10;10314783556;B
20240508;100114;7750;1;10314783563;B
20240508;100114;7750;5;10314783603;B
20240508;100114;7750;1;10314783609;B
20240508;100114;7750;1;10314783612;B
20240508;100114;7749.5;8;10314783633;S
20240508;100114;7749.5;10;10314783634;S
20240508;100114;7749;2;10314783635;S
20240508;100115;7749.5;10;10314783771;B
20240508;100115;7750;15;10314783772;B
20240508;100116;7749;14;10314783886;S
20240508;100117;7749.5;2;10314783974;B
20240508;100117;7749.5;3;10314783994;B
20240508;100117;7749.5;1;10314784007;B
20240508;100117;7749;2;10314784026;S
20240508;100118;7749.5;4;10314784052;B
20240508;100118;7749.5;6;10314784053;B
20240508;100118;7749.5;2;10314784054;B
20240508;100118;7749.5;5;10314784093;B
20240508;100118;7749.5;5;10314784095;B
20240508;100118;7749.5;10;10314784096;B
20240508;100118;7750;115;10314784097;B
20240508;100119;7749.5;1;10314784192;B
20240508;100119;7749.5;1;10314784267;B
20240508;100120;7749;2;10314784333;S
20240508;100120;7748;6;10314784334;S
20240508;100120;7748;1;10314784335;S
20240508;100120;7747;11;10314784336;S
20240508;100120;7748.5;10;10314784441;B
20240508;100120;7747;1;10314784449;S
20240508;100120;7746.5;29;10314784450;S
20240508;100120;7746.5;6;10314784451;S
20240508;100120;7746;20;10314784452;S
20240508;100120;7746;7;10314784453;S
20240508;100120;7746;10;10314784454;S
20240508;100120;7745.5;40;10314784455;S
20240508;100120;7745.5;38;10314784456;S
20240508;100121;7745.5;30;10314784516;B
20240508;100122;7745;1;10314784674;S
20240508;100123;7745.5;2;10314784803;B
20240508;100124;7745.5;1;10314785029;B
20240508;100124;7745.5;5;10314785157;B
20240508;100125;7745.5;1;10314785179;B
20240508;100125;7745.5;5;10314785225;B
20240508;100125;7745;1;10314785261;S
20240508;100125;7745;2;10314785262;S
20240508;100125;7745;2;10314785263;S
20240508;100125;7745;75;10314785264;S
20240508;100125;7745;1;10314785265;S
20240508;100125;7745;6;10314785266;S
20240508;100125;7745;4;10314785276;S
20240508;100125;7745;1;10314785277;S
20240508;100125;7745;20;10314785278;S
20240508;100125;7744.5;10;10314785280;B
20240508;100125;7744;3;10314785297;S
20240508;100125;7743.5;1;10314785298;S
20240508;100125;7743.5;1;10314785299;S
20240508;100125;7743;1;10314785300;S
20240508;100125;7742.5;1;10314785301;S
20240508;100125;7742.5;1;10314785302;S
20240508;100125;7744;10;10314785316;B
20240508;100126;7744.5;2;10314785380;B
20240508;100126;7743;30;10314785484;B
20240508;100126;7743;9;10314785485;B
20240508;100126;7743;7;10314785528;S
20240508;100126;7743;4;10314785577;S
20240508;100126;7743;10;10314785578;S
20240508;100126;7743;29;10314785579;S
20240508;100126;7742.5;1;10314785582;S
20240508;100126;7742.5;4;10314785583;S
20240508;100126;7743;20;10314785584;B
20240508;100126;7743;7;10314785585;B
20240508;100126;7743;33;10314785586;B
20240508;100126;7743;6;10314785587;B
20240508;100127;7743;34;10314785601;S
20240508;100127;7742.5;1;10314785602;S
20240508;100127;7742.5;7;10314785603;S
20240508;100127;7742;2;10314785604;S
20240508;100127;7742;6;10314785605;S
20240508;100127;7743.5;2;10314785649;B
20240508;100127;7742.5;1;10314785660;S
20240508;100127;7743.5;7;10314785662;B
20240508;100127;7742.5;2;10314785754;B
20240508;100128;7742.5;1;10314785769;S
20240508;100128;7743;1;10314785781;B
20240508;100128;7743;39;10314785782;B
20240508;100128;7743.5;1;10314785795;B
20240508;100128;7742.5;3;10314785876;S
20240508;100128;7742.5;20;10314785877;S
20240508;100128;7742;42;10314785878;S
20240508;100128;7742;15;10314785879;S
20240508;100128;7742;10;10314785880;S
20240508;100128;7742;50;10314785881;B
20240508;100128;7742;50;10314785882;B
20240508;100129;7741.5;1;10314785896;S
20240508;100129;7741.5;11;10314785926;S
20240508;100129;7741.5;7;10314785927;S
20240508;100129;7741.5;29;10314785928;S
20240508;100129;7741;9;10314785929;S
20240508;100129;7741;15;10314785930;S
20240508;100129;7741;420;10314785931;S
20240508;100129;7741;12;10314785932;S
20240508;100129;7740.5;10;10314785933;S
20240508;100129;7740.5;100;10314785934;S
20240508;100129;7740.5;10;10314785935;S
20240508;100129;7740;5;10314785936;S
20240508;100129;7740;1;10314785937;S
20240508;100129;7740;10;10314785938;S
20240508;100129;7740;80;10314785939;S
20240508;100129;7740;2;10314785940;S
20240508;100129;7740;1;10314785941;S
20240508;100129;7740;10;10314785942;S
20240508;100129;7740;1;10314785943;S
20240508;100129;7740;1;10314785944;S
20240508;100129;7739.5;1;10314785945;S
20240508;100129;7738.5;2;10314785946;S
20240508;100129;7738.5;1;10314785947;S
20240508;100129;7738.5;70;10314785948;S
20240508;100129;7738;12;10314785949;S
20240508;100129;7737.5;5;10314785950;S
20240508;100129;7737;15;10314785951;S
20240508;100129;7737;10;10314785952;S
20240508;100129;7736.5;1;10314785953;S
20240508;100129;7736;5;10314785954;S
20240508;100129;7735.5;39;10314785955;S
20240508;100129;7735.5;51;10314785956;S
20240508;100129;7735;2;10314785957;S
20240508;100129;7735;12;10314785958;S
20240508;100129;7735;40;10314785959;S
20240508;100129;7735;1;10314785960;S
20240508;100129;7734.5;300;10314785961;S
20240508;100129;7734;1;10314785962;S
20240508;100129;7734;5;10314785963;S
20240508;100129;7734;6;10314785964;S
20240508;100129;7734;40;10314785965;S
20240508;100129;7733.5;1;10314785966;S
20240508;100129;7733.5;300;10314785967;S
20240508;100129;7732.5;1;10314785968;S
20240508;100129;7732.5;5;10314785969;S
20240508;100129;7732.5;40;10314785970;S
20240508;100129;7732;50;10314785971;S
20240508;100129;7732;222;10314785972;S
20240508;100129;7732;5;10314785973;S
20240508;100129;7731.5;5;10314785974;S
20240508;100129;7731.5;50;10314785975;S
20240508;100129;7731.5;1;10314785976;S
20240508;100129;7731;5;10314785977;S
20240508;100129;7731;1;10314785978;S
20240508;100129;7731;280;10314785979;S
20240508;100129;7731;10;10314785980;S
20240508;100129;7730.5;1;10314785981;S
20240508;100129;7730.5;30;10314785982;S
20240508;100129;7730;30;10314785983;S
20240508;100129;7730;15;10314785984;S
20240508;100129;7730;20;10314785985;S
20240508;100129;7730;1;10314785986;S
20240508;100129;7730;50;10314785987;S
20240508;100129;7730;87;10314785988;S
20240508;100129;7730;10;10314785989;S
20240508;100129;7730;5;10314785990;S
20240508;100129;7730;1;10314785991;S
20240508;100129;7730;3;10314785992;S
20240508;100129;7730;10;10314785993;S
20240508;100129;7730;150;10314785994;S
20240508;100129;7730;50;10314785995;S
20240508;100129;7730;5;10314785996;S
20240508;100129;7729;5;10314785997;S
20240508;100129;7729;1;10314785998;S
20240508;100129;7729;1;10314785999;S
20240508;100129;7729;10;10314786000;S
20240508;100129;7729;6;10314786001;S
20240508;100129;7729;25;10314786002;S
20240508;100129;7729;155;10314786003;S
20240508;100129;7732.5;10;10314786008;B
20240508;100129;7734.5;7;10314786009;B
20240508;100129;7738.5;10;10314786011;B
20240508;100129;7739;10;10314786012;B
20240508;100129;7736;1;10314786020;S
20240508;100129;7736;11;10314786025;S
20240508;100129;7736;10;10314786026;S
20240508;100129;7735.5;23;10314786027;S
20240508;100129;7735.5;10;10314786028;S
20240508;100129;7735;7;10314786029;S
20240508;100129;7735;9;10314786030;S
20240508;100129;7734.5;2;10314786038;S
20240508;100130;7738.5;6;10314786180;B
20240508;100130;7738;20;10314786207;S
20240508;100130;7735;12;10314786242;S
20240508;100130;7735;10;10314786243;S
20240508;100130;7734.5;39;10314786244;S
20240508;100130;7734;2;10314786245;S
20240508;100131;7736.5;10;10314786372;B
20240508;100131;7737;1;10314786376;B
20240508;100131;7737;5;10314786391;B
20240508;100131;7736.5;10;10314786394;S
20240508;100132;7735.5;5;10314786532;S
20240508;100132;7734.5;1;10314786533;S
20240508;100132;7734.5;10;10314786567;S
20240508;100132;7734;4;10314786568;S
20240508;100133;7736;1;10314786629;B
20240508;100133;7736;5;10314786630;B
20240508;100133;7736.5;8;10314786631;B
20240508;100133;7735.5;1;10314786662;B
20240508;100133;7736.5;1;10314786663;B
20240508;100133;7736.5;50;10314786664;B
20240508;100133;7736.5;46;10314786711;B
20240508;100133;7736.5;4;10314786712;B
20240508;100134;7736;10;10314786753;S
20240508;100134;7737;19;10314786789;B
20240508;100134;7737;10;10314786790;B
20240508;100134;7737;10;10314786791;B
20240508;100134;7737;5;10314786792;B
20240508;100134;7737;1;10314786793;B
20240508;100134;7737;10;10314786795;B
20240508;100134;7737.5;1;10314786858;B
20240508;100134;7737.5;3;10314786859;B
20240508;100135;7737.5;2;10314786874;B
20240508;100135;7738.5;1;10314786916;B
20240508;100135;7738.5;1;10314786917;B
20240508;100135;7738;5;10314786938;S
20240508;100135;7738;2;10314786961;S
20240508;100135;7738.5;1;10314786985;B
20240508;100136;7739;13;10314787054;S
20240508;100136;7737;39;10314787055;S
20240508;100136;7736.5;1;10314787056;S
20240508;100136;7736.5;10;10314787057;S
20240508;100136;7736.5;10;10314787058;S
20240508;100136;7736;10;10314787059;S
20240508;100136;7736;10;10314787060;S
20240508;100136;7735.5;12;10314787061;S
20240508;100136;7735.5;1;10314787062;S
20240508;100136;7735;5;10314787063;S
20240508;100136;7735;29;10314787064;S
20240508;100136;7734.5;2;10314787065;S
20240508;100136;7734;17;10314787066;S
20240508;100136;7734;1;10314787067;S
20240508;100136;7733.5;70;10314787068;S
20240508;100136;7733.5;2;10314787069;S
20240508;100136;7733;5;10314787070;S
20240508;100136;7732.5;19;10314787071;S
20240508;100136;7732.5;12;10314787072;S
20240508;100136;7732;5;10314787073;S
20240508;100136;7732;2;10314787074;S
20240508;100136;7731.5;40;10314787075;S
20240508;100136;7731.5;25;10314787076;S
20240508;100136;7731;500;10314787077;S
20240508;100136;7731;20;10314787078;S
20240508;100136;7730.5;2;10314787079;S
20240508;100136;7730.5;10;10314787080;S
20240508;100136;7730;10;10314787081;S
20240508;100136;7730;1;10314787082;S
20240508;100136;7730;10;10314787083;S
20240508;100136;7729.5;40;10314787084;S
20240508;100136;7729.5;8;10314787085;S
20240508;100136;7729.5;12;10314787086;S
20240508;100136;7729.5;2;10314787087;S
20240508;100136;7729;59;10314787088;S
20240508;100136;7734;20;10314787090;B
20240508;100136;7737;10;10314787092;B
20240508;100136;7737;10;10314787093;B
20240508;100137;7737;1;10314787418;B
20240508;100137;7736;20;10314787423;B
20240508;100138;7736;1;10314787529;B
20240508;100138;7736;4;10314787549;B
20240508;100138;7736.5;1;10314787557;B
20240508;100140;7737;5;10314787878;B
20240508;100140;7737;1;10314787879;B
20240508;100140;7736.5;6;10314787898;S
20240508;100140;7736.5;4;10314787911;S
20240508;100140;7735.5;1;10314787912;S
20240508;100141;7736.5;2;10314788014;B
20240508;100141;7736.5;1;10314788035;B
20240508;100141;7736.5;1;10314788047;B
20240508;100142;7736.5;4;10314788137;B
20240508;100142;7736.5;6;10314788138;B
20240508;100143;7736;2;10314788423;S
20240508;100143;7736.5;2;10314788490;B
20240508;100143;7736.5;8;10314788501;B
20240508;100143;7737;1;10314788502;B
20240508;100143;7737;1;10314788503;B
20240508;100144;7737;4;10314788527;B
20240508;100144;7737;29;10314788528;B
20240508;100144;7737;10;10314788529;B
20240508;100144;7738.5;57;10314788530;B
20240508;100144;7738;8;10314788531;B
20240508;100144;7738;10;10314788548;S
20240508;100144;7737.5;20;10314788549;S
20240508;100144;7737.5;39;10314788550;S
20240508;100145;7738;4;10314788699;B
20240508;100146;7738;10;10314789295;S
20240508;100147;7739.5;1;10314789591;B
20240508;100149;7739;5;10314789840;S
20240508;100149;7738.5;4;10314789850;B
20240508;100149;7739;1;10314789874;B
20240508;100149;7739;1;10314789879;B
20240508;100150;7739;8;10314789997;B
20240508;100151;7738;1;10314790106;B
20240508;100151;7738;1;10314790132;B
20240508;100151;7738;1;10314790240;B
20240508;100151;7737.5;10;10314790265;S
20240508;100151;7737;2;10314790292;S
20240508;100152;7737.5;1;10314790347;B
20240508;100152;7737;1;10314790510;S
20240508;100152;7736.5;2;10314790511;S
20240508;100152;7736.5;1;10314790512;S
20240508;100152;7736.5;1;10314790513;S
20240508;100152;7736.5;5;10314790514;S
20240508;100152;7738;6;10314790518;B
20240508;100153;7737.5;1;10314790736;B
20240508;100156;7738.5;46;10314791080;B
20240508;100156;7738.5;92;10314791135;B
20240508;100156;7739;300;10314791136;B
20240508;100156;7739.5;10;10314791137;B
20240508;100156;7740;30;10314791138;B
20240508;100156;7740;2;10314791139;B
20240508;100156;7740.5;29;10314791140;B
20240508;100156;7741;12;10314791141;B
20240508;100156;7742.5;2;10314791142;B
20240508;100156;7743.5;2;10314791143;B
20240508;100156;7743.5;20;10314791144;B
20240508;100156;7744;1;10314791145;B
20240508;100156;7744;10;10314791146;B
20240508;100156;7744;78;10314791147;B
20240508;100156;7744;12;10314791148;B
20240508;100156;7744.5;40;10314791149;B
20240508;100156;7744.5;78;10314791150;B
20240508;100156;7745;60;10314791151;B
20240508;100156;7744;20;10314791153;B
20240508;100156;7740;2;10314791209;S
20240508;100156;7742;300;10314791263;B
20240508;100157;7742.5;30;10314791299;B
20240508;100157;7740.5;10;10314791351;S
20240508;100157;7740;25;10314791352;S
20240508;100157;7739;65;10314791353;S
20240508;100158;7742.5;2;10314791493;B
20240508;100158;7742.5;3;10314791494;B
20240508;100158;7743.5;4;10314791600;B
20240508;100159;7743;5;10314791660;S
20240508;100159;7743.5;1;10314791683;B
20240508;100159;7743.5;7;10314791710;B
20240508;100159;7743.5;6;10314791711;B
20240508;100159;7743.5;2;10314791762;B
20240508;100201;7743;5;10314791952;S
20240508;100202;7741.5;1;10314792099;S
20240508;100202;7741.5;10;10314792269;S
20240508;100205;7741.5;1;10314792560;B
20240508;100205;7741.5;6;10314792561;B
20240508;100205;7741.5;10;10314792562;B
20240508;100205;7742;29;10314792563;B
20240508;100205;7743;1;10314792564;B
20240508;100205;7743.5;12;10314792565;B
20240508;100205;7744;1;10314792566;B
20240508;100205;7744.5;30;10314792567;B
20240508;100205;7744.5;10;10314792568;B
20240508;100205;7744.5;2;10314792618;B
20240508;100206;7744.5;10;10314792657;B
20240508;100207;7743.5;10;10314792783;B
20240508;100207;7744;1;10314792817;B
20240508;100207;7743.5;3;10314792826;S
20240508;100207;7744;4;10314792875;B
20240508;100208;7744;7;10314792876;B
20240508;100208;7743.5;10;10314792913;S
20240508;100209;7744;1;10314793185;B
20240508;100210;7743.5;22;10314793271;S
20240508;100212;7744;1;10314793568;B
20240508;100213;7744;1;10314793619;B
20240508;100213;7744;15;10314793704;B
20240508;100213;7744;6;10314793705;B
20240508;100213;7744;12;10314793706;B
20240508;100213;7744;7;10314793707;B
20240508;100214;7743.5;5;10314793870;S
20240508;100214;7743.5;5;10314793902;S
20240508;100215;7743.5;5;10314793932;S
20240508;100215;7743.5;5;10314793944;S
20240508;100215;7743.5;1;10314793952;S
20240508;100215;7743.5;4;10314793966;S
20240508;100216;7744.5;6;10314794154;B
20240508;100217;7743.5;35;10314794291;S
20240508;100217;7743;21;10314794292;S
20240508;100218;7744;2;10314794477;B
20240508;100218;7744;1;10314794508;B
20240508;100218;7743.5;1;10314794527;S
20240508;100219;7744;2;10314794562;B
20240508;100219;7744;8;10314794563;B
20240508;100219;7744;3;10314794834;B
20240508;100219;7744;1;10314794835;B
20240508;100219;7744.5;1;10314794836;B
20240508;100220;7744.5;5;10314794926;B
20240508;100220;7744.5;10;10314794927;B
20240508;100221;7744.5;2;10314795190;B
20240508;100221;7744.5;1;10314795191;B
20240508;100221;7744.5;15;10314795192;B
20240508;100222;7744.5;1;10314795227;B
20240508;100225;7744.5;5;10314795691;B
20240508;100225;7744;17;10314795694;S
20240508;100225;7744;1;10314795695;S
20240508;100225;7744;10;10314795696;S
20240508;100225;7744;3;10314795700;B
20240508;100225;7744;5;10314795725;B
20240508;100227;7744;5;10314796071;B
20240508;100228;7744;23;10314796233;B
20240508;100228;7744;100;10314796234;B
20240508;100228;7744.5;7;10314796235;B
20240508;100228;7744.5;6;10314796236;B
20240508;100228;7744.5;43;10314796237;B
20240508;100228;7744;4;10314796238;S
20240508;100229;7744;13;10314796340;S
20240508;100229;7744;1;10314796341;S
20240508;100229;7744;2;10314796374;B
20240508;100229;7744;15;10314796375;B
20240508;100229;7744;18;10314796376;B
20240508;100229;7744;17;10314796377;B
20240508;100229;7744;18;10314796378;B
20240508;100230;7744;1;10314796511;B
20240508;100230;7744;7;10314796515;B
20240508;100230;7743.5;5;10314796547;S
20240508;100231;7743.5;1;10314796603;S
20240508;100231;7744;2;10314796623;B
20240508;100231;7744;2;10314796660;B
20240508;100232;7743.5;1;10314796755;S
20240508;100233;7743.5;1;10314796942;S
20240508;100233;7743.5;1;10314796943;S
20240508;100234;7744;1;10314797049;B
20240508;100234;7744;1;10314797109;B
20240508;100237;7744;5;10314797495;B
20240508;100238;7744;84;10314797641;B
20240508;100238;7744;9;10314797642;B
20240508;100238;7744;7;10314797643;B
20240508;100238;7743.5;1;10314797645;S
20240508;100238;7743.5;28;10314797694;S
20240508;100238;7743.5;172;10314797695;S
20240508;100239;7744;5;10314797723;B
20240508;100239;7744;15;10314797724;B
20240508;100241;7744;1;10314798048;B
20240508;100241;7744;3;10314798103;B
20240508;100241;7744;19;10314798162;B
20240508;100241;7744;11;10314798163;B
20240508;100241;7744;11;10314798164;B
20240508;100241;7744;4;10314798165;B
20240508;100241;7744;1;10314798166;B
20240508;100241;7744;4;10314798167;B
20240508;100242;7744;6;10314798184;B
20240508;100242;7744;4;10314798185;B
20240508;100242;7743.5;15;10314798393;S
20240508;100243;7744;15;10314798416;B
20240508;100243;7744;18;10314798417;B
20240508;100243;7744;2;10314798418;B
20240508;100243;7744;8;10314798435;B
20240508;100243;7744;2;10314798436;B
20240508;100243;7744;4;10314798456;B
20240508;100243;7744;4;10314798457;B
20240508;100243;7744;7;10314798462;B
20240508;100243;7744;5;10314798463;B
20240508;100243;7744;7;10314798464;B
20240508;100243;7743.5;2;10314798501;S
20240508;100244;7743.5;2;10314798689;S
20240508;100245;7743.5;2;10314798721;S
20240508;100245;7744;1;10314798760;B
20240508;100245;7744;4;10314798811;B
20240508;100245;7744;6;10314798812;B
20240508;100245;7744;8;10314798828;B
20240508;100245;7744;2;10314798829;B
20240508;100246;7744;1;10314798943;B
20240508;100248;7744;7;10314799197;B
20240508;100249;7744;7;10314799317;B
20240508;100249;7744;3;10314799318;B
20240508;100250;7743.5;12;10314799372;S
20240508;100250;7744;5;10314799499;B
20240508;100252;7743.5;64;10314799647;S
20240508;100253;7744;1;10314799875;B
20240508;100254;7744;1;10314799935;B
20240508;100256;7744;3;10314800312;B
20240508;100257;7743.5;15;10314800397;S
20240508;100258;7744;1;10314800560;B
20240508;100259;7744;10;10314800609;B
20240508;100259;7743.5;14;10314800676;S
20240508;100259;7743.5;13;10314800677;S
20240508;100259;7743.5;8;10314800678;S
20240508;100259;7743.5;5;10314800679;S
20240508;100259;7743.5;17;10314800680;S
20240508;100259;7743.5;46;10314800681;S
20240508;100259;7743.5;14;10314800682;S
20240508;100259;7743.5;22;10314800683;S
20240508;100259;7743.5;16;10314800684;S
20240508;100259;7743.5;7;10314800685;S
20240508;100259;7743.5;25;10314800686;S
20240508;100259;7743.5;13;10314800687;S
20240508;100259;7743.5;16;10314800688;S
20240508;100259;7743.5;6;10314800689;S
20240508;100259;7743.5;6;10314800690;S
20240508;100259;7743.5;1;10314800691;S
20240508;100259;7743.5;1;10314800692;S
20240508;100259;7743.5;6;10314800693;S
20240508;100259;7743.5;12;10314800695;S
20240508;100259;7743.5;21;10314800696;S
20240508;100259;7743.5;1;10314800697;S
20240508;100259;7743.5;1;10314800698;S
20240508;100259;7743.5;12;10314800699;S
20240508;100259;7743.5;19;10314800700;S
20240508;100259;7743.5;31;10314800701;S
20240508;100259;7743.5;1;10314800702;S
20240508;100259;7743.5;100;10314800703;S
20240508;100259;7743.5;17;10314800704;S
20240508;100259;7743.5;21;10314800706;S
20240508;100259;7743.5;12;10314800707;S
20240508;100259;7743.5;18;10314800708;S
20240508;100259;7743.5;13;10314800709;S
20240508;100259;7744;1;10314800718;B
20240508;100259;7743.5;6;10314800729;S
20240508;100302;7743.5;10;10314800966;S
20240508;100302;7744;2;10314801078;B
20240508;100303;7744;1;10314801127;B
20240508;100303;7744;1;10314801180;B
20240508;100305;7744;3;10314801404;B
20240508;100305;7744;17;10314801405;B
20240508;100305;7743.5;10;10314801441;S
20240508;100305;7744;1;10314801448;B
20240508;100306;7744;1;10314801644;B
20240508;100306;7743.5;19;10314801703;S
20240508;100306;7743.5;6;10314801704;S
20240508;100306;7744;4;10314801715;B
20240508;100306;7744;15;10314801739;B
20240508;100306;7744;5;10314801740;B
20240508;100307;7743.5;1;10314801882;S
20240508;100308;7744;1;10314801980;B
20240508;100309;7743.5;20;10314802263;S
20240508;100311;7743.5;10;10314802423;S
20240508;100311;7743.5;6;10314802460;S
20240508;100311;7743.5;2;10314802461;S
20240508;100311;7743.5;1;10314802522;B
20240508;100312;7743.5;5;10314802680;B
20240508;100313;7743.5;2;10314802696;B
20240508;100314;7743;1;10314802932;S
20240508;100315;7743.5;2;10314803107;B
20240508;100316;7743;3;10314803312;S
20240508;100317;7743.5;1;10314803533;B
20240508;100318;7743.5;1;10314803629;B
20240508;100318;7743.5;1;10314803634;B
20240508;100318;7743;2;10314803699;S
20240508;100319;7743.5;1;10314803703;B
20240508;100319;7743.5;2;10314803723;B
20240508;100319;7743.5;1;10314803743;B
20240508;100321;7743;73;10314803876;S
20240508;100321;7743;1;10314803877;S
20240508;100321;7743;5;10314803878;S
20240508;100321;7743;8;10314803879;S
20240508;100321;7743;2;10314803880;S
20240508;100321;7743;11;10314803881;S
20240508;100322;7743.5;22;10314804053;B
20240508;100322;7743.5;30;10314804054;B
20240508;100322;7743;1;10314804117;S
20240508;100322;7743;10;10314804118;S
20240508;100322;7743;9;10314804119;S
20240508;100323;7743.5;2;10314804139;B
20240508;100324;7743;2;10314804335;S
20240508;100325;7743.5;18;10314804520;B
20240508;100325;7743.5;2;10314804521;B
20240508;100327;7743;6;10314804878;S
20240508;100328;7743.5;6;10314804951;B
20240508;100328;7743.5;4;10314804952;B
20240508;100329;7743;11;10314805115;S
20240508;100329;7743;14;10314805116;S
20240508;100329;7743;1;10314805117;S
20240508;100329;7743;1;10314805118;S
20240508;100329;7743;3;10314805119;S
20240508;100329;7743;10;10314805120;S
20240508;100330;7742.5;9;10314805233;S
20240508;100330;7742.5;48;10314805234;S
20240508;100330;7742.5;1;10314805265;S
20240508;100330;7742.5;1;10314805350;S
20240508;100332;7742.5;3;10314805512;S
20240508;100334;7743;1;10314806016;B
20240508;100335;7743;2;10314806052;B
20240508;100335;7742.5;10;10314806145;S
20240508;100336;7742.5;2;10314806286;S
20240508;100337;7743;2;10314806480;B
20240508;100339;7743;1;10314806745;B
20240508;100343;7743;9;10314807175;B
20240508;100343;7743;11;10314807176;B
20240508;100343;7743;1;10314807177;B
20240508;100343;7743;6;10314807178;B
20240508;100343;7743;3;10314807179;B
20240508;100344;7742.5;1;10314807326;S
20240508;100344;7743;1;10314807327;B
20240508;100344;7743;1;10314807404;B
20240508;100345;7743;1;10314807511;B
20240508;100345;7743;7;10314807547;B
20240508;100345;7743;3;10314807548;B
20240508;100346;7743;1;10314807591;B
20240508;100347;7743;1;10314807727;B
20240508;100347;7743;6;10314807736;B
20240508;100348;7742.5;29;10314807787;S
20240508;100348;7742.5;2;10314807788;S
20240508;100348;7742.5;76;10314807789;S
20240508;100348;7742.5;2;10314807847;B
20240508;100348;7742.5;1;10314807875;B
20240508;100349;7742.5;1;10314808000;B
20240508;100350;7742.5;2;10314808170;B
20240508;100350;7742;1;10314808185;S
20240508;100350;7742;3;10314808186;S
20240508;100350;7742;5;10314808187;S
20240508;100350;7742;5;10314808224;S
20240508;100352;7742;1;10314808523;S
20240508;100352;7742;10;10314808524;S
20240508;100352;7741.5;9;10314808525;S
20240508;100354;7742;10;10314808754;B
20240508;100354;7741;2;10314808815;S
20240508;100356;7741.5;1;10314808979;B
20240508;100356;7741;13;10314809044;S
20240508;100356;7741;10;10314809045;S
20240508;100356;7740.5;2;10314809046;S
20240508;100356;7740.5;20;10314809047;S
20240508;100356;7740.5;5;10314809048;S
20240508;100356;7742;1;10314809070;B
20240508;100356;7740;4;10314809078;S
20240508;100357;7740;11;10314809138;S
20240508;100357;7740;7;10314809139;S
20240508;100357;7740;1;10314809140;S
20240508;100357;7740;5;10314809141;S
20240508;100357;7740;1;10314809142;S
20240508;100357;7740;5;10314809143;S
20240508;100357;7740;2;10314809144;S
20240508;100357;7740;1;10314809145;S
20240508;100357;7740;1;10314809146;S
20240508;100357;7740;10;10314809147;S
20240508;100357;7740;10;10314809148;S
20240508;100357;7740;5;10314809149;S
20240508;100357;7740;3;10314809150;S
20240508;100357;7740;3;10314809151;S
20240508;100357;7740;1;10314809152;S
20240508;100357;7740;3;10314809153;S
20240508;100357;7740;5;10314809154;S
20240508;100357;7740;10;10314809155;S
20240508;100357;7739.5;10;10314809156;S
20240508;100357;7739.5;10;10314809157;S
20240508;100359;7738.5;14;10314809412;S
20240508;100359;7738.5;9;10314809413;S
20240508;100359;7738.5;7;10314809414;S
20240508;100359;7738.5;5;10314809415;S
20240508;100359;7738.5;5;10314809416;S
20240508;100359;7738.5;100;10314809417;S
20240508;100359;7738.5;10;10314809418;S
20240508;100359;7738.5;4;10314809421;B
20240508;100359;7738.5;1;10314809422;B
20240508;100400;7738;1;10314809588;S
20240508;100400;7738;1;10314809589;S
20240508;100400;7737.5;10;10314809590;S
20240508;100400;7737;2;10314809591;S
20240508;100400;7737;1;10314809592;S
20240508;100400;7737;5;10314809593;S
20240508;100403;7737;2;10314809926;S
20240508;100403;7737;2;10314809927;S
20240508;100403;7738;10;10314809937;B
20240508;100405;7738;1;10314810128;B
20240508;100405;7738;3;10314810198;B
20240508;100407;7738;1;10314810464;B
20240508;100409;7738;2;10314810776;B
20240508;100410;7737;3;10314810908;S
20240508;100410;7738;1;10314810965;B
20240508;100411;7737;15;10314811043;S
20240508;100411;7737;7;10314811044;S
20240508;100411;7737;1;10314811045;S
20240508;100411;7737;10;10314811046;S
20240508;100411;7736.5;2;10314811047;S
20240508;100411;7736.5;25;10314811048;S
20240508;100411;7736.5;10;10314811049;S
20240508;100411;7736.5;12;10314811050;S
20240508;100411;7736;2;10314811051;S
20240508;100411;7736;1;10314811052;S
20240508;100411;7736;10;10314811053;S
20240508;100411;7736;10;10314811054;S
20240508;100411;7735.5;1;10314811055;S
20240508;100411;7735.5;1;10314811056;S
20240508;100411;7735.5;5;10314811057;S
20240508;100411;7735.5;1;10314811058;S
20240508;100411;7735;10;10314811059;S
20240508;100411;7735;5;10314811060;S
20240508;100411;7735;10;10314811061;S
20240508;100411;7735;35;10314811062;S
20240508;100411;7735;1;10314811063;S
20240508;100411;7735;1;10314811064;S
20240508;100411;7735;25;10314811065;S
20240508;100414;7736;1;10314811447;B
20240508;100415;7736;1;10314811673;B
20240508;100416;7735.5;12;10314811781;S
20240508;100416;7735.5;10;10314811782;S
20240508;100416;7735.5;30;10314811783;S
20240508;100416;7735.5;18;10314811784;S
20240508;100416;7736;2;10314811801;B
20240508;100416;7736;4;10314811888;B
20240508;100417;7736;1;10314811928;B
20240508;100417;7736;10;10314811934;B
20240508;100417;7736;1;10314811977;B
20240508;100418;7736;10;10314812113;B
20240508;100421;7736;1;10314812483;B
20240508;100422;7736;2;10314812664;B
20240508;100425;7736;7;10314813082;B
20240508;100425;7735.5;32;10314813128;S
20240508;100425;7735.5;12;10314813129;S
20240508;100425;7735.5;6;10314813130;S
20240508;100426;7736;1;10314813209;B
20240508;100427;7735.5;4;10314813365;S
20240508;100427;7735.5;20;10314813366;S
20240508;100428;7735.5;10;10314813436;S
20240508;100428;7735.5;5;10314813437;S
20240508;100429;7735.5;1;10314813608;S
20240508;100429;7735.5;6;10314813626;S
20240508;100429;7735.5;1;10314813627;S
20240508;100429;7735.5;10;10314813628;S
20240508;100429;7735.5;1;10314813629;S
20240508;100429;7735.5;10;10314813631;S
20240508;100429;7735.5;1;10314813632;S
20240508;100429;7735.5;10;10314813633;S
20240508;100429;7735.5;12;10314813634;S
20240508;100429;7735;1;10314813655;S
20240508;100430;7735;1;10314813707;S
20240508;100430;7735;3;10314813722;S
20240508;100430;7735;1;10314813723;S
20240508;100430;7735;10;10314813724;S
20240508;100430;7735;1;10314813725;S
20240508;100432;7735.5;25;10314813964;B
20240508;100433;7735.5;2;10314814154;B
20240508;100434;7735.5;1;10314814327;B
20240508;100436;7735.5;1;10314814578;B
20240508;100436;7735.5;1;10314814587;B
20240508;100437;7735.5;1;10314814672;B
20240508;100439;7735;1;10314814998;S
20240508;100439;7735;3;10314814999;S
20240508;100440;7735;1;10314815038;S
20240508;100440;7735.5;1;10314815076;B
20240508;100440;7735.5;3;10314815077;B
20240508;100440;7735;1;10314815142;S
20240508;100440;7735;2;10314815143;S
20240508;100440;7735.5;1;10314815149;B
20240508;100444;7735;10;10314815571;S
20240508;100444;7735.5;5;10314815595;B
20240508;100444;7735;1;10314815597;S
20240508;100444;7735;1;10314815701;S
20240508;100446;7735;3;10314815917;S
20240508;100448;7735.5;1;10314816309;B
20240508;100448;7735.5;1;10314816320;B
20240508;100448;7735.5;1;10314816334;B
20240508;100450;7735.5;5;10314816547;B
20240508;100451;7735.5;1;10314816661;B
20240508;100452;7735;55;10314816751;S
20240508;100452;7735.5;1;10314816813;B
20240508;100452;7735.5;24;10314816900;B
20240508;100452;7735.5;5;10314816901;B
20240508;100452;7735.5;19;10314816902;B
20240508;100452;7735.5;17;10314816903;B
20240508;100452;7735.5;47;10314816904;B
20240508;100452;7735.5;21;10314816905;B
20240508;100452;7735.5;14;10314816906;B
20240508;100452;7735.5;23;10314816907;B
20240508;100452;7735.5;12;10314816908;B
20240508;100452;7735.5;10;10314816909;B
20240508;100452;7735.5;4;10314816910;B
20240508;100452;7735.5;6;10314816911;B
20240508;100452;7735.5;10;10314816912;B
20240508;100452;7735.5;15;10314816913;B
20240508;100452;7735.5;19;10314816914;B
20240508;100452;7735.5;39;10314816915;B
20240508;100452;7735.5;12;10314816916;B
20240508;100452;7735.5;10;10314816917;B
20240508;100452;7735.5;9;10314816918;B
20240508;100452;7735.5;15;10314816919;B
20240508;100452;7735.5;12;10314816920;B
20240508;100452;7735.5;11;10314816921;B
20240508;100452;7735.5;10;10314816922;B
20240508;100452;7735.5;15;10314816923;B
20240508;100452;7735.5;10;10314816924;B
20240508;100452;7735.5;11;10314816925;B
20240508;100452;7735.5;32;10314816926;B
20240508;100452;7735.5;50;10314816927;B
20240508;100452;7735.5;18;10314816928;B
20240508;100452;7735.5;1;10314816933;B
20240508;100454;7735.5;1;10314817159;B
20240508;100454;7736;3;10314817160;B
20240508;100456;7736;21;10314817416;B
20240508;100456;7736;2;10314817417;B
20240508;100456;7736;5;10314817418;B
20240508;100456;7736;55;10314817527;B
20240508;100456;7736;3;10314817528;B
20240508;100459;7736.5;10;10314817848;B
20240508;100459;7736.5;2;10314817849;B
20240508;100459;7737;6;10314817850;B
20240508;100459;7737.5;11;10314817851;B
20240508;100459;7737.5;1;10314817852;B
20240508;100459;7737.5;6;10314817891;B
20240508;100459;7737.5;5;10314817896;B
20240508;100459;7737;10;10314817911;S
20240508;100459;7736.5;4;10314817912;S
20240508;100459;7736.5;4;10314817913;S
20240508;100459;7736.5;10;10314817914;S
20240508;100459;7736.5;9;10314817915;S
20240508;100459;7736.5;10;10314817916;S
20240508;100459;7736.5;11;10314817917;S
20240508;100459;7736.5;28;10314817918;S
20240508;100459;7736.5;10;10314817919;S
20240508;100459;7736;70;10314817920;S
20240508;100459;7736;5;10314817921;S
20240508;100459;7736;6;10314817922;S
20240508;100459;7736;11;10314817923;S
20240508;100459;7736;3;10314817924;S
20240508;100459;7736;11;10314817925;S
20240508;100459;7736;11;10314817926;S
20240508;100459;7736;10;10314817928;S
20240508;100459;7736;16;10314817929;S
20240508;100459;7736;10;10314817930;S
20240508;100459;7736;9;10314817931;S
20240508;100459;7736;12;10314817934;S
20240508;100459;7736.5;15;10314817935;S
20240508;100459;7736.5;10;10314817936;S
20240508;100459;7736.5;18;10314817937;S
20240508;100459;7736.5;6;10314817938;S
20240508;100459;7736.5;6;10314817939;S
20240508;100459;7736;13;10314817940;S
20240508;100459;7736;8;10314817941;S
20240508;100459;7736;39;10314817942;S
20240508;100459;7736;18;10314817945;S
20240508;100459;7736;19;10314817946;S
20240508;100459;7736;10;10314817947;S
20240508;100459;7736;11;10314817948;S
20240508;100459;7736;39;10314817949;S
20240508;100500;7736;1;10314818122;B
20240508;100500;7736;2;10314818265;B
20240508;100502;7735.5;1;10314818496;S
20240508;100502;7735.5;1;10314818613;S
20240508;100502;7735.5;39;10314818624;S
20240508;100502;7735.5;10;10314818625;S
20240508;100502;7735.5;30;10314818626;S
20240508;100502;7735.5;300;10314818627;S
20240508;100502;7735.5;17;10314818628;S
20240508;100502;7735.5;5;10314818629;S
20240508;100502;7735.5;11;10314818630;S
20240508;100502;7735;28;10314818631;S
20240508;100502;7735;1;10314818632;S
20240508;100502;7735;1;10314818633;S
20240508;100502;7735;7;10314818634;S
20240508;100502;7735;50;10314818635;S
20240508;100502;7735;1;10314818636;S
20240508;100503;7736;1;10314818834;B
20240508;100504;7735.5;39;10314818952;S
20240508;100504;7735.5;6;10314818953;S
20240508;100504;7735.5;11;10314819014;S
20240508;100504;7736;1;10314819049;B
20240508;100504;7736;1;10314819059;B
20240508;100506;7735.5;10;10314819268;S
20240508;100506;7735.5;1;10314819269;S
20240508;100506;7735.5;17;10314819270;S
20240508;100506;7735.5;11;10314819271;S
20240508;100506;7735.5;1;10314819272;S
20240508;100506;7735.5;138;10314819273;S
20240508;100506;7735;299;10314819274;S
20240508;100506;7735;12;10314819275;S
20240508;100506;7735;9;10314819287;B
20240508;100506;7735;1;10314819294;B
20240508;100508;7735;1;10314819511;B
20240508;100508;7735;9;10314819524;B
20240508;100508;7735;1;10314819530;B
20240508;100508;7735;9;10314819531;B
20240508;100508;7734.5;1;10314819606;S
20240508;100508;7734.5;12;10314819607;S
20240508;100508;7734;1;10314819608;S
20240508;100508;7734;17;10314819609;S
20240508;100508;7734;11;10314819610;S
20240508;100508;7734;39;10314819611;S
20240508;100509;7734;1;10314819697;B
20240508;100509;7734;5;10314819707;B
20240508;100509;7734;7;10314819712;B
20240508;100509;7733.5;10;10314819714;S
20240508;100510;7734;1;10314820026;B
20240508;100511;7733.5;1;10314820061;S
20240508;100511;7734;10;10314820100;B
20240508;100512;7734;2;10314820123;B
20240508;100512;7734;4;10314820215;B
20240508;100513;7734;2;10314820265;B
20240508;100513;7734;13;10314820270;B
20240508;100513;7733.5;10;10314820354;S
20240508;100515;7733.5;13;10314820575;S
20240508;100516;7733.5;2;10314820757;S
