<DATE>;<TIME>;<LAST>;<VOL>;<ID>;<OPER>
20240329;095935;7481.5;1;9985757240;S
20240329;095935;7481.5;1;9985757241;S
20240329;095935;7481.5;1;9985757242;S
20240329;095935;7481.5;1;9985757243;S
20240329;095935;7481.5;7;9985757244;S
20240329;095935;7481.5;3;9985757245;S
20240329;095935;7481.5;5;9985757246;S
20240329;095935;7481.5;1;9985757247;S
20240329;095935;7481.5;6;9985757248;B
20240329;095935;7481.5;2;9985757249;S
20240329;095935;7481.5;2;9985757250;S
20240329;095935;7481.5;1;9985757251;S
20240329;095935;7481.5;1;9985757252;S
20240329;095935;7481.5;2;9985757253;B
20240329;095935;7481.5;1;9985757254;B
20240329;095935;7481.5;2;9985757255;S
20240329;095935;7481.5;7;9985757256;S
20240329;095935;7481.5;1;9985757257;S
20240329;095935;7481.5;4;9985757258;B
20240329;095935;7481.5;6;9985757259;S
20240329;095935;7481.5;1;9985757260;S
20240329;095935;7481.5;1;9985757261;B
20240329;095935;7481.5;1;9985757262;S
20240329;095935;7481.5;5;9985757263;S
20240329;095935;7481.5;5;9985757264;B
20240329;095935;7481.5;5;9985757265;B
20240329;095935;7481.5;1;9985757266;B
20240329;095935;7481.5;4;9985757267;B
20240329;095935;7481.5;1;9985757268;S
20240329;095935;7481.5;1;9985757269;S
20240329;095935;7481.5;1;9985757270;S
20240329;095935;7481.5;1;9985757271;S
20240329;095935;7481.5;2;9985757272;S
20240329;095935;7481.5;2;9985757273;S
20240329;095935;7481.5;3;9985757274;B
20240329;095935;7481.5;3;9985757275;B
20240329;095935;7481.5;1;9985757276;B
20240329;095935;7481.5;10;9985757277;B
20240329;095935;7481.5;1;9985757278;B
20240329;095935;7481.5;3;9985757279;B
20240329;095935;7481.5;1;9985757280;S
20240329;095935;7481.5;1;9985757281;S
20240329;095935;7481.5;10;9985757282;B
20240329;095935;7481.5;3;9985757283;B
20240329;095935;7481.5;1;9985757284;B
20240329;100001;7482;3;9985763448;S
20240329;100002;7484.5;2;9985764712;B
20240329;100002;7484.5;28;9985764876;B
20240329;100002;7484.5;3;9985764877;S
20240329;100004;7485;1;9985765543;B
20240329;100004;7485;3;9985765544;B
20240329;100004;7485;6;9985765545;B
20240329;100004;7485;24;9985765704;B
20240329;100004;7485.5;1;9985765705;B
20240329;100005;7486.5;2;9985766073;B
20240329;100005;7485;10;9985766235;S
20240329;100005;7484.5;3;9985766236;S
20240329;100005;7484.5;1;9985766237;S
20240329;100005;7484;3;9985766238;S
20240329;100005;7483.5;3;9985766239;S
20240329;100005;7483.5;50;9985766242;S
20240329;100006;7485;1;9985767366;B
20240329;100006;7486;19;9985767367;B
20240329;100007;7486.5;10;9985768197;B
20240329;100007;7486.5;1;9985768766;B
20240329;100007;7486.5;1;9985768767;B
20240329;100007;7486.5;2;9985768771;B
20240329;100007;7483.5;10;9985768776;S
20240329;100007;7484;3;9985769025;S
20240329;100007;7486.5;1;9985769238;B
20240329;100007;7483.5;1;9985769728;S
20240329;100008;7486.5;1;9985770066;B
20240329;100010;7486.5;12;9985770732;B
20240329;100010;7483.5;5;9985770773;S
20240329;100010;7486.5;5;9985770777;B
20240329;100010;7487;2;9985770784;B
20240329;100010;7487;2;9985770908;B
20240329;100010;7487;2;9985770963;B
20240329;100010;7487;2;9985770996;B
20240329;100010;7487;4;9985771032;B
20240329;100010;7483.5;4;9985771041;S
20240329;100010;7483.5;24;9985771042;S
20240329;100010;7487;1;9985771076;B
20240329;100010;7487;3;9985771077;B
20240329;100010;7487;1;9985771116;B
20240329;100010;7487;3;9985771117;B
20240329;100011;7487;2;9985771158;B
20240329;100011;7487;1;9985771166;B
20240329;100011;7487;1;9985771167;B
20240329;100011;7487;2;9985771285;B
20240329;100011;7487;2;9985771288;B
20240329;100011;7487;16;9985771299;B
20240329;100011;7487;3;9985771320;B
20240329;100014;7487;3;9985771966;B
20240329;100014;7487.5;2;9985771967;B
20240329;100014;7487;4;9985772044;S
20240329;100015;7487;3;9985772239;S
20240329;100020;7485.5;10;9985773176;S
20240329;100020;7485.5;10;9985773177;S
20240329;100020;7485.5;10;9985773179;S
20240329;100020;7485.5;10;9985773181;S
20240329;100020;7485.5;3;9985773183;S
20240329;100020;7485;10;9985773186;S
20240329;100020;7485.5;10;9985773188;S
20240329;100020;7485.5;10;9985773190;S
20240329;100020;7485.5;10;9985773192;S
20240329;100020;7485.5;10;9985773196;S
20240329;100020;7485.5;10;9985773197;S
20240329;100020;7485.5;10;9985773198;S
20240329;100020;7485.5;3;9985773203;S
20240329;100020;7485.5;7;9985773204;S
20240329;100020;7487.5;1;9985773205;B
20240329;100020;7485.5;10;9985773209;S
20240329;100020;7485.5;10;9985773211;S
20240329;100020;7485.5;10;9985773212;S
20240329;100020;7485.5;10;9985773213;S
20240329;100020;7485.5;10;9985773215;S
20240329;100021;7485.5;10;9985773578;S
20240329;100021;7487.5;3;9985773588;B
20240329;100022;7486;10;9985773688;S
20240329;100026;7487.5;5;9985774725;B
20240329;100027;7487.5;1;9985774831;B
20240329;100027;7487.5;9;9985774832;B
20240329;100028;7487.5;10;9985775063;B
20240329;100030;7486;1;9985775290;S
20240329;100031;7487.5;5;9985775676;B
20240329;100031;7487;10;9985775682;S
20240329;100031;7487;8;9985775683;S
20240329;100031;7486.5;3;9985775684;S
20240329;100031;7486;9;9985775685;S
20240329;100031;7485.5;41;9985775686;S
20240329;100031;7485.5;30;9985775687;S
20240329;100031;7485;49;9985775688;S
20240329;100032;7486.5;2;9985775811;B
20240329;100033;7486.5;1;9985776109;B
20240329;100036;7485.5;10;9985776582;S
20240329;100036;7485;8;9985776583;S
20240329;100042;7486.5;1;9985777961;B
20240329;100042;7485;4;9985778202;S
20240329;100042;7485;2;9985778203;S
20240329;100044;7486.5;1;9985778516;B
20240329;100045;7486.5;1;9985778712;B
20240329;100045;7486.5;1;9985778738;B
20240329;100045;7485;5;9985778762;S
20240329;100046;7486.5;3;9985778844;B
20240329;100046;7486.5;3;9985778845;S
20240329;100047;7487;1;9985779223;B
20240329;100050;7487;5;9985779632;B
20240329;100052;7486.5;2;9985780071;S
20240329;100053;7486.5;1;9985780602;S
20240329;100054;7487;5;9985780680;B
20240329;100054;7487;9;9985780681;B
20240329;100054;7486.5;1;9985780694;S
20240329;100056;7486.5;4;9985781306;S
20240329;100057;7487;1;9985781506;B
20240329;100057;7487;3;9985781507;B
20240329;100059;7486.5;6;9985781922;S
20240329;100101;7487;1;9985782221;B
20240329;100102;7487;6;9985782424;B
20240329;100102;7487;5;9985782561;B
20240329;100103;7487;1;9985782587;B
20240329;100104;7486.5;1;9985782745;S
20240329;100104;7486.5;3;9985782779;B
20240329;100107;7486;1;9985783432;S
20240329;100107;7487.5;1;9985783513;B
20240329;100107;7487.5;1;9985783537;B
20240329;100109;7486;9;9985783703;B
20240329;100109;7486;1;9985783742;B
20240329;100109;7486;10;9985783743;B
20240329;100109;7486.5;1;9985783744;B
20240329;100110;7486;7;9985783844;B
20240329;100111;7486;1;9985783949;B
20240329;100114;7486;2;9985784462;B
20240329;100114;7486;10;9985784463;B
20240329;100114;7486;1;9985784464;B
20240329;100115;7486;1;9985784540;B
20240329;100115;7485.5;2;9985784546;S
20240329;100115;7485;3;9985784547;S
20240329;100115;7483.5;5;9985784548;S
20240329;100115;7483.5;5;9985784590;S
20240329;100115;7483;5;9985784591;S
20240329;100116;7484;10;9985784900;B
20240329;100116;7483;20;9985784917;S
20240329;100118;7484;15;9985785314;B
20240329;100121;7484;1;9985785814;B
20240329;100123;7483;19;9985786133;S
20240329;100127;7484;1;9985786804;B
20240329;100127;7483;7;9985786839;S
20240329;100127;7483;29;9985786865;S
20240329;100127;7483;5;9985786866;S
20240329;100127;7483;3;9985786867;S
20240329;100128;7483;2;9985786985;B
20240329;100129;7482.5;5;9985787124;S
20240329;100131;7483;2;9985787438;B
20240329;100131;7483;39;9985787472;B
20240329;100131;7483;10;9985787473;B
20240329;100131;7483;10;9985787474;B
20240329;100131;7483.5;3;9985787475;B
20240329;100131;7484;30;9985787476;B
20240329;100131;7484.5;1;9985787483;B
20240329;100136;7484.5;1;9985788175;B
20240329;100136;7484.5;1;9985788222;B
20240329;100137;7484;8;9985788244;S
20240329;100137;7483;15;9985788258;B
20240329;100137;7483;1;9985788324;B
20240329;100139;7483;1;9985788598;B
20240329;100139;7483;1;9985788606;B
20240329;100139;7482.5;1;9985788668;S
20240329;100141;7483;4;9985788984;B
20240329;100141;7483;10;9985788985;B
20240329;100141;7483;5;9985788986;B
20240329;100142;7482.5;30;9985789119;S
20240329;100142;7482.5;2;9985789145;S
20240329;100142;7482.5;2;9985789193;S
20240329;100142;7482.5;4;9985789194;S
20240329;100144;7482;19;9985789423;B
20240329;100144;7481.5;16;9985789461;S
20240329;100144;7481.5;10;9985789462;S
20240329;100144;7481;1;9985789463;S
20240329;100144;7481;5;9985789464;S
20240329;100144;7481;1;9985789465;S
20240329;100144;7481;26;9985789466;S
20240329;100144;7481;1;9985789467;S
20240329;100144;7481;2;9985789468;S
20240329;100144;7481;150;9985789469;S
20240329;100144;7481;15;9985789470;S
20240329;100144;7481;2;9985789471;S
20240329;100144;7481;1;9985789472;S
20240329;100144;7481;1;9985789473;S
20240329;100144;7481;1;9985789474;S
20240329;100144;7481;1;9985789475;S
20240329;100144;7481;5;9985789476;S
20240329;100144;7481;50;9985789477;S
20240329;100144;7481;100;9985789478;S
20240329;100144;7481;1;9985789479;S
20240329;100144;7481;10;9985789480;S
20240329;100144;7481;13;9985789481;S
20240329;100146;7481;4;9985789939;S
20240329;100146;7481.5;4;9985790002;B
20240329;100147;7482;1;9985790039;B
20240329;100147;7481;5;9985790174;S
20240329;100150;7481.5;44;9985790407;S
20240329;100150;7481;44;9985790408;S
20240329;100150;7481;2;9985790409;S
20240329;100150;7481;1;9985790410;S
20240329;100150;7481;5;9985790411;S
20240329;100150;7481;73;9985790412;S
20240329;100150;7481;20;9985790413;S
20240329;100150;7481;4;9985790414;S
20240329;100150;7480.5;1;9985790442;S
20240329;100150;7480.5;2;9985790443;S
20240329;100156;7480.5;1;9985791293;S
20240329;100156;7480.5;3;9985791294;S
20240329;100156;7480.5;1;9985791295;S
20240329;100156;7480.5;1;9985791296;S
20240329;100156;7480.5;10;9985791297;S
20240329;100156;7480;2;9985791298;S
20240329;100156;7480;1;9985791299;S
20240329;100156;7480;10;9985791300;S
20240329;100156;7480;1;9985791301;S
20240329;100156;7479;5;9985791302;S
20240329;100156;7479;1;9985791303;S
20240329;100156;7478;10;9985791304;S
20240329;100156;7478;14;9985791305;S
20240329;100156;7477.5;6;9985791309;S
20240329;100156;7477.5;1;9985791318;S
20240329;100156;7477.5;1;9985791328;S
20240329;100156;7477.5;1;9985791343;S
20240329;100157;7479.5;10;9985791478;B
20240329;100157;7479.5;1;9985791479;B
20240329;100157;7480;15;9985791480;B
20240329;100159;7480;14;9985791790;S
20240329;100200;7477;30;9985791916;S
20240329;100200;7477;10;9985791917;S
20240329;100200;7476.5;2;9985791918;S
20240329;100200;7476;3;9985791919;S
20240329;100200;7476;18;9985791920;S
20240329;100200;7475.5;40;9985791921;S
20240329;100200;7475;1;9985791922;S
20240329;100200;7475;5;9985791923;S
20240329;100200;7475;8;9985791924;S
20240329;100200;7475;40;9985791925;S
20240329;100200;7474.5;1;9985791988;S
20240329;100200;7475;8;9985792011;B
20240329;100204;7474.5;1;9985792698;S
20240329;100206;7474.5;15;9985793088;S
20240329;100209;7475;5;9985793448;B
20240329;100209;7474.5;15;9985793536;S
20240329;100209;7474;5;9985793537;S
20240329;100209;7473.5;10;9985793538;S
20240329;100209;7473;1;9985793539;S
20240329;100209;7473;50;9985793540;S
20240329;100209;7473;1;9985793541;S
20240329;100209;7473;30;9985793542;S
20240329;100209;7472.5;2;9985793543;S
20240329;100209;7472;10;9985793544;S
20240329;100209;7471.5;9;9985793545;S
20240329;100209;7471.5;40;9985793546;S
20240329;100209;7471;15;9985793547;S
20240329;100209;7471;12;9985793548;S
20240329;100209;7470.5;10;9985793576;S
20240329;100209;7470.5;10;9985793577;S
20240329;100209;7470.5;5;9985793578;S
20240329;100211;7470.5;30;9985793777;S
20240329;100211;7470.5;10;9985793778;S
20240329;100211;7470.5;10;9985793779;S
20240329;100211;7470.5;73;9985793780;S
20240329;100211;7470;4;9985793781;S
20240329;100211;7470;2;9985793782;S
20240329;100211;7470;5;9985793783;S
20240329;100211;7469.5;40;9985793784;S
20240329;100211;7469;2;9985793785;S
20240329;100211;7469;40;9985793786;S
20240329;100211;7468.5;41;9985793787;S
20240329;100211;7468.5;15;9985793788;S
20240329;100211;7468.5;40;9985793789;S
20240329;100211;7468;2;9985793790;S
20240329;100211;7468;40;9985793791;S
20240329;100211;7467.5;10;9985793792;S
20240329;100211;7467.5;136;9985793793;S
20240329;100211;7470;1;9985793850;S
20240329;100211;7469.5;10;9985793851;S
20240329;100211;7469;15;9985793852;S
20240329;100211;7471.5;4;9985793863;B
20240329;100213;7470;7;9985794070;S
20240329;100213;7469.5;1;9985794071;S
20240329;100216;7469.5;1;9985794717;S
20240329;100217;7471.5;6;9985794784;B
20240329;100217;7471.5;7;9985794785;B
20240329;100219;7471;2;9985795040;B
20240329;100219;7471;1;9985795044;B
20240329;100228;7471.5;1;9985796491;B
20240329;100228;7470;1;9985796588;S
20240329;100229;7471;1;9985796660;B
20240329;100230;7470.5;1;9985796874;S
20240329;100231;7472;5;9985797087;B
20240329;100231;7472;1;9985797088;B
20240329;100232;7472;1;9985797247;B
20240329;100232;7471;5;9985797250;S
20240329;100232;7470;6;9985797251;S
20240329;100233;7470.5;4;9985797436;S
20240329;100236;7471;8;9985797824;B
20240329;100236;7471;9;9985797843;B
20240329;100236;7471.5;5;9985797844;B
20240329;100236;7471.5;30;9985797845;B
20240329;100236;7472.5;10;9985797846;B
20240329;100236;7473;40;9985797847;B
20240329;100236;7473;6;9985797848;B
20240329;100238;7473;1;9985798114;B
20240329;100238;7473;5;9985798196;B
20240329;100238;7473;5;9985798197;B
20240329;100238;7472;2;9985798225;S
20240329;100239;7474;1;9985798359;B
20240329;100240;7471.5;1;9985798469;S
20240329;100241;7471.5;9;9985798644;S
20240329;100241;7471;4;9985798645;S
20240329;100241;7471;5;9985798646;S
20240329;100241;7470.5;1;9985798647;S
20240329;100241;7470.5;41;9985798648;S
20240329;100241;7470.5;20;9985798649;S
20240329;100241;7470.5;13;9985798650;S
20240329;100241;7470.5;30;9985798651;S
20240329;100241;7470.5;10;9985798652;S
20240329;100241;7470;3;9985798653;S
20240329;100241;7470;64;9985798654;S
20240329;100242;7473;6;9985798779;B
20240329;100246;7473;4;9985799302;B
20240329;100246;7473;6;9985799303;B
20240329;100247;7471;5;9985799495;S
20240329;100247;7473;10;9985799593;B
20240329;100249;7471;1;9985799870;S
20240329;100254;7471;1;9985800466;S
20240329;100255;7473;5;9985800722;B
20240329;100256;7473;1;9985800823;B
20240329;100301;7473.5;1;9985801399;B
20240329;100301;7473.5;4;9985801520;B
20240329;100301;7473.5;4;9985801538;S
20240329;100303;7473.5;1;9985801896;S
20240329;100308;7474.5;10;9985802555;S
20240329;100308;7474.5;5;9985802556;S
20240329;100308;7473.5;8;9985802557;S
20240329;100311;7475;80;9985803083;B
20240329;100320;7475;1;9985804342;B
20240329;100322;7474.5;1;9985804584;S
20240329;100322;7475;1;9985804588;B
20240329;100322;7474.5;5;9985804642;S
20240329;100323;7475;25;9985804723;B
20240329;100326;7474.5;2;9985805235;S
20240329;100329;7474.5;2;9985805931;S
20240329;100331;7474.5;10;9985806310;S
20240329;100331;7474.5;9;9985806311;S
20240329;100331;7474.5;30;9985806312;S
20240329;100331;7474.5;10;9985806313;S
20240329;100331;7474;5;9985806314;S
20240329;100331;7474;5;9985806315;S
20240329;100331;7474;1;9985806316;S
20240329;100338;7473.5;1;9985807243;S
20240329;100340;7474;26;9985807575;B
20240329;100341;7474;4;9985807703;B
20240329;100341;7474;8;9985807704;B
20240329;100341;7474;1;9985807717;B
20240329;100349;7475;93;9985809082;B
20240329;100349;7475.5;6;9985809083;B
20240329;100349;7475.5;1;9985809084;B
20240329;100355;7476;1;9985809931;S
20240329;100401;7476.5;30;9985811376;B
20240329;100402;7477;1;9985811630;B
20240329;100402;7477;5;9985811631;B
20240329;100405;7476;5;9985812042;S
20240329;100405;7476;10;9985812043;S
20240329;100405;7476;10;9985812044;S
20240329;100407;7475.5;1;9985812386;B
20240329;100408;7476.5;1;9985812513;B
20240329;100411;7476.5;5;9985812880;B
20240329;100411;7476.5;30;9985812881;B
20240329;100411;7477.5;30;9985812882;B
20240329;100413;7478.5;4;9985813297;B
20240329;100414;7477.5;10;9985813472;S
20240329;100418;7477.5;73;9985814328;S
20240329;100419;7476.5;2;9985814356;S
20240329;100420;7476;1;9985814653;S
20240329;100420;7475.5;6;9985814654;S
20240329;100420;7475.5;10;9985814655;S
20240329;100426;7476;3;9985815617;B
20240329;100426;7475.5;3;9985815665;S
20240329;100429;7475.5;4;9985816087;S
20240329;100430;7477.5;1;9985816252;B
20240329;100430;7477.5;1;9985816291;B
20240329;100430;7477.5;6;9985816310;B
20240329;100431;7478;20;9985816440;B
20240329;100431;7478.5;7;9985816441;B
20240329;100432;7478;6;9985816738;B
20240329;100433;7476.5;5;9985816911;S
20240329;100433;7476;10;9985816912;S
20240329;100433;7476;1;9985816913;S
20240329;100433;7475.5;40;9985816914;S
20240329;100433;7475.5;1;9985816915;S
20240329;100433;7475;9;9985816916;S
20240329;100433;7475;121;9985816917;S
20240329;100433;7475;40;9985816918;S
20240329;100433;7474.5;40;9985816919;S
20240329;100433;7474.5;58;9985816920;S
20240329;100434;7477;5;9985816944;B
20240329;100436;7474.5;10;9985817317;S
20240329;100436;7474.5;3;9985817318;S
20240329;100438;7477;5;9985817603;B
20240329;100438;7477.5;5;9985817604;B
20240329;100438;7477.5;15;9985817605;B
20240329;100438;7477.5;30;9985817606;B
20240329;100438;7477.5;30;9985817607;B
20240329;100438;7478;15;9985817608;B
20240329;100450;7474.5;7;9985819488;S
20240329;100450;7474.5;13;9985819489;S
20240329;100452;7477.5;5;9985819793;B
20240329;100452;7477.5;2;9985819794;B
20240329;100452;7474.5;17;9985819868;S
20240329;100452;7474.5;10;9985819869;S
20240329;100452;7474;1;9985819893;S
20240329;100455;7474;2;9985820253;S
20240329;100455;7474;2;9985820254;S
20240329;100458;7474.5;14;9985820580;B
20240329;100505;7474;10;9985821686;S
20240329;100505;7473.5;3;9985821687;S
20240329;100505;7473.5;6;9985821688;S
20240329;100505;7473;13;9985821689;S
20240329;100505;7473;30;9985821690;S
20240329;100505;7472;10;9985821691;S
20240329;100505;7472;2;9985821692;S
20240329;100505;7472;5;9985821693;S
20240329;100505;7471.5;2;9985821694;S
20240329;100505;7471;10;9985821695;S
20240329;100505;7471;2;9985821696;S
20240329;100505;7471;101;9985821697;S
20240329;100506;7474;1;9985821773;B
20240329;100508;7474;1;9985822140;B
20240329;100509;7474;1;9985822275;B
20240329;100509;7471.5;10;9985822418;S
20240329;100509;7471;4;9985822419;S
20240329;100509;7471;6;9985822420;S
20240329;100509;7471;1;9985822421;S
20240329;100509;7471;11;9985822422;S
20240329;100514;7474;4;9985823227;B
20240329;100516;7474;4;9985823390;B
20240329;100520;7471;10;9985824113;S
20240329;100520;7470.5;8;9985824114;S
20240329;100521;7471;3;9985824301;S
20240329;100522;7472;1;9985824364;B
20240329;100527;7472;2;9985824990;B
20240329;100529;7471;6;9985825299;S
20240329;100530;7472;2;9985825398;B
20240329;100532;7472;3;9985825690;B
20240329;100532;7472;1;9985825736;B
20240329;100533;7472;5;9985825993;B
20240329;100534;7471;1;9985826067;S
20240329;100534;7471;1;9985826068;S
20240329;100535;7472;1;9985826302;B
20240329;100539;7472;19;9985827178;B
20240329;100541;7472;1;9985827489;B
20240329;100541;7472;1;9985827583;B
20240329;100545;7472;3;9985828197;B
20240329;100546;7472;1;9985828306;B
20240329;100546;7472;24;9985828331;B
20240329;100546;7472;6;9985828332;B
20240329;100547;7471.5;1;9985828649;B
20240329;100550;7471;10;9985828949;S
20240329;100550;7471;1;9985828950;S
20240329;100550;7470.5;8;9985828951;S
20240329;100551;7471;10;9985829237;S
20240329;100555;7470.5;11;9985829671;S
20240329;100555;7471;10;9985829722;B
20240329;100558;7470.5;11;9985830141;S
20240329;100600;7470.5;44;9985830333;S
20240329;100600;7470.5;6;9985830334;S
20240329;100600;7470.5;10;9985830335;S
20240329;100600;7470.5;1;9985830336;S
20240329;100600;7470;36;9985830337;S
20240329;100600;7470;9;9985830338;S
20240329;100600;7470;394;9985830339;S
20240329;100600;7471;1;9985830349;B
20240329;100600;7470.5;10;9985830409;S
20240329;100600;7470;1;9985830410;S
20240329;100602;7470.5;10;9985830689;S
20240329;100602;7470.5;1;9985830690;S
20240329;100604;7470.5;5;9985830881;S
20240329;100604;7470.5;6;9985830882;S
20240329;100605;7470;555;9985831007;S
20240329;100606;7470;11;9985831178;S
20240329;100606;7471;10;9985831319;B
20240329;100607;7470;11;9985831417;S
20240329;100608;7470;11;9985831555;S
20240329;100609;7470.5;1;9985831652;B
20240329;100610;7470;11;9985831791;S
20240329;100611;7470;97;9985831929;S
20240329;100611;7470;1;9985831931;S
20240329;100612;7470;11;9985831983;S
20240329;100614;7470;11;9985832239;S
20240329;100615;7470;3;9985832488;S
20240329;100615;7470;11;9985832516;S
20240329;100617;7470;30;9985833004;S
20240329;100618;7470;11;9985833099;S
20240329;100618;7470.5;2;9985833124;B
20240329;100620;7470;18;9985833258;S
20240329;100620;7470;11;9985833259;S
20240329;100622;7470;11;9985833659;S
20240329;100623;7470.5;38;9985833935;B
20240329;100623;7470.5;30;9985833936;B
20240329;100623;7470.5;5;9985833937;B
20240329;100623;7470.5;24;9985834029;B
20240329;100623;7470.5;49;9985834030;B
20240329;100624;7470;11;9985834177;S
20240329;100624;7470;200;9985834237;S
20240329;100626;7470;11;9985834494;S
20240329;100630;7470;11;9985835296;S
20240329;100633;7470;58;9985835565;S
20240329;100633;7470;2;9985835566;S
20240329;100633;7470;2;9985835567;S
20240329;100633;7470;5;9985835568;S
20240329;100633;7470;3;9985835569;S
20240329;100633;7470;10;9985835629;S
20240329;100633;7470;1;9985835630;S
20240329;100640;7470;99;9985836346;S
20240329;100640;7470;34;9985836347;S
20240329;100640;7470;1;9985836374;S
20240329;100641;7470;100;9985836538;S
20240329;100643;7470;3;9985836709;S
20240329;100648;7470;5;9985837293;S
20240329;100649;7470;3;9985837384;S
20240329;100650;7470;4;9985837498;S
20240329;100650;7470;2;9985837499;S
20240329;100650;7470;2;9985837500;S
20240329;100650;7470;10;9985837501;S
20240329;100650;7470;1;9985837502;S
20240329;100651;7470.5;3;9985837811;B
20240329;100654;7470;11;9985838191;S
20240329;100656;7470;11;9985838704;S
20240329;100658;7470;11;9985838986;S
20240329;100701;7470;11;9985839334;S
20240329;100703;7470.5;1;9985839600;B
20240329;100709;7470.5;2;9985840541;B
20240329;100713;7470.5;3;9985841215;B
20240329;100714;7470.5;66;9985841353;B
20240329;100720;7470.5;2;9985842117;B
20240329;100720;7470;18;9985842118;S
20240329;100721;7470;25;9985842306;S
20240329;100732;7470.5;4;9985843769;B
20240329;100746;7470;6;9985845491;S
20240329;100746;7470.5;2;9985845534;B
20240329;100746;7470.5;3;9985845535;B
20240329;100748;7470;6;9985845643;S
20240329;100748;7470;3;9985845644;S
20240329;100748;7470;91;9985845645;S
20240329;100748;7470.5;1;9985845735;B
20240329;100749;7470;9;9985845860;S
20240329;100749;7470;1;9985845861;S
20240329;100750;7470;4;9985845904;S
20240329;100750;7470;10;9985845905;S
20240329;100750;7470;5;9985845906;S
20240329;100751;7470;2;9985846038;S
20240329;100751;7470;1;9985846039;S
20240329;100751;7470;2;9985846040;S
20240329;100751;7470;50;9985846050;S
20240329;100751;7470.5;3;9985846074;B
20240329;100751;7470;1;9985846152;S
20240329;100754;7470;14;9985846723;S
20240329;100754;7470;2;9985846730;S
20240329;100756;7470;1;9985846891;S
20240329;100757;7470;1;9985847042;S
20240329;100800;7470;1;9985847302;S
20240329;100802;7470;45;9985847503;S
20240329;100802;7470;5;9985847504;S
20240329;100802;7470;2;9985847645;S
20240329;100803;7470;1;9985847764;S
20240329;100803;7470.5;14;9985847833;B
20240329;100803;7470.5;8;9985847834;B
20240329;100803;7470.5;3;9985847835;B
20240329;100803;7470.5;20;9985847836;B
20240329;100803;7470.5;1;9985847837;B
20240329;100803;7470.5;6;9985847838;B
20240329;100803;7470.5;27;9985847839;B
20240329;100807;7470.5;30;9985848331;B
20240329;100807;7471;5;9985848332;B
20240329;100807;7471;3;9985848333;B
20240329;100811;7471;16;9985848930;B
20240329;100812;7471;10;9985849069;B
20240329;100813;7470.5;1;9985849156;S
20240329;100813;7470.5;18;9985849157;S
20240329;100815;7471;1;9985849320;B
20240329;100820;7470;18;9985849843;S
20240329;100820;7470;3;9985849846;S
20240329;100821;7470;1;9985850051;S
20240329;100824;7470.5;10;9985850420;B
20240329;100830;7470.5;2;9985851009;B
20240329;100831;7470;1;9985851240;S
20240329;100832;7470;143;9985851372;S
20240329;100833;7470;1;9985851492;S
20240329;100835;7470;2;9985851786;S
20240329;100844;7470;11;9985852841;S
20240329;100844;7470;65;9985852842;S
20240329;100846;7470.5;3;9985853018;B
20240329;100850;7470.5;19;9985853530;S
20240329;100850;7471;10;9985853537;B
20240329;100859;7470.5;5;9985854626;S
20240329;100903;7471;1;9985855125;B
20240329;100905;7471;4;9985855468;B
20240329;100905;7471;7;9985855530;B
20240329;100906;7471;1;9985855702;B
20240329;100913;7471;4;9985856528;B
20240329;100916;7470.5;3;9985856713;S
20240329;100918;7471;2;9985857049;B
20240329;100920;7470.5;5;9985857187;S
20240329;100920;7470;7;9985857188;S
20240329;100920;7470;7;9985857189;S
20240329;100927;7470.5;1;9985858104;B
20240329;100929;7470;1;9985858287;S
20240329;100929;7470;1;9985858365;S
20240329;100930;7470;1;9985858543;S
20240329;100944;7470;90;9985860396;S
20240329;100944;7470;1;9985860397;S
20240329;100944;7470;100;9985860398;S
20240329;100944;7470;3;9985860399;S
20240329;100944;7470;6;9985860400;S
20240329;100948;7470.5;9;9985860646;B
20240329;100948;7470.5;1;9985860647;B
20240329;100948;7470;1;9985860792;S
20240329;100950;7470;4;9985860919;S
20240329;100950;7470;14;9985860920;S
20240329;100957;7470.5;9;9985862001;B
20240329;101000;7470;26;9985862529;S
20240329;101000;7470;1;9985862530;S
20240329;101000;7470;23;9985862531;S
20240329;101004;7470;5;9985862945;S
20240329;101008;7470.5;3;9985863487;B
20240329;101009;7470.5;1;9985863621;B
20240329;101010;7470.5;1;9985863699;B
20240329;101013;7470.5;7;9985864018;B
20240329;101016;7470.5;1;9985864352;B
20240329;101017;7470.5;3;9985864453;B
20240329;101019;7470;1;9985864751;S
20240329;101020;7470;19;9985864857;S
20240329;101020;7470;15;9985864950;S
20240329;101021;7470;7;9985865028;S
20240329;101025;7470.5;1;9985865429;B
20240329;101032;7470.5;1;9985866127;B
20240329;101037;7470.5;2;9985866743;B
20240329;101038;7470;1;9985866863;S
20240329;101045;7470.5;10;9985867587;B
20240329;101050;7470;18;9985868013;S
20240329;101051;7470;3;9985868163;S
20240329;101053;7470.5;13;9985868344;B
20240329;101104;7470;2;9985869658;S
20240329;101104;7470.5;10;9985869765;B
20240329;101116;7470.5;7;9985871160;B
20240329;101116;7470.5;3;9985871161;B
20240329;101120;7470;6;9985871759;S
20240329;101120;7470;13;9985871760;S
20240329;101125;7470;1;9985872588;S
20240329;101125;7470;2;9985872589;S
20240329;101127;7470;2;9985872803;S
20240329;101128;7470;15;9985872938;S
20240329;101135;7470;8;9985873756;S
20240329;101138;7470.5;9;9985874176;B
20240329;101138;7470.5;21;9985874177;B
20240329;101138;7470.5;1;9985874190;B
20240329;101138;7470;5;9985874208;S
20240329;101139;7470.5;2;9985874277;B
20240329;101139;7470.5;8;9985874325;B
20240329;101139;7470.5;10;9985874326;B
20240329;101139;7470.5;32;9985874327;B
20240329;101150;7470;18;9985875699;S
20240329;101150;7470;15;9985875735;S
20240329;101151;7470.5;1;9985875842;B
20240329;101151;7470;39;9985875886;S
20240329;101151;7470;2;9985875887;S
20240329;101151;7470;59;9985875888;S
20240329;101155;7470.5;6;9985876331;B
20240329;101155;7470.5;1;9985876332;B
20240329;101155;7470.5;1;9985876333;B
20240329;101158;7470;41;9985876755;S
20240329;101158;7470;59;9985876756;S
20240329;101159;7470.5;1;9985876800;B
20240329;101203;7470.5;5;9985877205;B
20240329;101210;7470.5;2;9985878131;B
20240329;101210;7470;41;9985878181;S
20240329;101210;7470;25;9985878182;S
20240329;101210;7470;5;9985878183;S
20240329;101210;7470;100;9985878184;S
20240329;101210;7470;15;9985878185;S
20240329;101210;7470;14;9985878186;S
20240329;101215;7470.5;21;9985878711;B
20240329;101215;7470.5;13;9985878712;B
20240329;101215;7470.5;6;9985878713;B
20240329;101217;7470.5;27;9985878872;B
20240329;101220;7470;19;9985879206;S
20240329;101225;7470.5;2;9985879730;B
20240329;101226;7470.5;1;9985879785;B
20240329;101227;7470.5;4;9985879879;B
20240329;101232;7470.5;1;9985880593;B
20240329;101240;7470.5;15;9985881776;B
20240329;101240;7470.5;12;9985881895;B
20240329;101241;7470.5;12;9985881910;B
20240329;101241;7470.5;12;9985882043;B
20240329;101244;7470;67;9985882426;S
20240329;101244;7470;10;9985882427;S
20240329;101244;7470;2;9985882428;S
20240329;101244;7470;10;9985882429;S
20240329;101244;7470;1;9985882430;S
20240329;101245;7470.5;1;9985882539;B
20240329;101247;7470.5;5;9985882765;B
20240329;101248;7471;24;9985882986;B
20240329;101248;7471;3;9985882987;B
20240329;101248;7471;5;9985882988;B
20240329;101248;7471;145;9985882989;B
20240329;101248;7472;6;9985882990;B
20240329;101248;7472;1;9985882991;B
20240329;101248;7472.5;40;9985882992;B
20240329;101248;7473;30;9985882995;B
20240329;101248;7473;300;9985882996;B
20240329;101248;7473;10;9985882997;B
20240329;101248;7474;1;9985882998;B
20240329;101248;7474;45;9985882999;B
20240329;101248;7474;205;9985883000;B
20240329;101248;7474;30;9985883001;B
20240329;101250;7474.5;10;9985883142;S
20240329;101250;7474;8;9985883143;S
20240329;101253;7475;10;9985883591;B
20240329;101253;7475;50;9985883592;B
20240329;101253;7475;50;9985883593;B
20240329;101253;7475;30;9985883594;B
20240329;101258;7475.5;30;9985884238;B
20240329;101259;7476;7;9985884367;B
20240329;101301;7475.5;66;9985884663;B
20240329;101301;7476.5;1;9985884700;B
20240329;101302;7476.5;3;9985884746;B
20240329;101304;7476;3;9985885044;S
20240329;101306;7476;1;9985885287;S
20240329;101308;7476.5;3;9985885639;B
20240329;101314;7476.5;2;9985886300;B
20240329;101316;7476;10;9985886567;S
20240329;101316;7475.5;13;9985886568;S
20240329;101316;7475.5;3;9985886569;S
20240329;101316;7475.5;10;9985886570;S
20240329;101316;7475;10;9985886571;S
20240329;101316;7475;4;9985886572;S
20240329;101316;7474.5;15;9985886573;S
20240329;101316;7474.5;28;9985886574;S
20240329;101318;7476;1;9985886860;B
20240329;101320;7475.5;19;9985887039;S
20240329;101321;7476;1;9985887297;B
20240329;101321;7476;1;9985887360;B
20240329;101322;7476;2;9985887451;B
20240329;101326;7475.5;10;9985887989;S
20240329;101326;7475.5;10;9985887990;S
20240329;101326;7477;1;9985887992;B
20240329;101339;7479;1;9985889414;B
20240329;101341;7479;1;9985889711;B
20240329;101341;7480;3;9985889712;B
20240329;101349;7480;50;9985890583;B
20240329;101350;7479;1;9985890724;S
20240329;101350;7479;10;9985890725;S
20240329;101350;7479;2;9985890726;S
20240329;101350;7479;6;9985890727;S
20240329;101350;7480;4;9985890790;B
20240329;101350;7479;2;9985890813;S
20240329;101350;7479;1;9985890814;S
20240329;101354;7480;2;9985891395;B
20240329;101354;7480;13;9985891396;B
20240329;101354;7480;2;9985891397;B
20240329;101409;7481;1;9985893283;B
20240329;101409;7480.5;1;9985893308;S
20240329;101409;7480;12;9985893309;S
20240329;101409;7479.5;10;9985893310;S
20240329;101409;7479.5;7;9985893311;S
20240329;101414;7480.5;2;9985893906;B
20240329;101414;7481;4;9985893907;B
20240329;101414;7481;20;9985893908;B
20240329;101414;7481;40;9985893909;B
20240329;101414;7481;12;9985893910;B
20240329;101414;7481.5;40;9985893911;B
20240329;101414;7481.5;10;9985893912;B
20240329;101414;7482;40;9985893913;B
20240329;101414;7482;100;9985893914;B
20240329;101414;7482.5;232;9985893915;B
20240329;101419;7483;4;9985894548;B
20240329;101420;7482.5;10;9985894685;S
20240329;101420;7482.5;8;9985894686;S
20240329;101420;7482.5;12;9985894712;S
20240329;101424;7482.5;4;9985895397;S
20240329;101426;7483;6;9985895669;B
20240329;101429;7483.5;6;9985895987;B
20240329;101431;7483.5;1;9985896157;B
20240329;101431;7483;1;9985896176;S
20240329;101435;7483.5;8;9985896737;B
20240329;101435;7484;6;9985896738;B
20240329;101435;7483.5;30;9985896739;S
20240329;101437;7483.5;1;9985896999;S
20240329;101444;7483.5;1;9985897842;B
20240329;101450;7483;12;9985898513;S
20240329;101450;7482.5;7;9985898514;S
20240329;101450;7482.5;1;9985898590;S
20240329;101452;7482.5;25;9985898839;S
20240329;101457;7484;1;9985899456;B
20240329;101501;7484;1;9985900266;B
20240329;101503;7484;1;9985900488;B
20240329;101504;7484;1;9985900630;B
20240329;101504;7484;18;9985900735;B
20240329;101504;7484;5;9985900736;B
20240329;101504;7484;6;9985900737;B
20240329;101504;7484;1;9985900738;B
20240329;101511;7484.5;10;9985902361;S
20240329;101511;7484.5;41;9985902362;S
20240329;101511;7484;11;9985902363;S
20240329;101511;7484;31;9985902364;S
20240329;101512;7485;1;9985902586;B
20240329;101513;7485;1;9985902699;B
20240329;101514;7485;2;9985903019;B
20240329;101515;7485;6;9985903241;B
20240329;101515;7485;12;9985903242;B
20240329;101515;7485;4;9985903243;B
20240329;101515;7485;1;9985903244;B
20240329;101515;7485;8;9985903245;B
20240329;101515;7485;1;9985903246;B
20240329;101517;7485.5;2;9985903570;S
20240329;101518;7486;2;9985903667;B
20240329;101518;7486;5;9985903668;B
20240329;101518;7486;3;9985903669;B
20240329;101520;7485.5;9;9985904093;S
20240329;101520;7485.5;9;9985904094;S
20240329;101525;7485.5;1;9985905256;S
20240329;101527;7486;2;9985905425;B
20240329;101527;7486;1;9985905426;B
20240329;101529;7485.5;1;9985905977;S
20240329;101529;7485;468;9985905978;S
20240329;101529;7485;11;9985905979;S
20240329;101529;7484.5;9;9985906018;S
20240329;101529;7484;91;9985906019;S
20240329;101531;7484;144;9985906381;S
20240329;101534;7484;3;9985906972;S
20240329;101535;7484;1;9985907202;S
20240329;101541;7484.5;5;9985908208;B
20240329;101544;7484;92;9985909206;S
20240329;101544;7484;8;9985909207;S
20240329;101544;7484;55;9985909208;S
20240329;101546;7484;1;9985909939;S
20240329;101546;7484;40;9985909950;S
20240329;101547;7484;37;9985910042;S
20240329;101547;7484.5;5;9985910046;B
20240329;101547;7484.5;45;9985910047;B
20240329;101547;7484.5;5;9985910048;B
20240329;101550;7484;19;9985910668;S
20240329;101551;7484.5;3;9985910881;B
20240329;101551;7484;28;9985910892;S
20240329;101552;7484;100;9985911017;S
20240329;101554;7484.5;38;9985911323;B
20240329;101554;7484.5;2;9985911324;B
20240329;101556;7484;20;9985911825;S
20240329;101556;7484;7;9985911826;S
20240329;101556;7484;6;9985911827;S
20240329;101556;7483.5;10;9985911829;S
20240329;101556;7483;50;9985911830;S
20240329;101556;7483;108;9985911831;S
20240329;101556;7483;1;9985911832;S
20240329;101556;7483;159;9985911833;S
20240329;101556;7483;159;9985911834;S
20240329;101556;7483;53;9985911853;S
20240329;101556;7483;1;9985911864;S
20240329;101556;7483;20;9985911878;S
20240329;101557;7483;4;9985912016;S
20240329;101558;7483.5;20;9985912271;B
20240329;101601;7483;100;9985912723;S
20240329;101601;7483;96;9985912802;S
20240329;101601;7483;52;9985912803;S
20240329;101602;7483;18;9985913101;S
20240329;101603;7483.5;3;9985913246;B
20240329;101604;7483;100;9985913507;S
20240329;101606;7483;30;9985913959;S
20240329;101606;7483;29;9985913960;S
20240329;101608;7483;5;9985914328;S
20240329;101608;7483.5;1;9985914468;B
20240329;101612;7483.5;9;9985915054;B
20240329;101616;7483.5;2;9985915908;B
20240329;101618;7483;25;9985916189;S
20240329;101620;7483;18;9985916393;S
20240329;101624;7483.5;1;9985917158;B
20240329;101630;7483.5;2;9985917845;B
20240329;101632;7483;3;9985918185;S
20240329;101639;7483.5;1;9985918980;B
20240329;101639;7483.5;1;9985919028;B
20240329;101640;7483;20;9985919262;S
20240329;101642;7483;1;9985919530;S
20240329;101644;7483;19;9985919853;S
20240329;101650;7483;19;9985921043;S
20240329;101654;7483;10;9985921664;S
20240329;101657;7483;51;9985922179;S
20240329;101657;7483;51;9985922180;S
20240329;101657;7483;51;9985922181;S
20240329;101657;7483;21;9985922182;S
20240329;101657;7483;51;9985922183;S
20240329;101657;7483;51;9985922184;S
20240329;101657;7483;51;9985922185;S
20240329;101657;7483;24;9985922186;S
20240329;101657;7483;24;9985922187;S
20240329;101701;7483.5;8;9985922836;B
20240329;101701;7483.5;50;9985922837;B
20240329;101701;7483.5;50;9985922838;B
20240329;101701;7483.5;41;9985922839;B
20240329;101701;7483.5;30;9985922840;B
20240329;101701;7483.5;46;9985922841;B
20240329;101701;7483.5;49;9985922842;B
20240329;101701;7483;76;9985922943;S
20240329;101701;7483;19;9985922944;S
20240329;101703;7483;81;9985923192;S
20240329;101703;7483;100;9985923194;S
20240329;101703;7483;100;9985923195;S
20240329;101703;7483;100;9985923196;S
20240329;101703;7483;100;9985923197;S
20240329;101703;7482;8;9985923198;S
20240329;101703;7481.5;73;9985923199;S
20240329;101703;7481;3;9985923246;S
20240329;101703;7480.5;1;9985923247;S
20240329;101703;7480.5;1;9985923248;S
20240329;101703;7480.5;5;9985923249;S
20240329;101704;7481;1;9985923330;B
20240329;101706;7480.5;5;9985923787;S
20240329;101707;7480;1;9985923819;S
20240329;101707;7480;1;9985923820;S
20240329;101707;7480;10;9985923821;S
20240329;101707;7480;1;9985923822;S
20240329;101707;7480;1;9985923823;S
20240329;101707;7479;10;9985923839;S
20240329;101707;7479;10;9985923840;B
20240329;101707;7478.5;5;9985923869;S
20240329;101707;7478.5;30;9985923870;S
20240329;101707;7478.5;13;9985923871;S
20240329;101707;7478;1;9985923875;S
20240329;101707;7478;77;9985923876;S
20240329;101707;7478.5;2;9985923900;B
20240329;101711;7478;99;9985924460;S
20240329;101714;7478;5;9985924780;S
20240329;101716;7478;69;9985925135;S
20240329;101716;7478;1;9985925136;S
20240329;101716;7477.5;5;9985925188;S
20240329;101716;7477.5;15;9985925189;S
20240329;101716;7477.5;9;9985925190;S
20240329;101720;7477;18;9985925614;S
20240329;101721;7477.5;6;9985925710;B
20240329;101721;7477;114;9985925739;S
20240329;101721;7477.5;7;9985925745;B
20240329;101723;7477.5;1;9985926050;B
20240329;101724;7477.5;7;9985926184;B
20240329;101726;7477.5;2;9985926498;B
20240329;101726;7477;129;9985926527;S
20240329;101728;7477.5;12;9985926731;B
20240329;101731;7477;138;9985927225;S
20240329;101734;7477.5;2;9985927643;B
20240329;101734;7477;1;9985927726;S
20240329;101750;7477;19;9985930071;S
20240329;101750;7477.5;3;9985930102;B
20240329;101815;7477.5;1;9985933702;B
20240329;101815;7477.5;6;9985933720;B
20240329;101820;7477;18;9985934561;S
20240329;101821;7477;208;9985934698;S
20240329;101821;7477;208;9985934706;S
20240329;101821;7477;10;9985934713;S
20240329;101821;7477;1;9985934794;S
20240329;101824;7477;40;9985935865;S
20240329;101825;7477.5;2;9985936041;B
20240329;101827;7477.5;2;9985936836;B
20240329;101832;7477.5;1;9985937669;B
20240329;101835;7477.5;5;9985938060;B
20240329;101838;7477.5;5;9985938542;B
20240329;101839;7477.5;1;9985938593;B
20240329;101840;7477;45;9985938662;S
20240329;101840;7477.5;15;9985938673;B
20240329;101843;7477;1;9985939072;S
20240329;101846;7477;50;9985939261;S
20240329;101846;7477;1;9985939262;S
20240329;101846;7477;4;9985939263;S
20240329;101846;7477;1;9985939264;S
20240329;101846;7477;10;9985939265;S
20240329;101846;7477;2;9985939266;S
20240329;101846;7477;1;9985939267;S
20240329;101846;7477;1;9985939268;S
20240329;101846;7476;30;9985939270;S
20240329;101846;7476;1;9985939271;S
20240329;101846;7476;7;9985939272;S
20240329;101846;7476;25;9985939273;S
20240329;101846;7476;1;9985939274;S
20240329;101848;7475.5;41;9985939486;B
20240329;101848;7475.5;10;9985939487;B
20240329;101848;7475.5;30;9985939488;B
20240329;101848;7476;15;9985939489;B
20240329;101848;7476.5;15;9985939490;B
20240329;101848;7477;104;9985939491;B
20240329;101848;7477.5;53;9985939492;B
20240329;101849;7475.5;2;9985939562;B
20240329;101850;7475;19;9985939655;S
20240329;101857;7475.5;1;9985940672;B
20240329;101858;7475.5;1;9985940775;B
20240329;101859;7475;1;9985940872;S
20240329;101902;7475.5;1;9985941096;B
20240329;101907;7475.5;10;9985941495;B
20240329;101915;7475.5;1;9985942218;B
20240329;101918;7475.5;29;9985942517;B
20240329;101920;7475;18;9985942743;S
20240329;101922;7475;12;9985942953;S
20240329;101922;7475;38;9985942954;S
20240329;101926;7475;1;9985943740;S
20240329;101927;7475.5;3;9985943742;B
20240329;101927;7475;10;9985943852;S
20240329;101929;7475;8;9985944087;S
20240329;101934;7475;2;9985944577;S
20240329;101938;7475;4;9985944952;S
20240329;101940;7475.5;1;9985945345;B
20240329;101941;7475.5;1;9985945408;B
20240329;101941;7475.5;1;9985945440;B
20240329;101947;7475.5;1;9985946103;B
20240329;101947;7475.5;1;9985946104;B
20240329;101947;7475.5;11;9985946105;B
20240329;101948;7475;1;9985946240;S
20240329;101950;7475;6;9985946426;S
20240329;101950;7475;13;9985946427;S
20240329;101952;7475.5;30;9985946691;B
20240329;101952;7475;17;9985946713;S
20240329;101957;7475;2;9985947337;S
20240329;102000;7475;1;9985947840;S
20240329;102001;7475.5;1;9985948031;B
20240329;102004;7475.5;1;9985948273;B
20240329;102004;7475.5;4;9985948274;B
20240329;102005;7475.5;1;9985948383;B
20240329;102005;7475;124;9985948471;S
20240329;102009;7475.5;1;9985949064;B
20240329;102011;7475;43;9985949274;S
20240329;102011;7475;50;9985949275;S
20240329;102011;7475;10;9985949276;S
20240329;102011;7475;2;9985949277;S
20240329;102011;7475;1;9985949278;S
20240329;102011;7475;10;9985949279;S
20240329;102011;7475;1;9985949280;S
20240329;102011;7475;2;9985949281;S
20240329;102014;7475.5;4;9985949625;B
20240329;102014;7475.5;46;9985949626;B
20240329;102016;7475;31;9985949806;S
20240329;102016;7475;1;9985949807;S
20240329;102016;7475;1;9985949810;B
20240329;102016;7475;1;9985949817;B
20240329;102016;7475;1;9985949820;B
20240329;102016;7475;1;9985949844;B
20240329;102016;7474.5;10;9985949846;S
20240329;102016;7474.5;17;9985949854;S
20240329;102016;7474.5;10;9985949855;S
20240329;102016;7475;1;9985949859;B
20240329;102016;7474;10;9985949861;S
20240329;102016;7475;1;9985949868;B
20240329;102016;7475;1;9985949873;B
20240329;102016;7474;40;9985949886;S
20240329;102016;7474;2;9985949887;S
20240329;102017;7475;1;9985949981;B
20240329;102017;7475;1;9985949994;B
20240329;102017;7475;1;9985950008;B
20240329;102017;7475;1;9985950013;B
20240329;102017;7475;1;9985950022;B
20240329;102017;7475;1;9985950024;B
20240329;102018;7475;1;9985950037;B
20240329;102018;7475;1;9985950045;B
20240329;102018;7475;1;9985950049;B
20240329;102018;7475;1;9985950050;B
20240329;102018;7475;1;9985950061;B
20240329;102019;7474;1;9985950183;S
20240329;102020;7474;7;9985950310;S
20240329;102020;7474;11;9985950311;S
20240329;102021;7474.5;30;9985950406;S
20240329;102021;7474.5;45;9985950407;S
20240329;102026;7475;1;9985952046;B
20240329;102041;7475;1;9985958980;B
20240329;102041;7475;6;9985958981;B
20240329;102041;7475;1;9985958992;B
20240329;102042;7475;1;9985959006;B
20240329;102044;7475;5;9985959766;B
20240329;102046;7475;10;9985960892;B
20240329;102050;7474.5;16;9985961338;S
20240329;102050;7474.5;1;9985961339;S
20240329;102050;7474.5;1;9985961340;S
20240329;102050;7474.5;1;9985961341;S
20240329;102051;7475;2;9985962068;B
20240329;102052;7474.5;1;9985962157;S
20240329;102052;7474.5;1;9985962158;S
20240329;102052;7474.5;1;9985962159;S
20240329;102055;7475;2;9985963213;B
20240329;102056;7474.5;1;9985963342;S
20240329;102056;7474.5;1;9985963343;S
20240329;102056;7474.5;15;9985963344;S
20240329;102056;7474.5;1;9985963345;S
20240329;102056;7474.5;1;9985963346;S
20240329;102056;7474;2;9985963347;S
20240329;102056;7474;27;9985963348;S
20240329;102112;7474.5;2;9985968231;S
20240329;102120;7474.5;1;9985970215;S
20240329;102120;7474.5;1;9985970216;S
20240329;102120;7474.5;1;9985970217;S
20240329;102120;7474.5;1;9985970218;S
20240329;102120;7474.5;1;9985970219;S
20240329;102120;7474.5;1;9985970220;S
20240329;102120;7474.5;1;9985970221;S
20240329;102120;7474.5;1;9985970222;S
20240329;102120;7474.5;1;9985970223;S
20240329;102120;7474.5;1;9985970224;S
20240329;102120;7474.5;1;9985970225;S
20240329;102120;7474.5;2;9985970226;S
20240329;102120;7474;5;9985970227;S
20240329;102120;7474.5;1;9985970234;B
20240329;102120;7474.5;1;9985970236;B
20240329;102120;7474.5;1;9985970237;B
20240329;102120;7474.5;1;9985970239;B
20240329;102120;7474.5;2;9985970243;B
20240329;102120;7474.5;1;9985970266;B
20240329;102120;7474.5;1;9985970267;B
20240329;102120;7474.5;1;9985970268;B
20240329;102120;7474.5;1;9985970269;B
20240329;102120;7474.5;1;9985970270;B
20240329;102120;7474.5;1;9985970272;B
20240329;102120;7474.5;1;9985970273;B
20240329;102120;7474.5;1;9985970274;B
20240329;102120;7474.5;2;9985970275;B
20240329;102120;7474.5;1;9985970278;B
20240329;102120;7474.5;1;9985970279;B
20240329;102120;7474.5;2;9985970280;B
20240329;102120;7474.5;1;9985970281;B
20240329;102120;7474.5;1;9985970289;B
20240329;102120;7474.5;1;9985970292;B
20240329;102120;7474.5;2;9985970293;B
20240329;102120;7474.5;1;9985970294;B
20240329;102120;7474.5;1;9985970301;B
20240329;102120;7474.5;1;9985970306;B
20240329;102120;7474.5;1;9985970310;B
20240329;102121;7474.5;1;9985970312;B
20240329;102121;7474.5;1;9985970316;B
20240329;102121;7474.5;1;9985970319;B
20240329;102131;7474;1;9985973251;S
20240329;102131;7473.5;10;9985973252;S
20240329;102131;7473.5;15;9985973253;S
20240329;102131;7473;2;9985973254;S
20240329;102131;7473;3;9985973255;S
20240329;102132;7474.5;5;9985973312;B
20240329;102136;7474.5;14;9985973997;B
20240329;102136;7474.5;1;9985973998;B
20240329;102136;7474.5;5;9985973999;B
20240329;102142;7474;1;9985975940;S
20240329;102150;7474;15;9985977821;S
20240329;102150;7474;4;9985977822;S
20240329;102151;7474;1;9985978655;S
20240329;102151;7474;11;9985978656;S
20240329;102205;7474.5;9;9985981965;B
20240329;102218;7474.5;2;9985985318;B
20240329;102219;7474;1;9985985344;S
20240329;102219;7474;1;9985985355;S
20240329;102220;7474;2;9985985558;S
20240329;102220;7474;16;9985985559;S
20240329;102220;7474;1;9985985560;S
20240329;102230;7474;7;9985988060;S
20240329;102230;7474;1;9985988061;S
20240329;102230;7474;7;9985988062;S
20240329;102232;7474;1;9985988265;S
20240329;102235;7474.5;11;9985989854;B
20240329;102236;7474;7;9985989910;S
20240329;102236;7474;1;9985989911;S
20240329;102240;7474;15;9985990552;S
20240329;102240;7474;5;9985990553;S
20240329;102247;7474.5;22;9985991784;B
20240329;102247;7474.5;1;9985991785;B
20240329;102247;7474.5;1;9985991786;B
20240329;102247;7474.5;18;9985991787;B
20240329;102247;7474.5;58;9985991788;B
20240329;102249;7474.5;1;9985993406;B
20240329;102249;7474.5;1;9985993466;B
20240329;102250;7474;15;9985993679;S
20240329;102250;7474;3;9985993680;S
20240329;102257;7474.5;100;9985994646;B
20240329;102300;7474;1;9985996193;S
20240329;102300;7474;4;9985996194;S
20240329;102300;7474.5;1;9985996196;B
20240329;102304;7474.5;7;9985996865;B
20240329;102308;7474;1;9985998305;S
20240329;102320;7474;19;9986000927;S
20240329;102321;7474;22;9986001206;S
20240329;102321;7474;15;9986001207;S
20240329;102321;7474;1;9986001208;S
20240329;102321;7473.5;2;9986001213;S
20240329;102326;7473.5;38;9986003020;S
20240329;102326;7473.5;1;9986003021;S
20240329;102327;7473.5;9;9986003383;S
20240329;102331;7473;7;9986004487;S
20240329;102331;7473;2;9986004488;S
20240329;102331;7473;15;9986004489;S
20240329;102331;7472.5;14;9986004515;S
20240329;102333;7473.5;3;9986004696;B
20240329;102336;7472.5;30;9986005145;S
20240329;102336;7472.5;8;9986005146;S
20240329;102341;7472.5;1;9986006354;S
20240329;102344;7473.5;1;9986007376;B
20240329;102348;7473.5;1;9986007955;B
20240329;102349;7473.5;20;9986008104;B
20240329;102350;7472.5;6;9986008169;S
20240329;102350;7472.5;12;9986008170;S
20240329;102351;7473;1;9986008290;B
20240329;102355;7473.5;1;9986009303;B
20240329;102356;7473.5;19;9986009441;B
20240329;102359;7474;2;9986011595;B
20240329;102359;7473.5;1;9986011657;S
20240329;102400;7473.5;2;9986011770;S
20240329;102400;7473.5;1;9986011775;S
20240329;102400;7473.5;1;9986011784;S
20240329;102400;7473.5;1;9986011856;S
20240329;102401;7473.5;3;9986011861;S
20240329;102401;7473.5;2;9986011864;S
20240329;102401;7473.5;4;9986011865;S
20240329;102401;7473.5;1;9986011867;S
20240329;102401;7473.5;2;9986011872;S
20240329;102401;7473.5;2;9986011875;S
20240329;102401;7473.5;3;9986011879;S
20240329;102401;7473.5;1;9986011884;S
20240329;102401;7473.5;1;9986011885;S
20240329;102401;7473.5;1;9986011886;S
20240329;102401;7473.5;2;9986011899;S
20240329;102401;7473.5;1;9986011914;S
20240329;102401;7473.5;2;9986011915;S
20240329;102401;7473.5;2;9986011916;S
20240329;102401;7473.5;1;9986011918;S
20240329;102401;7473.5;2;9986011928;S
20240329;102402;7473.5;1;9986011988;S
20240329;102402;7473.5;1;9986012005;S
20240329;102402;7473.5;4;9986012006;S
20240329;102402;7473.5;1;9986012031;S
20240329;102402;7473.5;1;9986012041;S
20240329;102402;7473.5;1;9986012042;S
20240329;102402;7473.5;1;9986012043;S
20240329;102402;7473.5;11;9986012044;S
20240329;102402;7473.5;1;9986012045;S
20240329;102402;7473.5;3;9986012046;S
20240329;102402;7473.5;3;9986012051;S
20240329;102403;7473.5;1;9986012052;S
20240329;102403;7473.5;1;9986012077;S
20240329;102403;7473.5;1;9986012081;S
20240329;102403;7473.5;3;9986012102;S
20240329;102403;7473.5;3;9986012107;S
20240329;102403;7473.5;3;9986012108;S
20240329;102403;7473.5;1;9986012110;S
20240329;102403;7473.5;2;9986012112;S
20240329;102403;7473.5;1;9986012115;S
20240329;102404;7473.5;1;9986012154;S
20240329;102404;7473.5;1;9986012155;S
20240329;102404;7473.5;1;9986012178;S
20240329;102404;7473.5;3;9986012183;S
20240329;102404;7473.5;1;9986012200;S
20240329;102404;7473.5;9;9986012211;S
20240329;102404;7473.5;1;9986012212;S
20240329;102404;7473.5;1;9986012213;S
20240329;102404;7473.5;1;9986012214;S
20240329;102404;7473.5;8;9986012217;S
20240329;102404;7473.5;1;9986012227;S
20240329;102404;7473.5;1;9986012238;S
20240329;102404;7473.5;1;9986012240;S
20240329;102404;7473.5;1;9986012247;S
20240329;102404;7473.5;1;9986012250;S
20240329;102405;7473.5;2;9986012279;S
20240329;102405;7473.5;1;9986012295;S
20240329;102405;7473.5;1;9986012296;S
20240329;102405;7473.5;2;9986012304;S
20240329;102405;7473.5;2;9986012305;S
20240329;102405;7473.5;1;9986012306;S
20240329;102405;7473.5;1;9986012314;S
20240329;102405;7473.5;1;9986012350;S
20240329;102406;7473.5;1;9986012505;S
20240329;102406;7473.5;4;9986012527;S
20240329;102406;7473.5;1;9986013241;S
20240329;102406;7473.5;1;9986013546;S
20240329;102406;7473.5;3;9986013547;S
20240329;102406;7473.5;1;9986013548;S
20240329;102406;7473.5;3;9986013577;S
20240329;102406;7473.5;5;9986013580;S
20240329;102406;7473.5;1;9986013582;S
20240329;102406;7473.5;2;9986013586;S
20240329;102406;7473.5;3;9986013590;S
20240329;102406;7473.5;2;9986013591;S
20240329;102406;7473.5;2;9986013592;S
20240329;102406;7473.5;1;9986013616;S
20240329;102407;7473.5;1;9986013622;S
20240329;102407;7473.5;1;9986013623;S
20240329;102407;7473.5;2;9986013624;S
20240329;102407;7473.5;1;9986013626;S
20240329;102407;7473.5;2;9986013637;S
20240329;102408;7473.5;1;9986013774;S
20240329;102408;7473.5;1;9986013775;S
20240329;102408;7473.5;2;9986013777;S
20240329;102408;7473.5;1;9986013781;S
20240329;102409;7473.5;1;9986013822;S
20240329;102409;7473.5;2;9986013858;S
20240329;102410;7473.5;1;9986013894;S
20240329;102410;7473.5;3;9986013898;S
20240329;102410;7473.5;1;9986013902;S
20240329;102410;7473.5;2;9986013912;S
20240329;102410;7473.5;1;9986013920;S
20240329;102410;7473.5;1;9986013921;S
20240329;102410;7473.5;2;9986013922;S
20240329;102410;7473.5;1;9986013923;S
20240329;102410;7473.5;1;9986013928;S
20240329;102410;7473.5;2;9986013929;S
20240329;102410;7473.5;1;9986013931;S
20240329;102410;7473.5;3;9986013934;S
20240329;102410;7473.5;1;9986013937;S
20240329;102410;7473.5;1;9986013944;S
20240329;102410;7473.5;1;9986013947;S
20240329;102410;7473.5;2;9986013949;S
20240329;102410;7473.5;1;9986013950;S
20240329;102410;7473.5;1;9986013953;S
20240329;102410;7473.5;1;9986013984;S
20240329;102411;7473.5;1;9986014644;S
20240329;102411;7474;21;9986014660;B
20240329;102411;7474;97;9986014661;B
20240329;102411;7473.5;1;9986014665;S
20240329;102411;7473.5;1;9986014680;S
20240329;102411;7473.5;3;9986014681;S
20240329;102412;7473.5;6;9986014684;S
20240329;102412;7473.5;14;9986014685;S
20240329;102412;7473.5;1;9986015484;S
20240329;102412;7473.5;1;9986015485;S
20240329;102412;7473.5;1;9986015486;S
20240329;102412;7473.5;1;9986015487;S
20240329;102412;7473.5;1;9986015488;S
20240329;102412;7473.5;3;9986015489;S
20240329;102412;7473.5;4;9986015490;S
20240329;102412;7473.5;8;9986015491;S
20240329;102412;7473.5;10;9986015495;S
20240329;102412;7473.5;3;9986015496;S
20240329;102412;7473.5;1;9986015498;S
20240329;102412;7473.5;1;9986015499;S
20240329;102412;7473.5;1;9986015500;S
20240329;102412;7473.5;1;9986015529;S
20240329;102412;7473.5;3;9986015530;S
20240329;102412;7473.5;7;9986015531;S
20240329;102412;7473.5;1;9986015532;S
20240329;102413;7473.5;1;9986015616;S
20240329;102413;7473.5;1;9986015651;S
20240329;102413;7473.5;1;9986015652;S
20240329;102413;7473.5;3;9986015653;S
20240329;102414;7473.5;1;9986015665;S
20240329;102414;7473.5;3;9986015694;S
20240329;102414;7473.5;27;9986015695;S
20240329;102414;7473.5;2;9986015697;S
20240329;102414;7473.5;5;9986015698;S
20240329;102414;7473.5;1;9986015699;S
20240329;102414;7473.5;2;9986015700;S
20240329;102414;7473.5;2;9986015702;S
20240329;102414;7473.5;1;9986015703;S
20240329;102414;7473.5;3;9986015704;S
20240329;102414;7473.5;1;9986015705;S
20240329;102414;7473.5;6;9986015708;S
20240329;102414;7473.5;2;9986015730;S
20240329;102414;7473.5;1;9986015731;S
20240329;102414;7473.5;1;9986015732;S
20240329;102414;7473.5;1;9986015733;S
20240329;102415;7473.5;1;9986015759;S
20240329;102415;7473.5;9;9986015787;S
20240329;102415;7473.5;1;9986015790;S
20240329;102415;7473.5;3;9986015791;S
20240329;102416;7473.5;1;9986015864;S
20240329;102416;7473.5;2;9986015904;S
20240329;102416;7473.5;3;9986015905;S
20240329;102416;7473.5;1;9986015910;S
20240329;102416;7473.5;2;9986015911;S
20240329;102416;7473.5;2;9986015913;S
20240329;102416;7473.5;2;9986015914;S
20240329;102416;7473.5;1;9986015915;S
20240329;102416;7473.5;1;9986015920;S
20240329;102416;7473.5;4;9986015927;S
20240329;102416;7473.5;1;9986015931;S
20240329;102416;7473.5;1;9986015932;S
20240329;102416;7473.5;3;9986015934;S
20240329;102417;7473.5;1;9986015984;S
20240329;102417;7473.5;2;9986016006;S
20240329;102418;7473.5;1;9986016067;S
20240329;102418;7473.5;1;9986016068;S
20240329;102418;7473.5;1;9986016069;S
20240329;102418;7473.5;1;9986016070;S
20240329;102418;7473.5;9;9986016073;S
20240329;102418;7473.5;4;9986016075;S
20240329;102418;7473.5;3;9986016077;S
20240329;102418;7473.5;1;9986016079;S
20240329;102418;7473.5;1;9986016081;S
20240329;102418;7473.5;3;9986016082;S
20240329;102419;7473.5;1;9986016110;S
20240329;102419;7473.5;3;9986016131;S
20240329;102419;7473.5;1;9986016132;S
20240329;102419;7473.5;1;9986016133;S
20240329;102420;7473.5;1;9986016248;S
20240329;102420;7473.5;19;9986016273;S
20240329;102420;7473.5;4;9986016532;S
20240329;102420;7473.5;1;9986016533;S
20240329;102420;7473.5;1;9986016534;S
20240329;102420;7473.5;1;9986016535;S
20240329;102420;7473.5;4;9986016536;S
20240329;102420;7473.5;1;9986016573;S
20240329;102420;7473.5;5;9986016575;S
20240329;102421;7473.5;1;9986016577;S
20240329;102421;7473.5;3;9986016578;S
20240329;102421;7473.5;1;9986016579;S
20240329;102421;7473.5;1;9986016580;S
20240329;102421;7473.5;4;9986016581;S
20240329;102421;7473.5;9;9986016582;S
20240329;102421;7473.5;1;9986016583;S
20240329;102421;7473.5;1;9986016584;S
20240329;102421;7473.5;5;9986016585;S
20240329;102421;7473.5;1;9986016586;S
20240329;102421;7473.5;2;9986016611;S
20240329;102421;7473.5;1;9986016613;S
20240329;102421;7473.5;1;9986017674;S
20240329;102421;7473.5;1;9986017675;S
20240329;102421;7473.5;6;9986017676;S
20240329;102422;7473.5;1;9986017706;S
20240329;102422;7473.5;1;9986017707;S
20240329;102422;7473.5;1;9986017708;S
20240329;102422;7473.5;1;9986017709;S
20240329;102422;7473.5;2;9986017748;S
20240329;102422;7473.5;11;9986017749;S
20240329;102422;7473.5;1;9986017750;S
20240329;102422;7473.5;1;9986017751;S
20240329;102422;7473.5;2;9986017752;S
20240329;102423;7473.5;1;9986017776;S
20240329;102423;7473.5;1;9986017777;S
20240329;102423;7473.5;1;9986017787;S
20240329;102423;7473.5;3;9986017789;S
20240329;102423;7473.5;1;9986017791;S
20240329;102423;7473.5;1;9986017792;S
20240329;102423;7473.5;2;9986017812;S
20240329;102423;7473.5;3;9986017813;S
20240329;102423;7473.5;1;9986017814;S
20240329;102423;7473.5;21;9986017815;S
20240329;102423;7473.5;8;9986017816;S
20240329;102424;7473.5;8;9986017867;S
20240329;102424;7473.5;1;9986017869;S
20240329;102424;7473.5;2;9986017870;S
20240329;102424;7473.5;1;9986017872;S
20240329;102424;7473.5;1;9986017902;S
20240329;102424;7473.5;2;9986017903;S
20240329;102424;7473.5;1;9986017904;S
20240329;102424;7473.5;5;9986017905;S
20240329;102424;7473.5;1;9986017906;S
20240329;102425;7473.5;1;9986017943;S
20240329;102425;7473.5;8;9986017944;S
20240329;102425;7473.5;1;9986017945;S
20240329;102425;7473.5;1;9986017946;S
20240329;102425;7473.5;4;9986017947;S
20240329;102425;7473.5;6;9986017948;S
20240329;102425;7473.5;1;9986017949;S
20240329;102425;7473.5;4;9986018004;S
20240329;102425;7473.5;1;9986018005;S
20240329;102425;7473.5;2;9986018006;S
20240329;102425;7473.5;1;9986018007;S
20240329;102425;7473.5;1;9986018008;S
20240329;102425;7473.5;1;9986018009;S
20240329;102426;7473.5;1;9986018049;S
20240329;102426;7473.5;1;9986018050;S
20240329;102426;7473.5;99;9986018051;S
20240329;102426;7473.5;15;9986018052;S
20240329;102426;7473.5;1;9986018053;S
20240329;102426;7473.5;3;9986018079;S
20240329;102426;7473.5;1;9986018108;S
20240329;102426;7473.5;7;9986018109;S
20240329;102426;7473.5;1;9986018110;S
20240329;102426;7473.5;1;9986018113;S
20240329;102427;7473.5;49;9986018133;S
20240329;102427;7473.5;2;9986018134;S
20240329;102427;7473.5;1;9986018135;S
20240329;102427;7473.5;9;9986018136;S
20240329;102427;7473.5;1;9986018142;S
20240329;102427;7473.5;20;9986018143;S
20240329;102427;7473.5;2;9986018179;S
20240329;102427;7473.5;1;9986018192;S
20240329;102428;7473.5;10;9986018302;S
20240329;102428;7473.5;4;9986018315;S
20240329;102428;7473.5;5;9986018316;S
20240329;102428;7473.5;11;9986018317;S
20240329;102428;7473.5;12;9986018451;S
20240329;102428;7473.5;3;9986018452;S
20240329;102428;7473.5;10;9986018453;S
20240329;102428;7473.5;2;9986018456;S
20240329;102429;7473.5;4;9986018512;S
20240329;102429;7473.5;1;9986018517;S
20240329;102429;7473.5;2;9986018518;S
20240329;102429;7473.5;1;9986018519;S
20240329;102429;7473.5;1;9986018521;S
20240329;102429;7473.5;1;9986018523;S
20240329;102429;7473.5;1;9986018565;S
20240329;102429;7473.5;1;9986018566;S
20240329;102429;7473.5;1;9986018568;S
20240329;102429;7473.5;7;9986018569;S
20240329;102429;7473.5;1;9986018608;S
20240329;102429;7473.5;3;9986018609;S
20240329;102429;7473.5;4;9986018610;S
20240329;102430;7473.5;1;9986018631;S
20240329;102430;7473.5;1;9986019248;S
20240329;102430;7473.5;1;9986019251;S
20240329;102430;7473.5;1;9986019252;S
20240329;102430;7473.5;4;9986019254;S
20240329;102431;7473.5;1;9986020031;S
20240329;102431;7473.5;1;9986020089;S
20240329;102431;7473.5;1;9986020100;S
20240329;102431;7473.5;1;9986020127;S
20240329;102431;7473.5;2;9986020154;S
20240329;102431;7473.5;6;9986020191;S
20240329;102431;7473.5;1;9986020345;S
20240329;102431;7473.5;8;9986020352;S
20240329;102431;7473.5;2;9986020355;S
20240329;102431;7473.5;2;9986020356;S
20240329;102431;7473.5;1;9986020357;S
20240329;102431;7473.5;2;9986020358;S
20240329;102432;7473.5;2;9986020378;S
20240329;102432;7473.5;3;9986020379;S
20240329;102432;7473.5;2;9986020380;S
20240329;102432;7473.5;1;9986020381;S
20240329;102432;7473.5;5;9986020503;S
20240329;102432;7473.5;1;9986020535;S
20240329;102433;7473.5;2;9986020617;S
20240329;102433;7473.5;1;9986020618;S
20240329;102433;7473.5;1;9986020621;S
20240329;102433;7473.5;1;9986020625;S
20240329;102433;7473.5;1;9986020626;S
20240329;102435;7473.5;55;9986021409;S
20240329;102442;7474;4;9986023058;B
20240329;102446;7474;1;9986023355;B
20240329;102450;7473.5;18;9986024445;S
20240329;102455;7473.5;13;9986025916;S
20240329;102456;7474;11;9986026665;B
20240329;102516;7473.5;2;9986031858;S
20240329;102520;7473.5;10;9986032331;S
20240329;102520;7473.5;10;9986032332;S
20240329;102520;7473.5;10;9986032333;S
20240329;102520;7473.5;10;9986032334;S
20240329;102520;7473.5;19;9986032367;S
20240329;102532;7474;1;9986035728;B
20240329;102534;7473.5;15;9986035879;S
20240329;102542;7474;2;9986037508;B
20240329;102546;7473.5;6;9986037885;S
20240329;102546;7473.5;68;9986037886;S
20240329;102550;7473.5;18;9986038413;S
20240329;102550;7473.5;14;9986038461;S
20240329;102550;7473.5;59;9986038462;S
20240329;102556;7473.5;41;9986039179;S
20240329;102556;7473.5;32;9986039180;S
20240329;102559;7474;1;9986039510;B
20240329;102600;7473.5;3;9986039762;S
20240329;102600;7473.5;65;9986039766;S
20240329;102600;7473.5;3;9986039767;S
20240329;102600;7473.5;6;9986039768;S
20240329;102601;7474;9;9986039809;B
20240329;102601;7474;1;9986039878;B
20240329;102601;7474;1;9986039926;B
20240329;102602;7474;2;9986040030;B
20240329;102602;7474;6;9986040044;B
20240329;102602;7474;3;9986040081;B
20240329;102602;7474;1;9986040128;B
20240329;102602;7474;2;9986040140;B
20240329;102602;7474;1;9986040197;B
20240329;102603;7474;1;9986040266;B
20240329;102603;7474;1;9986040295;B
20240329;102603;7474;1;9986040365;B
20240329;102604;7474;1;9986040520;B
20240329;102604;7474;7;9986040536;B
20240329;102606;7473.5;78;9986040950;S
20240329;102611;7473.5;13;9986041516;S
20240329;102611;7473.5;67;9986041517;S
20240329;102612;7473.5;5;9986041602;S
20240329;102615;7474;40;9986041797;B
20240329;102616;7473.5;28;9986041839;S
20240329;102616;7473.5;54;9986041840;S
20240329;102620;7473.5;19;9986042281;S
20240329;102621;7473.5;27;9986042383;S
20240329;102621;7473.5;10;9986042384;S
20240329;102621;7473.5;3;9986042385;S
20240329;102624;7474;1;9986042931;B
20240329;102625;7473.5;1;9986042988;S
20240329;102630;7473.5;1;9986043492;S
20240329;102633;7474;1;9986043726;B
20240329;102640;7474;1;9986044495;B
20240329;102648;7473.5;1;9986045335;S
20240329;102649;7473.5;13;9986045388;S
20240329;102650;7473.5;18;9986045626;S
20240329;102652;7473.5;25;9986045873;S
20240329;102653;7474;5;9986045930;B
20240329;102656;7474;1;9986046189;B
20240329;102656;7474;19;9986046247;B
20240329;102656;7473.5;41;9986046254;S
20240329;102656;7473.5;100;9986046255;S
20240329;102656;7473.5;1;9986046256;S
20240329;102656;7473.5;100;9986046257;S
20240329;102656;7473.5;8;9986046258;S
20240329;102658;7473.5;10;9986046404;S
20240329;102700;7473.5;2;9986046617;S
20240329;102700;7473.5;3;9986046618;S
20240329;102700;7473.5;2;9986046619;S
20240329;102700;7473.5;2;9986046620;S
20240329;102700;7473.5;30;9986046621;S
20240329;102700;7473.5;50;9986046622;S
20240329;102700;7473.5;411;9986046623;S
20240329;102702;7474;1;9986046727;B
20240329;102702;7474;1;9986046759;B
20240329;102704;7474;1;9986047013;B
20240329;102706;7474;1;9986047208;B
20240329;102712;7474;3;9986047775;B
20240329;102719;7473.5;2;9986048541;S
20240329;102720;7473.5;19;9986048685;S
20240329;102728;7474;5;9986049603;B
20240329;102730;7474;1;9986049808;B
20240329;102734;7473.5;2;9986050176;S
20240329;102736;7473.5;1;9986050389;S
20240329;102736;7474;35;9986050440;B
20240329;102736;7474;1;9986050441;B
20240329;102736;7474;1;9986050442;B
20240329;102736;7474;15;9986050443;B
20240329;102736;7474;22;9986050444;B
20240329;102736;7474;9;9986050445;B
20240329;102736;7474;10;9986050446;B
20240329;102736;7474;6;9986050447;B
20240329;102740;7474;48;9986050963;B
20240329;102740;7474;14;9986050964;B
20240329;102740;7474;10;9986050965;B
20240329;102740;7474.5;8;9986050966;B
20240329;102740;7474.5;1;9986050967;B
20240329;102740;7474.5;19;9986050968;B
20240329;102750;7473.5;19;9986052465;S
20240329;102750;7474;12;9986052483;B
20240329;102752;7474;74;9986052646;B
20240329;102752;7474;10;9986052647;B
20240329;102752;7474;52;9986052648;B
20240329;102752;7474;8;9986052649;B
20240329;102755;7474;150;9986052992;S
20240329;102800;7474;5;9986053669;S
20240329;102803;7474.5;1;9986054374;B
20240329;102803;7474.5;1;9986054385;B
20240329;102803;7474.5;2;9986054398;B
20240329;102807;7474.5;1;9986054927;B
20240329;102814;7474;1;9986055858;S
20240329;102814;7474;8;9986055859;S
20240329;102814;7473.5;18;9986056016;S
20240329;102815;7474;1;9986056180;B
20240329;102820;7473.5;18;9986057046;S
20240329;102826;7473.5;1;9986057870;S
20240329;102826;7473.5;1;9986057872;S
20240329;102828;7474;7;9986058218;B
20240329;102830;7473.5;8;9986058461;S
20240329;102830;7473.5;100;9986058462;S
20240329;102830;7473.5;10;9986058463;S
20240329;102837;7474;2;9986059288;B
20240329;102841;7474;1;9986059791;B
20240329;102841;7473.5;61;9986059862;S
20240329;102845;7474;30;9986060345;B
20240329;102845;7474;36;9986060346;B
20240329;102845;7474;4;9986060347;B
20240329;102846;7473.5;39;9986060494;S
20240329;102846;7473.5;22;9986060495;S
20240329;102850;7473.5;19;9986060931;S
20240329;102851;7473.5;59;9986061020;S
20240329;102851;7473.5;1;9986061021;S
20240329;102852;7473.5;1;9986061185;S
20240329;102854;7474;1;9986061310;B
20240329;102856;7473.5;1;9986061724;S
20240329;102856;7473.5;3;9986061725;S
20240329;102856;7473.5;2;9986061775;S
20240329;102856;7473;50;9986061784;S
20240329;102856;7473;1;9986061785;S
20240329;102856;7473;1;9986061787;S
20240329;102856;7473;1;9986061788;S
20240329;102856;7473;1;9986061789;S
20240329;102856;7473;1;9986061790;S
20240329;102856;7473;1;9986061791;S
20240329;102856;7473;1;9986061792;S
20240329;102856;7473;1;9986061793;S
20240329;102856;7473;1;9986061794;S
20240329;102856;7473;1;9986061795;S
20240329;102856;7473;1;9986061799;B
20240329;102856;7473;1;9986061800;B
20240329;102856;7473;1;9986061810;B
20240329;102856;7473;1;9986061817;B
20240329;102857;7473;1;9986061824;B
20240329;102857;7472;1;9986061831;S
20240329;102857;7472;2;9986061832;S
20240329;102857;7472;19;9986061833;S
20240329;102857;7472;2;9986061834;S
20240329;102857;7472;17;9986061835;S
20240329;102857;7471.5;5;9986061839;S
20240329;102857;7473;1;9986061843;B
20240329;102857;7473;1;9986061851;B
20240329;102857;7473;1;9986061857;B
20240329;102901;7471.5;5;9986062354;S
20240329;102901;7471.5;10;9986062355;S
20240329;102901;7471.5;10;9986062356;S
20240329;102901;7471.5;33;9986062357;S
20240329;102903;7471.5;17;9986062523;S
20240329;102903;7471.5;1;9986062524;S
20240329;102903;7471.5;20;9986062525;S
20240329;102903;7471.5;1;9986062526;S
20240329;102903;7471.5;1;9986062527;S
20240329;102903;7471;58;9986062528;S
20240329;102905;7472;19;9986062718;B
20240329;102906;7471;54;9986062792;S
20240329;102911;7471;73;9986063528;S
20240329;102911;7471.5;1;9986063546;B
20240329;102911;7471.5;1;9986063548;B
20240329;102911;7471.5;1;9986063549;B
20240329;102911;7471.5;1;9986063550;B
20240329;102913;7471.5;1;9986063737;B
20240329;102913;7471.5;1;9986063755;B
20240329;102915;7471.5;9;9986063985;B
20240329;102915;7471.5;9;9986063994;B
20240329;102915;7471.5;9;9986064005;B
20240329;102915;7471.5;1;9986064016;B
20240329;102915;7471.5;9;9986064018;B
20240329;102915;7471.5;1;9986064021;B
20240329;102915;7471.5;9;9986064023;B
20240329;102915;7471.5;3;9986064049;B
20240329;102915;7471.5;9;9986064052;B
20240329;102915;7471.5;9;9986064083;B
20240329;102915;7471.5;9;9986064086;B
20240329;102915;7471.5;3;9986064092;B
20240329;102915;7471.5;1;9986064093;B
20240329;102915;7471.5;1;9986064094;B
20240329;102915;7471.5;4;9986064095;B
20240329;102915;7471.5;9;9986064119;B
20240329;102916;7471;87;9986064173;S
20240329;102917;7471.5;1;9986064251;B
20240329;102917;7471.5;1;9986064264;B
20240329;102919;7471.5;2;9986064412;B
20240329;102919;7471.5;1;9986064432;B
20240329;102919;7471.5;1;9986064463;B
20240329;102920;7471;18;9986064527;S
20240329;102920;7471;84;9986064585;S
20240329;102921;7471.5;1;9986064650;B
20240329;102921;7471.5;1;9986064672;B
20240329;102921;7471.5;1;9986064683;B
20240329;102922;7471;567;9986064706;S
20240329;102924;7471.5;1;9986064978;B
20240329;102926;7471.5;1;9986065184;B
20240329;102926;7471;1;9986065240;S
20240329;102927;7471.5;2;9986065329;B
20240329;102928;7471.5;17;9986065422;B
20240329;102928;7471.5;9;9986065423;B
20240329;102928;7471.5;24;9986065424;B
20240329;102933;7471;10;9986065866;S
20240329;102936;7471;3;9986066237;S
20240329;102940;7471.5;1;9986066579;B
20240329;102945;7471.5;1;9986067184;B
20240329;102946;7471;45;9986067290;S
20240329;102946;7471;1;9986067291;S
20240329;102946;7471;1;9986067292;S
20240329;102946;7471;50;9986067293;S
20240329;102946;7471;17;9986067294;S
20240329;102946;7471;40;9986067295;S
20240329;102946;7471;3;9986067296;S
20240329;102946;7470.5;1;9986067297;S
20240329;102946;7470;2;9986067298;S
20240329;102947;7470;10;9986067354;S
20240329;102950;7470;19;9986067734;S
20240329;102951;7470.5;4;9986067846;B
20240329;102954;7470.5;1;9986068141;B
20240329;102955;7470.5;10;9986068277;B
20240329;102958;7470.5;1;9986068594;B
20240329;103000;7470.5;2;9986068863;B
20240329;103003;7470;1;9986069142;S
20240329;103008;7470.5;6;9986069747;B
20240329;103013;7470.5;2;9986070298;B
20240329;103016;7470.5;1;9986070749;B
20240329;103016;7470.5;6;9986070777;B
20240329;103016;7470.5;1;9986070950;B
20240329;103017;7470.5;1;9986071073;B
20240329;103018;7470.5;1;9986071240;B
20240329;103020;7470;18;9986071503;S
20240329;103030;7470;1;9986073059;S
20240329;103036;7470.5;1;9986073828;B
20240329;103040;7470;1;9986074271;S
20240329;103043;7470;5;9986074537;S
20240329;103043;7470;10;9986074605;S
20240329;103045;7470.5;3;9986074945;B
20240329;103048;7470.5;5;9986075184;B
20240329;103048;7470.5;1;9986075239;B
20240329;103050;7470;5;9986075381;S
20240329;103050;7470;19;9986075407;S
20240329;103052;7470.5;2;9986075623;B
20240329;103052;7470.5;65;9986075624;B
20240329;103052;7470.5;50;9986075625;B
20240329;103052;7470.5;41;9986075626;B
20240329;103052;7470.5;1;9986075627;B
20240329;103052;7470.5;8;9986075628;B
20240329;103052;7470.5;1;9986075629;B
20240329;103052;7470.5;14;9986075630;B
20240329;103052;7470.5;50;9986075631;B
20240329;103052;7470.5;2;9986075632;B
20240329;103055;7471;50;9986076093;S
20240329;103055;7471;16;9986076094;S
20240329;103057;7471;1;9986076295;B
20240329;103059;7470.5;1;9986076437;S
20240329;103100;7471;50;9986076692;S
20240329;103100;7471;13;9986076693;S
20240329;103103;7470.5;20;9986076896;S
20240329;103103;7471;41;9986076955;B
20240329;103103;7471;5;9986076956;B
20240329;103110;7471;10;9986077743;S
20240329;103111;7471;44;9986077847;S
20240329;103111;7471;1;9986077848;S
20240329;103111;7471;53;9986077849;S
20240329;103112;7471;4;9986077914;S
20240329;103114;7471;1;9986078103;B
20240329;103114;7471;11;9986078112;B
20240329;103114;7471;1;9986078124;B
20240329;103114;7471;5;9986078132;B
20240329;103115;7471;20;9986078193;B
20240329;103116;7470.5;95;9986078341;S
20240329;103119;7470.5;11;9986078609;S
20240329;103120;7470.5;18;9986078766;S
20240329;103121;7470.5;71;9986078855;S
20240329;103121;7470.5;1;9986078856;S
20240329;103121;7470.5;5;9986078857;S
20240329;103121;7470;9;9986078868;S
20240329;103121;7470;1;9986078869;S
20240329;103121;7470;1;9986078870;S
20240329;103121;7470;2;9986078885;S
20240329;103121;7470;2;9986078886;S
20240329;103121;7470;1;9986078887;S
20240329;103121;7470;5;9986078888;S
20240329;103121;7470;1;9986078889;S
20240329;103121;7470;1;9986078890;S
20240329;103123;7470;2;9986079135;S
20240329;103123;7470;1;9986079136;S
20240329;103123;7470;8;9986079137;S
20240329;103126;7470;2;9986079471;S
20240329;103126;7470;8;9986079472;S
20240329;103126;7470;1;9986079473;S
20240329;103126;7470;1;9986079506;S
20240329;103126;7470;100;9986079507;S
20240329;103126;7470;28;9986079508;S
20240329;103126;7470;100;9986079509;S
20240329;103126;7470;3;9986079510;S
20240329;103126;7470;44;9986079511;S
20240329;103126;7470;1;9986079512;S
20240329;103126;7470;1;9986079513;S
20240329;103126;7470;5;9986079514;S
20240329;103126;7470;3;9986079515;S
20240329;103126;7470;18;9986079516;S
20240329;103126;7470;1;9986079517;S
20240329;103126;7470;868;9986079518;S
20240329;103127;7470.5;1;9986079589;B
20240329;103127;7470;11;9986079634;S
20240329;103129;7470;11;9986079729;S
20240329;103129;7470.5;3;9986079734;B
20240329;103130;7470;10;9986079951;S
20240329;103130;7469.5;1;9986079952;S
20240329;103130;7469.5;1;9986079956;S
20240329;103130;7469;2;9986079957;S
20240329;103130;7469;1;9986079958;S
20240329;103130;7469;1;9986079959;S
20240329;103130;7469;2;9986079960;S
20240329;103130;7469;2;9986079961;S
20240329;103130;7469;1;9986079962;S
20240329;103130;7468.5;1;9986079970;S
20240329;103130;7468.5;1;9986079971;S
20240329;103130;7468.5;10;9986079972;S
20240329;103130;7468.5;1;9986079973;S
20240329;103130;7468.5;5;9986079974;S
20240329;103130;7468;11;9986079975;S
20240329;103130;7468;1;9986079976;S
20240329;103130;7468;5;9986079977;S
20240329;103130;7468;3;9986079978;S
20240329;103130;7468;18;9986079979;S
20240329;103130;7467.5;5;9986079980;S
20240329;103130;7467.5;1;9986079981;S
20240329;103130;7467.5;1;9986079982;S
20240329;103130;7467.5;5;9986079983;S
20240329;103130;7467.5;5;9986079984;S
20240329;103130;7467.5;50;9986079985;S
20240329;103130;7467.5;5;9986079986;S
20240329;103130;7467.5;25;9986079987;S
20240329;103130;7467;87;9986079988;S
20240329;103130;7467;1;9986079994;S
20240329;103130;7467;1;9986079995;S
20240329;103130;7467;1;9986079996;S
20240329;103130;7467;1;9986079997;S
20240329;103131;7467;9;9986080065;S
20240329;103138;7467.5;5;9986080941;B
20240329;103141;7467;2;9986081179;S
20240329;103147;7467;12;9986081700;S
20240329;103147;7467.5;4;9986081799;B
20240329;103150;7467.5;3;9986082011;B
20240329;103150;7467;19;9986082100;S
20240329;103155;7467.5;1;9986082573;B
20240329;103155;7467.5;1;9986082705;B
20240329;103155;7467.5;3;9986082710;B
20240329;103157;7467;29;9986082969;S
20240329;103200;7467.5;3;9986083337;B
20240329;103203;7467.5;62;9986083848;B
20240329;103203;7467.5;9;9986083849;B
20240329;103203;7467.5;9;9986083850;B
20240329;103203;7467.5;8;9986083851;B
20240329;103203;7467.5;7;9986083852;B
20240329;103203;7467.5;5;9986083853;B
20240329;103203;7467.5;4;9986083854;B
20240329;103203;7467.5;13;9986083855;B
20240329;103203;7468;1;9986083856;B
20240329;103203;7468;99;9986083857;B
20240329;103204;7467.5;11;9986083982;S
20240329;103208;7467.5;11;9986084415;S
20240329;103210;7467.5;11;9986084775;S
20240329;103210;7468;5;9986084783;B
20240329;103213;7467.5;8;9986085014;S
20240329;103213;7467;3;9986085015;S
20240329;103214;7467.5;10;9986085191;B
20240329;103214;7467.5;1;9986085200;B
20240329;103214;7467.5;1;9986085206;B
20240329;103214;7467.5;1;9986085213;B
20240329;103214;7467.5;1;9986085214;B
20240329;103214;7467.5;1;9986085215;B
20240329;103214;7467.5;1;9986085216;B
20240329;103214;7467.5;1;9986085232;B
20240329;103215;7467;11;9986085329;S
20240329;103216;7467.5;20;9986085475;B
20240329;103216;7467.5;10;9986085479;B
20240329;103218;7467;11;9986085622;S
20240329;103220;7467.5;4;9986085902;B
20240329;103220;7467;18;9986085929;S
20240329;103221;7467;25;9986085980;S
20240329;103221;7467.5;1;9986086015;B
20240329;103222;7467;11;9986086087;S
20240329;103223;7467.5;2;9986086284;B
20240329;103224;7467.5;43;9986086487;B
20240329;103224;7467.5;95;9986086488;B
20240329;103224;7467.5;4;9986086489;B
20240329;103224;7467.5;41;9986086490;B
20240329;103224;7467.5;3;9986086491;B
20240329;103224;7468;75;9986086492;B
20240329;103224;7468;1;9986086493;B
20240329;103224;7468;1;9986086494;B
20240329;103224;7468.5;152;9986086495;B
20240329;103224;7468.5;37;9986086496;B
20240329;103224;7467.5;11;9986086608;S
20240329;103225;7467.5;39;9986086643;S
20240329;103225;7467;159;9986086644;S
20240329;103225;7467;5;9986086645;S
20240329;103225;7467;1;9986086646;S
20240329;103225;7467;1;9986086647;S
20240329;103225;7467;1;9986086648;S
20240329;103225;7467;2;9986086649;S
20240329;103225;7467;1;9986086650;S
20240329;103225;7467;1;9986086651;S
20240329;103225;7467;58;9986086652;S
20240329;103227;7467.5;10;9986087045;B
20240329;103227;7467;11;9986087052;S
20240329;103229;7467.5;1;9986087315;B
20240329;103229;7467.5;14;9986087326;B
20240329;103229;7467;11;9986087369;S
20240329;103232;7467;11;9986087587;S
20240329;103233;7467.5;6;9986087717;B
20240329;103234;7467;11;9986087775;S
20240329;103236;7467;11;9986088012;S
20240329;103239;7467;11;9986088391;S
20240329;103240;7467.5;1;9986088493;B
20240329;103242;7467;11;9986088789;S
20240329;103242;7467;365;9986088806;S
20240329;103242;7467;5;9986088807;S
20240329;103242;7467;1;9986088808;S
20240329;103242;7467;51;9986088809;S
20240329;103242;7467;1;9986088810;S
20240329;103242;7467;3;9986088811;S
20240329;103242;7467;50;9986088812;S
20240329;103242;7467;1;9986088813;S
20240329;103242;7467;2;9986088814;S
20240329;103242;7466.5;2;9986088815;S
20240329;103242;7466.5;3;9986088816;S
20240329;103242;7466.5;1;9986088817;S
20240329;103242;7466;21;9986088818;S
20240329;103242;7465.5;1;9986088819;S
20240329;103242;7465.5;1;9986088820;S
20240329;103242;7465.5;7;9986088821;S
20240329;103242;7465;10;9986088822;S
20240329;103242;7465;1;9986088823;S
20240329;103242;7465;1;9986088824;S
20240329;103242;7465;1;9986088825;S
20240329;103242;7465;1;9986088826;S
20240329;103242;7465;1;9986088827;S
20240329;103242;7465;2;9986088828;S
20240329;103242;7465;10;9986088829;S
20240329;103242;7465;69;9986088830;S
20240329;103242;7465;89;9986088831;S
20240329;103242;7465;11;9986088857;S
20240329;103242;7464;14;9986088858;S
20240329;103242;7464;1;9986088859;S
20240329;103242;7464;1;9986088860;S
20240329;103242;7464;1;9986088861;S
20240329;103242;7464;70;9986088862;S
20240329;103242;7464;20;9986088863;S
20240329;103242;7463.5;1;9986088939;S
20240329;103242;7463.5;2;9986088940;S
20240329;103243;7464;3;9986089013;B
20240329;103245;7463.5;3;9986089267;S
20240329;103245;7463.5;7;9986089268;S
20240329;103246;7463.5;11;9986089354;S
20240329;103247;7463;2;9986089544;S
20240329;103247;7463;1;9986089545;S
20240329;103247;7463;2;9986089546;S
20240329;103247;7463;1;9986089547;S
20240329;103247;7463;5;9986089548;S
20240329;103248;7463.5;1;9986089632;B
20240329;103248;7463;1;9986089654;S
20240329;103248;7463;7;9986089655;S
20240329;103249;7463;11;9986089723;S
20240329;103250;7463;19;9986089842;S
20240329;103252;7463;11;9986090063;S
20240329;103253;7463.5;1;9986090280;B
20240329;103254;7463;11;9986090309;S
20240329;103254;7463;20;9986090345;S
20240329;103255;7463;11;9986090524;S
20240329;103256;7463;33;9986090566;S
20240329;103258;7463;7;9986090697;S
20240329;103258;7463;4;9986090698;S
20240329;103258;7463;5;9986090720;S
20240329;103300;7463;11;9986090923;S
20240329;103302;7463;11;9986091133;S
20240329;103304;7463;11;9986091427;S
20240329;103306;7463.5;20;9986091659;B
20240329;103306;7463;2;9986091738;S
20240329;103307;7463;7;9986091763;S
20240329;103307;7463;4;9986091764;S
20240329;103309;7463.5;2;9986092020;B
20240329;103309;7463;1;9986092097;S
20240329;103309;7463;5;9986092098;S
20240329;103309;7463;5;9986092099;S
20240329;103310;7462.5;2;9986092136;S
20240329;103310;7462.5;1;9986092137;S
20240329;103310;7462.5;5;9986092138;S
20240329;103310;7462.5;2;9986092139;S
20240329;103310;7462.5;28;9986092140;S
20240329;103310;7462;1;9986092222;S
20240329;103311;7462;1;9986092308;S
20240329;103311;7462;10;9986092309;S
20240329;103311;7462;3;9986092310;S
20240329;103311;7462;50;9986092311;S
20240329;103311;7462;92;9986092312;S
20240329;103312;7461.5;1;9986092363;S
20240329;103312;7461.5;10;9986092364;S
20240329;103312;7461;1;9986092383;S
20240329;103312;7461;9;9986092384;S
20240329;103313;7461;1;9986092492;S
20240329;103315;7461;10;9986092909;S
20240329;103315;7461;92;9986092910;S
20240329;103315;7461;2;9986092911;S
20240329;103315;7461;2;9986092912;S
20240329;103315;7461;48;9986092913;S
20240329;103318;7461.5;2;9986093153;B
20240329;103320;7461.5;1;9986093376;B
20240329;103320;7461.5;2;9986093405;B
20240329;103320;7461;2;9986093435;S
20240329;103320;7461;17;9986093436;S
20240329;103321;7460.5;2;9986093600;S
20240329;103321;7460.5;5;9986093601;S
20240329;103321;7460.5;1;9986093602;S
20240329;103321;7460.5;140;9986093603;S
20240329;103322;7460.5;20;9986093722;S
20240329;103323;7460.5;1;9986093791;S
20240329;103324;7461;1;9986093985;B
20240329;103326;7461;7;9986094129;B
20240329;103326;7460.5;19;9986094176;S
20240329;103326;7460.5;41;9986094177;S
20240329;103326;7460.5;41;9986094178;S
20240329;103326;7460;36;9986094182;S
20240329;103328;7460;6;9986094475;S
20240329;103329;7460;4;9986094565;S
20240329;103330;7460;4;9986094720;S
20240329;103330;7460;5;9986094721;S
20240329;103330;7460;1;9986094722;S
20240329;103331;7460;99;9986094811;S
20240329;103331;7460;20;9986094812;S
20240329;103331;7460;3;9986094813;S
20240329;103331;7460;1;9986094814;S
20240329;103331;7460;4;9986094815;S
20240329;103331;7460;5;9986094816;S
20240329;103331;7460;2;9986094817;S
20240329;103334;7460;8;9986095298;S
20240329;103334;7460;3;9986095299;S
20240329;103334;7460;1;9986095300;S
20240329;103334;7460;1;9986095301;S
20240329;103334;7460;5;9986095302;S
20240329;103334;7460;3;9986095303;S
20240329;103334;7460;10;9986095304;S
20240329;103334;7460;1;9986095305;S
20240329;103334;7460;1;9986095306;S
20240329;103334;7460;5;9986095307;S
20240329;103334;7460;1;9986095308;S
20240329;103334;7460;1;9986095309;S
20240329;103334;7460;1;9986095310;S
20240329;103334;7460;1;9986095311;S
20240329;103334;7460;50;9986095312;S
20240329;103334;7460;4;9986095313;S
20240329;103334;7460;54;9986095314;S
20240329;103336;7460;46;9986095526;S
20240329;103336;7460;1;9986095527;S
20240329;103336;7460;87;9986095528;S
20240329;103336;7460.5;85;9986095537;B
20240329;103336;7460.5;80;9986095538;B
20240329;103337;7460.5;18;9986095637;S
20240329;103338;7461;1;9986095746;B
20240329;103343;7461;2;9986096236;B
20240329;103345;7460.5;2;9986096409;S
20240329;103346;7460.5;87;9986096525;S
20240329;103347;7461;4;9986096708;B
20240329;103347;7461;5;9986096709;B
20240329;103350;7460.5;18;9986096968;S
20240329;103351;7460.5;43;9986097027;S
20240329;103351;7460.5;22;9986097028;S
20240329;103351;7460.5;95;9986097029;S
20240329;103352;7461;4;9986097160;B
20240329;103354;7460.5;10;9986097410;S
20240329;103354;7460.5;240;9986097411;S
20240329;103354;7460;1046;9986097412;S
20240329;103354;7460;10;9986097413;S
20240329;103354;7460;26;9986097414;S
20240329;103354;7460;1;9986097415;S
20240329;103354;7460;2;9986097416;S
20240329;103354;7460;1;9986097417;S
20240329;103354;7460;2;9986097418;S
20240329;103354;7460;7;9986097419;S
20240329;103354;7460;5;9986097420;S
20240329;103354;7461;1;9986097439;B
20240329;103356;7461;1;9986097632;B
20240329;103403;7460.5;5;9986098655;S
20240329;103405;7460.5;3;9986098854;S
20240329;103405;7460.5;17;9986098855;S
20240329;103412;7461;2;9986099611;B
20240329;103413;7460.5;2;9986099675;S
20240329;103413;7460.5;10;9986099676;S
20240329;103413;7460.5;8;9986099677;S
20240329;103414;7460.5;1;9986099761;S
20240329;103414;7460.5;125;9986099762;S
20240329;103414;7460.5;1;9986099767;B
20240329;103420;7460.5;1;9986100441;S
20240329;103420;7460.5;18;9986100442;S
20240329;103423;7460.5;1;9986100803;S
20240329;103423;7460;4;9986100804;S
20240329;103423;7460.5;41;9986100835;B
20240329;103423;7461;9;9986100836;B
20240329;103423;7460;3;9986100842;S
20240329;103425;7461;1;9986101167;B
20240329;103427;7460.5;1;9986101342;S
20240329;103431;7460;1;9986101757;S
20240329;103437;7461;2;9986102482;B
20240329;103438;7461;20;9986102516;B
20240329;103438;7461;6;9986102517;B
20240329;103445;7460.5;1;9986103193;S
20240329;103446;7460.5;30;9986103314;S
20240329;103448;7461;1;9986103416;B
20240329;103450;7460.5;2;9986103672;S
20240329;103450;7460.5;16;9986103673;S
20240329;103451;7461;1;9986103767;B
20240329;103452;7460.5;1;9986103869;S
20240329;103453;7460.5;7;9986103904;S
20240329;103454;7461;5;9986103995;B
20240329;103502;7460.5;325;9986104977;S
20240329;103502;7460.5;7;9986104978;S
20240329;103502;7460;59;9986104979;S
20240329;103502;7460;5;9986104980;S
20240329;103502;7460;3;9986104981;S
20240329;103502;7460;1;9986104982;S
20240329;103503;7460.5;1;9986105032;B
20240329;103508;7460.5;85;9986105537;B
20240329;103508;7460.5;21;9986105538;B
20240329;103508;7460.5;58;9986105539;B
20240329;103514;7461;10;9986106445;B
20240329;103515;7461;4;9986106567;B
20240329;103515;7461;1;9986106568;B
20240329;103515;7461;80;9986106569;B
20240329;103515;7461;70;9986106570;B
20240329;103515;7461;16;9986106571;B
20240329;103515;7461;1;9986106572;B
20240329;103515;7461;7;9986106573;B
20240329;103515;7461;10;9986106574;B
20240329;103515;7461;25;9986106575;B
20240329;103515;7461.5;5;9986106576;B
20240329;103515;7461.5;1;9986106577;B
20240329;103515;7461.5;76;9986106578;B
20240329;103515;7461.5;5;9986106579;B
20240329;103515;7461.5;4;9986106580;B
20240329;103515;7461.5;3;9986106581;B
20240329;103515;7461.5;1;9986106582;B
20240329;103515;7461.5;16;9986106583;B
20240329;103515;7461.5;17;9986106584;B
20240329;103517;7461.5;2;9986106820;B
20240329;103518;7461.5;11;9986106879;B
20240329;103518;7462;7;9986106945;B
20240329;103520;7462;1;9986107242;B
20240329;103520;7461.5;19;9986107250;S
20240329;103520;7462;41;9986107273;S
20240329;103520;7462;50;9986107274;S
20240329;103520;7462;3;9986107275;S
20240329;103521;7462.5;1;9986107323;B
20240329;103523;7462.5;156;9986107510;B
20240329;103523;7463;220;9986107511;B
20240329;103523;7463;1;9986107512;B
20240329;103524;7463.5;50;9986107612;B
20240329;103524;7463.5;1;9986107613;B
20240329;103525;7463.5;1;9986107822;B
20240329;103525;7463.5;50;9986107834;S
20240329;103526;7463.5;45;9986107916;B
20240329;103528;7463.5;67;9986108081;S
20240329;103528;7464;3;9986108089;B
20240329;103529;7464;1;9986108235;B
20240329;103529;7464;1;9986108236;B
20240329;103529;7464;106;9986108276;B
20240329;103530;7464;7;9986108340;B
20240329;103530;7464;4;9986108341;B
20240329;103532;7464;1;9986108576;B
20240329;103532;7464;1;9986108661;B
20240329;103533;7464;1;9986108775;B
20240329;103534;7464;10;9986108856;B
20240329;103535;7463.5;5;9986108909;S
20240329;103535;7464;1;9986109013;B
20240329;103536;7463.5;76;9986109099;S
20240329;103536;7463.5;3;9986109120;S
20240329;103537;7463.5;1;9986109228;S
20240329;103537;7464;1;9986109251;B
20240329;103539;7464;7;9986109451;B
20240329;103540;7464;1;9986109563;B
20240329;103542;7463.5;41;9986109816;S
20240329;103542;7463.5;9;9986109817;S
20240329;103542;7464;7;9986109818;B
20240329;103543;7464;1;9986109862;B
20240329;103544;7464;1;9986110022;B
20240329;103544;7464;4;9986110023;B
20240329;103545;7464;1;9986110156;B
20240329;103546;7464;1;9986110292;B
20240329;103546;7464;3;9986110293;B
20240329;103546;7464;11;9986110294;B
20240329;103547;7464;9;9986110357;B
20240329;103547;7463.5;60;9986110389;S
20240329;103547;7464;3;9986110390;B
20240329;103547;7464;1;9986110444;B
20240329;103548;7464;10;9986110580;B
20240329;103548;7464.5;1;9986110581;B
20240329;103548;7464.5;24;9986110582;B
20240329;103550;7464;18;9986110783;S
20240329;103555;7464.5;16;9986111244;B
20240329;103555;7464.5;10;9986111245;B
20240329;103556;7465;7;9986111314;B
20240329;103556;7465;24;9986111315;B
20240329;103556;7465.5;1;9986111316;B
20240329;103556;7466;13;9986111317;B
20240329;103556;7467;2;9986111318;B
20240329;103556;7468;1;9986111319;B
20240329;103557;7469.5;1;9986111484;B
20240329;103557;7469.5;1;9986111512;B
20240329;103558;7469.5;2;9986111719;B
20240329;103601;7469.5;1;9986111955;B
20240329;103601;7469.5;1;9986111956;B
20240329;103602;7469.5;3;9986112042;B
20240329;103605;7469.5;7;9986112470;S
20240329;103606;7469.5;41;9986112532;S
20240329;103606;7469.5;1;9986112533;S
20240329;103606;7469;106;9986112534;S
20240329;103606;7470;1;9986112554;B
20240329;103606;7470;1;9986112555;B
20240329;103606;7470.5;100;9986112556;B
20240329;103606;7470.5;23;9986112557;B
20240329;103606;7470.5;1;9986112558;B
20240329;103606;7471;3;9986112559;B
20240329;103606;7472;15;9986112560;B
20240329;103606;7473;2;9986112561;B
20240329;103606;7473;2;9986112562;B
20240329;103606;7473.5;79;9986112563;B
20240329;103607;7469.5;10;9986112758;S
20240329;103610;7469.5;2;9986113229;S
20240329;103613;7471;10;9986113635;B
20240329;103617;7471;22;9986114059;B
20240329;103617;7471;18;9986114060;B
20240329;103620;7471;1;9986114301;B
20240329;103620;7470.5;19;9986114320;S
20240329;103621;7470.5;29;9986114379;S
20240329;103622;7471;1;9986114509;B
20240329;103624;7471;3;9986114687;B
20240329;103625;7471;3;9986114773;B
20240329;103628;7470.5;17;9986115270;S
20240329;103636;7471;1;9986116078;B
20240329;103636;7471;1;9986116095;B
20240329;103636;7471;1;9986116124;B
20240329;103638;7470.5;10;9986116232;S
20240329;103638;7470.5;14;9986116252;S
20240329;103639;7471;20;9986116343;B
20240329;103641;7470.5;100;9986116430;S
20240329;103646;7470.5;3;9986116980;S
20240329;103648;7471;1;9986117219;B
20240329;103650;7471;44;9986117381;B
20240329;103650;7471;50;9986117382;B
20240329;103650;7471.5;4;9986117394;B
20240329;103650;7471;19;9986117597;S
20240329;103650;7471.5;1;9986117640;B
20240329;103653;7471.5;1;9986118016;B
20240329;103655;7471;20;9986118278;S
20240329;103655;7471.5;60;9986118290;B
20240329;103655;7471.5;13;9986118291;B
20240329;103655;7471.5;8;9986118336;B
20240329;103655;7472;5;9986118364;B
20240329;103655;7472;20;9986118365;B
20240329;103655;7472;48;9986118366;B
20240329;103655;7472;11;9986118414;S
20240329;103655;7472;1;9986118415;S
20240329;103655;7471.5;50;9986118416;S
20240329;103655;7471.5;232;9986118417;S
20240329;103655;7472;1;9986118420;S
20240329;103655;7471.5;188;9986118421;S
20240329;103655;7471;1;9986118422;S
20240329;103655;7470.5;10;9986118423;S
20240329;103658;7473;1;9986118764;B
20240329;103658;7473;15;9986118765;B
20240329;103705;7474;1;9986119651;B
20240329;103705;7474;8;9986119652;B
20240329;103705;7474;15;9986119653;B
20240329;103705;7474.5;1;9986119654;B
20240329;103705;7474.5;8;9986119655;B
20240329;103705;7474.5;22;9986119656;B
20240329;103705;7475;9;9986119657;B
20240329;103705;7475;36;9986119658;B
20240329;103715;7474;1;9986120540;S
20240329;103715;7474;3;9986120541;S
20240329;103715;7474;26;9986120542;S
20240329;103716;7474.5;1;9986120655;B
20240329;103716;7474;2;9986120657;S
20240329;103718;7474.5;8;9986120866;B
20240329;103720;7472.5;18;9986121061;S
20240329;103720;7472.5;2;9986121062;S
20240329;103720;7471;1;9986121064;B
20240329;103721;7471;25;9986121099;B
20240329;103721;7471.5;13;9986121100;B
20240329;103725;7471.5;5;9986121475;B
20240329;103733;7471.5;20;9986123160;B
20240329;103735;7473;1;9986123781;B
20240329;103741;7471;1;9986125136;S
20240329;103750;7471;1;9986127303;S
20240329;103750;7470.5;18;9986127304;S
20240329;103750;7472;1;9986127332;B
20240329;103753;7470.5;14;9986127883;S
20240329;103800;7470.5;1;9986129484;S
20240329;103808;7471;1;9986131328;S
20240329;103810;7471;1;9986131600;S
20240329;103810;7470.5;17;9986131601;S
20240329;103810;7470.5;21;9986131602;S
20240329;103810;7470.5;1;9986131603;S
20240329;103810;7470.5;60;9986131604;S
20240329;103814;7471.5;15;9986132375;B
20240329;103814;7471.5;21;9986132376;B
20240329;103814;7472;1;9986132377;B
20240329;103814;7472.5;27;9986132378;B
20240329;103814;7473;50;9986132379;B
20240329;103814;7473.5;66;9986132380;B
20240329;103816;7472.5;15;9986132737;B
20240329;103816;7473;1;9986132738;B
20240329;103816;7473.5;14;9986132739;B
20240329;103816;7473.5;3;9986132740;B
20240329;103816;7474;40;9986132741;B
20240329;103816;7473;15;9986132879;B
20240329;103816;7473.5;50;9986132880;B
20240329;103816;7473.5;8;9986132881;B
20240329;103820;7473;18;9986133616;S
20240329;103827;7473;2;9986135076;S
20240329;103849;7473.5;1;9986139737;B
20240329;103849;7473.5;2;9986139866;B
20240329;103850;7473;3;9986140065;S
20240329;103850;7472.5;16;9986140066;S
20240329;103850;7472.5;1;9986140067;S
20240329;103850;7472.5;20;9986140089;B
20240329;103850;7472.5;15;9986140090;B
20240329;103851;7472.5;15;9986140122;B
20240329;103856;7473;1;9986140741;B
20240329;103856;7472.5;6;9986140746;S
20240329;103903;7472.5;10;9986141293;B
20240329;103904;7472.5;1;9986141415;B
20240329;103918;7472.5;1;9986142973;B
20240329;103920;7471;2;9986143273;S
20240329;103920;7470.5;6;9986143274;S
20240329;103920;7470.5;1;9986143275;S
20240329;103920;7470.5;7;9986143276;S
20240329;103920;7470.5;2;9986143277;S
20240329;103920;7472.5;1;9986143287;B
20240329;103921;7472.5;2;9986143361;B
20240329;103930;7472.5;2;9986144169;B
20240329;103930;7472.5;15;9986144170;B
20240329;103930;7472.5;15;9986144178;B
20240329;103930;7472.5;15;9986144179;B
20240329;103930;7472.5;15;9986144180;B
20240329;103940;7473;1;9986145247;B
20240329;103940;7473;1;9986145254;S
20240329;103940;7473;1;9986145257;S
20240329;103940;7473;1;9986145258;S
20240329;103940;7473;1;9986145264;S
20240329;103940;7473;1;9986145275;S
20240329;103940;7473;1;9986145281;S
20240329;103940;7473;1;9986145285;S
20240329;103940;7473;1;9986145287;S
20240329;103940;7473;1;9986145291;S
20240329;103940;7473;3;9986145303;S
20240329;103941;7473;1;9986145404;S
20240329;103942;7473;2;9986145531;S
20240329;103943;7474;219;9986145602;B
20240329;103943;7474;19;9986145603;B
20240329;103943;7474;2;9986145604;B
20240329;103944;7473.5;5;9986145864;S
20240329;103944;7474;2;9986145899;S
20240329;103945;7474.5;1;9986146041;B
20240329;103945;7474.5;15;9986146042;B
20240329;103946;7474.5;1;9986146097;S
20240329;103946;7474.5;2;9986146106;S
20240329;103948;7475;1;9986146286;B
20240329;103948;7474.5;1;9986146287;S
20240329;103949;7474.5;2;9986146421;S
20240329;103950;7474.5;44;9986146495;S
20240329;103950;7474.5;1;9986146496;S
20240329;103950;7474.5;25;9986146497;S
20240329;103950;7474.5;14;9986146531;S
20240329;103950;7474.5;5;9986146532;S
20240329;103952;7474.5;3;9986146681;S
20240329;103952;7474.5;1;9986146695;S
20240329;103952;7474.5;1;9986146700;S
20240329;103952;7474.5;1;9986146704;S
20240329;103953;7474.5;1;9986146851;S
20240329;103954;7474.5;2;9986146914;S
20240329;103957;7475;13;9986147274;B
20240329;103957;7475;3;9986147275;B
20240329;103957;7475;1;9986147276;B
20240329;103957;7475;1;9986147277;B
20240329;103957;7475;6;9986147278;B
20240329;103959;7475;1;9986147571;S
20240329;104000;7475;1;9986147875;S
20240329;104000;7475;3;9986147880;S
20240329;104002;7475;1;9986148083;S
20240329;104004;7475;3;9986148315;S
20240329;104004;7475;1;9986148380;S
20240329;104005;7475;3;9986148456;S
20240329;104006;7475;2;9986148544;S
20240329;104007;7475;1;9986148714;S
20240329;104008;7475;1;9986148792;S
20240329;104010;7475;3;9986148957;S
20240329;104011;7475;16;9986149063;S
20240329;104011;7475;7;9986149064;S
20240329;104013;7475.5;2;9986149196;B
20240329;104013;7475.5;15;9986149197;B
20240329;104013;7476;1;9986149198;B
20240329;104013;7476;1;9986149199;B
20240329;104013;7476.5;1;9986149200;B
20240329;104013;7476;15;9986149202;B
20240329;104013;7476.5;19;9986149203;B
20240329;104013;7477;16;9986149204;B
20240329;104020;7476.5;2;9986149897;B
20240329;104020;7476.5;2;9986149947;B
20240329;104020;7475.5;18;9986149964;S
20240329;104025;7476.5;1;9986150458;B
20240329;104034;7476.5;5;9986151371;B
20240329;104037;7475.5;10;9986151628;S
20240329;104037;7475.5;280;9986151629;S
20240329;104037;7475.5;10;9986151630;S
20240329;104037;7475;1;9986151631;S
20240329;104037;7475;254;9986151632;S
20240329;104038;7475;2;9986151804;S
20240329;104038;7475;1;9986151805;S
20240329;104038;7474.5;1;9986151807;S
20240329;104038;7474.5;9;9986151812;S
20240329;104038;7475;1;9986151820;B
20240329;104038;7475;25;9986151835;B
20240329;104045;7475;2;9986152518;B
20240329;104046;7474.5;190;9986152617;S
20240329;104049;7474.5;1;9986152792;B
20240329;104049;7474.5;4;9986152810;B
20240329;104050;7474;1;9986152880;S
20240329;104050;7473.5;1;9986152881;S
20240329;104050;7473.5;17;9986152882;S
20240329;104050;7474;19;9986152883;B
20240329;104050;7474.5;31;9986152884;B
20240329;104050;7474.5;14;9986152885;B
20240329;104050;7474.5;36;9986152886;B
20240329;104051;7474.5;2;9986152952;B
20240329;104051;7474.5;1;9986152986;B
20240329;104052;7473;2;9986153033;S
20240329;104052;7474.5;7;9986153110;B
20240329;104058;7474.5;4;9986153618;B
20240329;104058;7474.5;16;9986153619;B
20240329;104100;7474.5;6;9986153840;B
20240329;104101;7474.5;1;9986153876;B
20240329;104103;7474.5;27;9986154274;B
20240329;104103;7475;50;9986154275;B
20240329;104103;7475;1;9986154276;B
20240329;104103;7475;2;9986154277;B
20240329;104103;7475;18;9986154278;B
20240329;104103;7475.5;15;9986154279;B
20240329;104103;7476;50;9986154280;B
20240329;104103;7476.5;10;9986154281;B
20240329;104103;7476.5;32;9986154282;B
20240329;104103;7477;2;9986154283;B
20240329;104103;7477;10;9986154284;B
20240329;104103;7477;47;9986154285;B
20240329;104108;7476.5;10;9986154736;B
20240329;104109;7476.5;1;9986154839;B
20240329;104113;7475;2;9986155077;S
20240329;104114;7476.5;2;9986155216;B
20240329;104116;7475;4;9986155541;S
20240329;104116;7476;1;9986155545;B
20240329;104120;7474.5;6;9986155865;S
20240329;104120;7474.5;13;9986155866;S
20240329;104131;7474.5;1;9986156846;S
20240329;104133;7476.5;47;9986157013;B
20240329;104133;7476.5;5;9986157014;B
20240329;104136;7475;15;9986157265;S
20240329;104144;7475;1;9986157980;S
20240329;104150;7475;29;9986158331;S
20240329;104150;7475;18;9986158370;S
20240329;104204;7476;1;9986159551;B
20240329;104205;7475.5;3;9986159589;S
20240329;104205;7475.5;137;9986159590;S
20240329;104206;7475;11;9986159696;S
20240329;104207;7476;20;9986159808;B
20240329;104220;7475;3;9986160723;S
20240329;104220;7475;16;9986160724;S
20240329;104232;7476;1;9986161589;B
20240329;104247;7475.5;6;9986162815;B
20240329;104250;7475;4;9986163067;S
20240329;104250;7475;3;9986163068;S
20240329;104250;7474.5;1;9986163069;S
20240329;104250;7474.5;10;9986163070;S
20240329;104250;7474;1;9986163074;S
20240329;104250;7473.5;4;9986163075;S
20240329;104250;7474;41;9986163077;B
20240329;104250;7474.5;9;9986163078;B
20240329;104250;7474.5;50;9986163079;B
20240329;104250;7473.5;41;9986163080;B
20240329;104250;7473.5;9;9986163081;B
20240329;104250;7474;10;9986163082;B
20240329;104255;7474.5;6;9986163562;B
20240329;104304;7475;10;9986164241;B
20240329;104305;7475.5;1;9986164337;B
20240329;104305;7475;1;9986164344;S
20240329;104307;7475;17;9986164495;S
20240329;104307;7474.5;1;9986164496;S
20240329;104308;7474.5;2;9986164569;B
20240329;104315;7474.5;1;9986165180;B
20240329;104320;7474;2;9986165765;S
20240329;104320;7473.5;1;9986165766;S
20240329;104320;7473.5;16;9986165767;S
20240329;104332;7474;1;9986166606;B
20240329;104339;7473.5;4;9986167242;S
20240329;104350;7473.5;4;9986168299;S
20240329;104350;7473;3;9986168300;S
20240329;104350;7473;1;9986168301;S
20240329;104350;7473;10;9986168302;S
20240329;104351;7473;1;9986168317;S
20240329;104352;7473.5;41;9986168406;S
20240329;104352;7473;16;9986168407;S
20240329;104352;7473;43;9986168408;S
20240329;104354;7472.5;5;9986168588;S
20240329;104403;7473.5;50;9986169225;B
20240329;104403;7473.5;17;9986169226;B
20240329;104403;7474;30;9986169227;B
20240329;104403;7474;1;9986169228;B
