<DATE>;<TIME>;<LAST>;<VOL>;<ID>;<OPER>
20240503;095937;8098.5;1;10261510184;S
20240503;095937;8098.5;1;10261510185;S
20240503;095937;8098.5;6;10261510186;S
20240503;095937;8098.5;8;10261510187;S
20240503;095937;8098.5;3;10261510188;S
20240503;095937;8098.5;1;10261510189;S
20240503;095937;8098.5;10;10261510190;S
20240503;095937;8098.5;82;10261510191;S
20240503;095937;8098.5;1;10261510192;S
20240503;095937;8098.5;3;10261510193;S
20240503;095937;8098.5;1;10261510194;S
20240503;095937;8098.5;5;10261510195;S
20240503;095937;8098.5;19;10261510196;S
20240503;095937;8098.5;1;10261510197;S
20240503;095937;8098.5;7;10261510198;S
20240503;095937;8098.5;1;10261510199;B
20240503;095937;8098.5;20;10261510200;S
20240503;095937;8098.5;1;10261510201;B
20240503;095937;8098.5;6;10261510202;B
20240503;095937;8098.5;3;10261510203;B
20240503;095937;8098.5;3;10261510204;B
20240503;095937;8098.5;5;10261510205;B
20240503;095937;8098.5;28;10261510206;B
20240503;095937;8098.5;38;10261510207;B
20240503;095937;8098.5;1;10261510208;B
20240503;095937;8098.5;1;10261510209;B
20240503;095937;8098.5;5;10261510210;B
20240503;095937;8098.5;1;10261510211;B
20240503;095937;8098.5;4;10261510212;B
20240503;095937;8098.5;1;10261510213;B
20240503;095937;8098.5;1;10261510214;B
20240503;095937;8098.5;3;10261510215;B
20240503;095937;8098.5;1;10261510216;B
20240503;095937;8098.5;22;10261510217;B
20240503;095937;8098.5;16;10261510218;B
20240503;095937;8098.5;10;10261510219;B
20240503;095937;8098.5;1;10261510220;B
20240503;095937;8098.5;2;10261510221;B
20240503;095937;8098.5;7;10261510222;B
20240503;095937;8098.5;1;10261510223;B
20240503;095937;8098.5;3;10261510224;B
20240503;095937;8098.5;3;10261510225;B
20240503;095937;8098.5;1;10261510226;B
20240503;095937;8098.5;1;10261510227;B
20240503;095937;8098.5;1;10261510228;B
20240503;095937;8098.5;1;10261510229;B
20240503;095937;8098.5;1;10261510230;B
20240503;095937;8098.5;19;10261510231;B
20240503;095937;8098.5;2;10261510232;B
20240503;095937;8098.5;2;10261510233;B
20240503;095937;8098.5;1;10261510234;B
20240503;095937;8098.5;2;10261510235;B
20240503;095937;8098.5;2;10261510236;B
20240503;095937;8098.5;29;10261510237;B
20240503;095937;8098.5;38;10261510238;B
20240503;095937;8098.5;38;10261510239;B
20240503;095937;8098.5;38;10261510240;B
20240503;095937;8098.5;38;10261510241;B
20240503;095937;8098.5;38;10261510242;B
20240503;095937;8098.5;31;10261510243;B
20240503;095937;8098.5;6;10261510244;B
20240503;095937;8098.5;2;10261510245;B
20240503;095937;8098.5;37;10261510246;B
20240503;095937;8098.5;37;10261510247;B
20240503;095937;8098.5;6;10261510248;B
20240503;095937;8098.5;9;10261510249;B
20240503;095937;8098.5;2;10261510250;B
20240503;095937;8098.5;8;10261510251;B
20240503;095937;8098.5;7;10261510252;B
20240503;095937;8098.5;1;10261510253;B
20240503;095937;8098.5;1;10261510254;B
20240503;095937;8098.5;1;10261510255;B
20240503;095937;8098.5;1;10261510256;B
20240503;095937;8098.5;1;10261510257;B
20240503;095937;8098.5;1;10261510258;B
20240503;095937;8098.5;1;10261510259;B
20240503;095937;8098.5;3;10261510260;B
20240503;095937;8098.5;6;10261510261;B
20240503;095937;8098.5;3;10261510262;B
20240503;095937;8098.5;4;10261510263;B
20240503;095937;8098.5;4;10261510264;B
20240503;095937;8098.5;1;10261510265;B
20240503;095937;8098.5;2;10261510266;B
20240503;095937;8098.5;12;10261510267;B
20240503;095937;8098.5;13;10261510268;B
20240503;095937;8098.5;2;10261510269;B
20240503;095937;8098.5;18;10261510270;B
20240503;095937;8098.5;1;10261510271;B
20240503;095937;8098.5;3;10261510272;B
20240503;095937;8098.5;1;10261510273;B
20240503;095937;8098.5;1;10261510274;B
20240503;095937;8098.5;1;10261510275;B
20240503;095937;8098.5;1;10261510276;B
20240503;095937;8098.5;20;10261510277;B
20240503;095937;8098.5;10;10261510278;B
20240503;095937;8098.5;2;10261510279;B
20240503;095937;8098.5;1;10261510280;B
20240503;095937;8098.5;23;10261510281;B
20240503;095937;8098.5;14;10261510282;B
20240503;095937;8098.5;16;10261510283;B
20240503;095937;8098.5;5;10261510284;B
20240503;095937;8098.5;4;10261510285;B
20240503;095937;8098.5;7;10261510286;B
20240503;095937;8098.5;3;10261510287;B
20240503;095937;8098.5;2;10261510288;B
20240503;095937;8098.5;4;10261510289;B
20240503;095937;8098.5;12;10261510290;B
20240503;095937;8098.5;36;10261510291;B
20240503;095937;8098.5;14;10261510292;B
20240503;095937;8098.5;1;10261510293;B
20240503;095937;8098.5;3;10261510294;B
20240503;095937;8098.5;1;10261510295;B
20240503;095937;8098.5;3;10261510296;B
20240503;095937;8098.5;1;10261510297;B
20240503;095937;8098.5;14;10261510298;B
20240503;095937;8098.5;4;10261510299;S
20240503;095937;8098.5;2;10261510300;S
20240503;095937;8098.5;1;10261510301;S
20240503;095937;8098.5;1;10261510302;S
20240503;095937;8098.5;3;10261510303;S
20240503;095937;8098.5;1;10261510304;S
20240503;095937;8098.5;9;10261510305;S
20240503;095937;8098.5;1;10261510306;S
20240503;095937;8098.5;3;10261510307;S
20240503;095937;8098.5;36;10261510308;B
20240503;095937;8098.5;5;10261510309;S
20240503;095937;8098.5;9;10261510310;B
20240503;095937;8098.5;1;10261510311;B
20240503;095937;8098.5;1;10261510312;B
20240503;095937;8098.5;1;10261510313;B
20240503;095937;8098.5;24;10261510314;B
20240503;095937;8098.5;7;10261510315;B
20240503;095937;8098.5;20;10261510316;B
20240503;095937;8098.5;2;10261510317;B
20240503;095937;8098.5;2;10261510318;B
20240503;095937;8098.5;5;10261510319;B
20240503;095937;8098.5;36;10261510320;B
20240503;095937;8098.5;9;10261510321;B
20240503;095937;8098.5;27;10261510322;B
20240503;095937;8098.5;36;10261510323;B
20240503;095937;8098.5;12;10261510324;B
20240503;095937;8098.5;6;10261510325;B
20240503;095937;8098.5;9;10261510326;B
20240503;095937;8098.5;9;10261510327;B
20240503;095937;8098.5;1;10261510328;B
20240503;095937;8098.5;4;10261510329;B
20240503;095937;8098.5;1;10261510330;B
20240503;095937;8098.5;10;10261510331;B
20240503;095937;8098.5;2;10261510332;B
20240503;100001;8096.5;1;10261517299;S
20240503;100001;8096.5;1;10261517924;S
20240503;100001;8096;1;10261517926;S
20240503;100001;8096.5;1;10261517962;B
20240503;100002;8096;1;10261518668;S
20240503;100002;8096;2;10261518689;S
20240503;100002;8094.5;3;10261518690;S
20240503;100002;8096.5;4;10261519219;S
20240503;100003;8093.5;1;10261519580;S
20240503;100003;8093.5;1;10261519890;S
20240503;100003;8093.5;8;10261520011;S
20240503;100003;8093;17;10261520012;S
20240503;100003;8093;2;10261520013;S
20240503;100003;8092.5;1;10261520014;S
20240503;100003;8092.5;50;10261520015;S
20240503;100003;8092.5;2;10261520016;S
20240503;100003;8092.5;19;10261520017;S
20240503;100005;8091.5;3;10261520697;S
20240503;100005;8091.5;1;10261520733;S
20240503;100005;8091.5;2;10261520735;S
20240503;100005;8093;2;10261520737;B
20240503;100005;8093.5;2;10261520738;B
20240503;100005;8092.5;2;10261520877;S
20240503;100005;8092;17;10261521241;S
20240503;100005;8092;2;10261521242;S
20240503;100005;8092;1;10261521243;S
20240503;100005;8091.5;2;10261521501;S
20240503;100006;8091.5;1;10261521599;S
20240503;100006;8094.5;1;10261521667;B
20240503;100006;8091.5;7;10261521770;S
20240503;100006;8091.5;10;10261521843;S
20240503;100006;8091;8;10261521844;S
20240503;100006;8094.5;1;10261522037;B
20240503;100006;8091.5;4;10261522140;S
20240503;100006;8091.5;6;10261522273;S
20240503;100006;8091;2;10261522274;S
20240503;100006;8094.5;1;10261522690;B
20240503;100006;8094.5;7;10261522692;B
20240503;100006;8094.5;6;10261522693;B
20240503;100006;8095;5;10261522694;B
20240503;100006;8095;33;10261522695;B
20240503;100006;8095;3;10261522696;B
20240503;100006;8095;27;10261522697;B
20240503;100006;8096.5;40;10261522698;B
20240503;100006;8097;40;10261522699;B
20240503;100006;8097.5;40;10261522700;B
20240503;100006;8098.5;18;10261522701;B
20240503;100006;8100;18;10261522702;B
20240503;100006;8100;2;10261522703;B
20240503;100006;8100;1;10261522704;B
20240503;100006;8100;60;10261522705;B
20240503;100006;8091.5;1;10261522706;S
20240503;100006;8091.5;4;10261522713;S
20240503;100006;8091.5;3;10261522715;S
20240503;100006;8097.5;1;10261522720;B
20240503;100006;8092;9;10261522723;S
20240503;100006;8092.5;9;10261522724;S
20240503;100006;8092.5;1;10261522895;S
20240503;100006;8092.5;8;10261522896;S
20240503;100006;8097.5;2;10261522991;B
20240503;100007;8092.5;32;10261523689;S
20240503;100007;8092.5;10;10261523690;S
20240503;100007;8092;40;10261523691;S
20240503;100007;8092;3;10261523692;S
20240503;100007;8091.5;40;10261523693;S
20240503;100007;8090.5;2;10261523694;S
20240503;100007;8090;5;10261523695;S
20240503;100007;8090;5;10261523696;S
20240503;100007;8089.5;27;10261523697;S
20240503;100007;8088.5;3;10261523698;S
20240503;100007;8088;1;10261523699;S
20240503;100007;8088;1;10261523700;S
20240503;100007;8087.5;17;10261523701;S
20240503;100007;8087.5;38;10261523702;S
20240503;100007;8087.5;29;10261523703;S
20240503;100007;8087.5;38;10261523704;S
20240503;100007;8087;50;10261523705;S
20240503;100007;8086.5;15;10261523706;S
20240503;100007;8086;20;10261523707;S
20240503;100007;8086;264;10261523708;S
20240503;100007;8088;3;10261523737;S
20240503;100007;8088;1;10261523787;S
20240503;100007;8092.5;1;10261523796;B
20240503;100007;8092.5;26;10261523805;B
20240503;100007;8092.5;10;10261523806;B
20240503;100007;8093;3;10261523807;B
20240503;100007;8094.5;1;10261523808;B
20240503;100007;8088;20;10261524277;S
20240503;100007;8089;1;10261524453;B
20240503;100007;8089;45;10261524568;B
20240503;100007;8091;3;10261524569;B
20240503;100007;8093.5;10;10261524570;B
20240503;100007;8094;17;10261524571;B
20240503;100007;8094;25;10261524572;B
20240503;100007;8088;6;10261524637;S
20240503;100007;8088;4;10261524639;S
20240503;100007;8092.5;3;10261524899;B
20240503;100007;8088;7;10261525043;S
20240503;100007;8088;2;10261525099;S
20240503;100007;8093;1;10261525290;B
20240503;100007;8093;1;10261525295;B
20240503;100007;8093;1;10261525304;B
20240503;100007;8093;6;10261525308;B
20240503;100007;8088;10;10261525314;S
20240503;100007;8088;27;10261525315;S
20240503;100007;8088;40;10261525316;S
20240503;100007;8087.5;40;10261525317;S
20240503;100007;8087.5;2;10261525318;S
20240503;100008;8093.5;1;10261525811;B
20240503;100008;8093.5;1;10261525816;B
20240503;100008;8087;9;10261525942;S
20240503;100008;8093.5;1;10261525947;B
20240503;100008;8093.5;7;10261525956;B
20240503;100008;8087;1;10261526104;S
20240503;100008;8092.5;1;10261526105;B
20240503;100008;8092;1;10261526396;B
20240503;100008;8090.5;1;10261526637;S
20240503;100008;8088;7;10261526638;S
20240503;100008;8092.5;1;10261526671;B
20240503;100008;8092.5;1;10261526672;B
20240503;100009;8089;5;10261527193;S
20240503;100009;8089;2;10261527379;S
20240503;100010;8093;1;10261527629;B
20240503;100010;8089;3;10261527634;S
20240503;100010;8093;1;10261527687;B
20240503;100010;8093;1;10261527697;B
20240503;100010;8089.5;10;10261527725;S
20240503;100010;8089;3;10261527726;S
20240503;100010;8088.5;3;10261527727;S
20240503;100010;8088;1;10261527728;S
20240503;100010;8087.5;26;10261527735;S
20240503;100010;8092;4;10261527768;B
20240503;100010;8088.5;9;10261527831;S
20240503;100010;8092;5;10261528134;B
20240503;100011;8088.5;1;10261528209;S
20240503;100011;8088.5;3;10261528215;S
20240503;100011;8086;20;10261528273;S
20240503;100011;8089;10;10261528338;B
20240503;100011;8089.5;3;10261528339;B
20240503;100011;8089.5;12;10261528340;B
20240503;100011;8086;16;10261528379;S
20240503;100011;8086;1;10261528380;S
20240503;100011;8086;3;10261528381;S
20240503;100011;8086;10;10261528382;S
20240503;100011;8086;40;10261528383;S
20240503;100011;8086;27;10261528384;S
20240503;100011;8086;2;10261528386;B
20240503;100011;8089;10;10261528390;B
20240503;100011;8089.5;30;10261528391;B
20240503;100011;8086.5;1;10261528529;S
20240503;100011;8089;1;10261528595;B
20240503;100011;8089;1;10261528755;B
20240503;100013;8089.5;2;10261529259;B
20240503;100015;8086.5;1;10261529781;S
20240503;100016;8087;4;10261529946;S
20240503;100016;8085.5;3;10261530026;S
20240503;100016;8089;10;10261530039;B
20240503;100016;8089.5;6;10261530040;B
20240503;100016;8089.5;24;10261530041;B
20240503;100018;8089.5;3;10261530458;B
20240503;100019;8089.5;1;10261530715;B
20240503;100022;8088.5;12;10261531698;S
20240503;100022;8088;18;10261531699;S
20240503;100022;8089;10;10261531730;B
20240503;100022;8089.5;5;10261531731;B
20240503;100022;8089.5;65;10261531739;S
20240503;100022;8089.5;12;10261531740;S
20240503;100022;8088;10;10261531741;S
20240503;100022;8087.5;13;10261531742;S
20240503;100022;8088;1;10261531769;S
20240503;100023;8089.5;1;10261532111;B
20240503;100025;8089.5;2;10261532535;B
20240503;100026;8087.5;4;10261532661;S
20240503;100026;8087.5;8;10261532667;S
20240503;100026;8087.5;1;10261532668;S
20240503;100026;8087;41;10261532669;S
20240503;100026;8087.5;12;10261532941;S
20240503;100026;8087;38;10261532942;S
20240503;100026;8087.5;3;10261532973;S
20240503;100027;8087.5;9;10261533312;S
20240503;100027;8087;6;10261533313;S
20240503;100027;8089.5;7;10261533319;B
20240503;100027;8089.5;27;10261533320;B
20240503;100027;8089.5;5;10261533321;B
20240503;100027;8089.5;22;10261533322;B
20240503;100027;8090;10;10261533323;B
20240503;100027;8090;9;10261533324;B
20240503;100027;8090;1;10261533325;B
20240503;100027;8090;54;10261533326;B
20240503;100028;8090;15;10261533559;S
20240503;100028;8087.5;12;10261533560;S
20240503;100028;8087.5;10;10261533561;S
20240503;100028;8087;13;10261533562;S
20240503;100028;8087.5;3;10261533564;S
20240503;100028;8087.5;7;10261533851;S
20240503;100028;8087.5;12;10261533852;S
20240503;100028;8087.5;27;10261533853;S
20240503;100028;8087;4;10261533854;S
20240503;100029;8090;10;10261534026;B
20240503;100029;8090;22;10261534027;B
20240503;100029;8090.5;13;10261534028;B
20240503;100029;8091;6;10261534029;B
20240503;100029;8091;3;10261534030;B
20240503;100030;8089.5;50;10261534216;S
20240503;100030;8087.5;10;10261534239;S
20240503;100030;8087.5;2;10261534429;S
20240503;100030;8087.5;40;10261534430;S
20240503;100030;8087.5;8;10261534431;S
20240503;100031;8087.5;7;10261534503;S
20240503;100031;8088.5;7;10261534641;B
20240503;100031;8087.5;32;10261534697;S
20240503;100032;8088.5;10;10261534826;S
20240503;100032;8087.5;12;10261534827;S
20240503;100032;8087;21;10261534828;S
20240503;100032;8087;7;10261534829;S
20240503;100032;8087.5;12;10261534943;S
20240503;100032;8087;4;10261534944;S
20240503;100032;8087;34;10261534945;S
20240503;100033;8087.5;1;10261535297;S
20240503;100034;8087.5;11;10261535357;S
20240503;100034;8087.5;2;10261535358;S
20240503;100034;8087.5;8;10261535359;S
20240503;100034;8087;1;10261535360;S
20240503;100034;8088.5;10;10261535462;B
20240503;100035;8088.5;1;10261535533;B
20240503;100035;8086.5;5;10261535799;S
20240503;100036;8086.5;7;10261535855;S
20240503;100036;8086.5;10;10261535856;S
20240503;100036;8086;2;10261535857;S
20240503;100036;8085.5;12;10261536006;S
20240503;100036;8087;9;10261536056;S
20240503;100037;8087;25;10261536319;S
20240503;100038;8087;16;10261536414;S
20240503;100038;8085.5;35;10261536415;S
20240503;100038;8085.5;1;10261536416;S
20240503;100038;8085.5;1;10261536417;S
20240503;100038;8085.5;40;10261536418;S
20240503;100038;8085;3;10261536419;S
20240503;100038;8085;13;10261536420;S
20240503;100038;8087;1;10261536458;B
20240503;100038;8085;10;10261536499;S
20240503;100038;8084.5;1;10261536500;S
20240503;100038;8084.5;40;10261536501;S
20240503;100038;8084.5;12;10261536502;S
20240503;100038;8084;40;10261536503;S
20240503;100038;8083.5;14;10261536504;S
20240503;100038;8086.5;5;10261536615;B
20240503;100039;8084;1;10261536679;S
20240503;100039;8084;8;10261536698;S
20240503;100040;8086;1;10261537011;B
20240503;100040;8087;10;10261537012;B
20240503;100040;8087.5;4;10261537013;B
20240503;100040;8087.5;1;10261537035;B
20240503;100041;8087;4;10261537162;S
20240503;100041;8087;6;10261537205;S
20240503;100041;8085;16;10261537220;S
20240503;100041;8085;10;10261537238;S
20240503;100041;8085;17;10261537239;S
20240503;100041;8084.5;23;10261537240;S
20240503;100041;8084;12;10261537304;S
20240503;100041;8084;38;10261537305;S
20240503;100042;8087;10;10261537523;B
20240503;100043;8087.5;1;10261537841;B
20240503;100043;8087;50;10261537873;S
20240503;100043;8087;50;10261537907;S
20240503;100043;8087;1;10261537985;S
20240503;100044;8087;46;10261538085;S
20240503;100044;8087.5;5;10261538105;B
20240503;100044;8087.5;10;10261538106;B
20240503;100044;8087.5;1;10261538150;S
20240503;100045;8088;1;10261538303;B
20240503;100045;8087.5;24;10261538305;S
20240503;100045;8087.5;20;10261538377;S
20240503;100046;8087.5;15;10261538449;S
20240503;100046;8088;1;10261538489;B
20240503;100046;8087.5;1;10261538507;S
20240503;100046;8087.5;14;10261538559;S
20240503;100046;8087;36;10261538560;S
20240503;100047;8088;1;10261538584;B
20240503;100047;8087;7;10261538590;S
20240503;100047;8087;5;10261538591;S
20240503;100047;8087;14;10261538637;B
20240503;100047;8087;2;10261538677;B
20240503;100049;8087;17;10261539115;B
20240503;100049;8087.5;10;10261539116;B
20240503;100049;8088;6;10261539117;B
20240503;100049;8088.5;6;10261539118;B
20240503;100049;8088.5;5;10261539119;B
20240503;100049;8088.5;6;10261539120;B
20240503;100049;8088.5;1;10261539245;B
20240503;100051;8087;1;10261539543;S
20240503;100051;8087;10;10261539544;S
20240503;100051;8086;4;10261539545;S
20240503;100051;8086;27;10261539546;S
20240503;100051;8086;30;10261539547;S
20240503;100051;8085.5;18;10261539665;S
20240503;100053;8084;1;10261540083;S
20240503;100053;8086.5;10;10261540193;B
20240503;100053;8087;38;10261540194;B
20240503;100054;8084.5;2;10261540357;S
20240503;100054;8084.5;8;10261540550;S
20240503;100055;8084.5;10;10261540693;S
20240503;100055;8086.5;2;10261540756;B
20240503;100055;8086.5;8;10261540809;B
20240503;100055;8087;6;10261540810;B
20240503;100056;8084.5;4;10261540997;S
20240503;100058;8087;6;10261541228;B
20240503;100058;8086.5;1;10261541272;B
20240503;100100;8084.5;5;10261541904;S
20240503;100100;8086.5;10;10261542080;B
20240503;100100;8086;3;10261542095;B
20240503;100100;8084.5;1;10261542145;S
20240503;100101;8084.5;1;10261542175;S
20240503;100101;8084.5;5;10261542176;S
20240503;100101;8084.5;10;10261542177;S
20240503;100101;8084.5;34;10261542178;S
20240503;100101;8084.5;6;10261542183;S
20240503;100101;8084;9;10261542204;S
20240503;100101;8084;20;10261542205;S
20240503;100101;8084;8;10261542206;S
20240503;100101;8084;13;10261542207;S
20240503;100104;8084.5;19;10261542743;B
20240503;100104;8084.5;15;10261542744;B
20240503;100104;8085;5;10261542745;B
20240503;100104;8086;6;10261542746;B
20240503;100104;8086.5;10;10261542747;B
20240503;100104;8086.5;3;10261542748;B
20240503;100104;8085;10;10261542910;S
20240503;100104;8084.5;5;10261542911;S
20240503;100104;8084.5;35;10261542912;S
20240503;100106;8087;3;10261543329;B
20240503;100107;8087;40;10261543419;B
20240503;100107;8087;3;10261543420;B
20240503;100109;8085.5;1;10261543852;S
20240503;100109;8085.5;2;10261543943;S
20240503;100110;8085.5;7;10261544175;S
20240503;100110;8085;93;10261544176;S
20240503;100111;8085.5;9;10261544536;S
20240503;100114;8086.5;1;10261545343;B
20240503;100115;8087;2;10261545570;B
20240503;100117;8086.5;5;10261545786;S
20240503;100117;8086;2;10261545787;S
20240503;100117;8087;2;10261545831;B
20240503;100117;8087;23;10261545832;B
20240503;100118;8086;2;10261546055;S
20240503;100118;8086.5;5;10261546137;S
20240503;100118;8086.5;1;10261546157;S
20240503;100119;8087;17;10261546469;B
20240503;100120;8087;10;10261546765;B
20240503;100120;8087;8;10261546766;B
20240503;100120;8087;7;10261546767;B
20240503;100120;8087.5;5;10261546768;B
20240503;100120;8087.5;14;10261546769;B
20240503;100120;8088;19;10261546770;B
20240503;100120;8088.5;25;10261546771;B
20240503;100120;8088.5;10;10261546772;B
20240503;100120;8089;2;10261546773;B
20240503;100120;8089;28;10261546774;B
20240503;100121;8089.5;10;10261546842;B
20240503;100121;8089.5;27;10261546843;B
20240503;100121;8089.5;8;10261546844;B
20240503;100121;8090.5;10;10261546845;B
20240503;100121;8090.5;3;10261546846;B
20240503;100121;8090;13;10261547004;B
20240503;100121;8090.5;5;10261547005;B
20240503;100121;8090.5;18;10261547006;B
20240503;100121;8091;24;10261547007;B
20240503;100121;8091;10;10261547008;B
20240503;100121;8091.5;1;10261547009;B
20240503;100121;8091.5;29;10261547010;B
20240503;100124;8092;10;10261547814;S
20240503;100124;8091.5;5;10261547815;S
20240503;100124;8090.5;35;10261547816;S
20240503;100125;8093;27;10261547956;B
20240503;100125;8093.5;5;10261547957;B
20240503;100125;8094;12;10261547958;B
20240503;100125;8094;10;10261547959;B
20240503;100125;8094.5;22;10261547960;B
20240503;100125;8094.5;20;10261547961;B
20240503;100125;8095;2;10261547962;B
20240503;100125;8095;248;10261547963;B
20240503;100127;8093;1;10261548263;S
20240503;100127;8092.5;4;10261548264;S
20240503;100127;8092.5;10;10261548273;S
20240503;100127;8094;1;10261548287;B
20240503;100127;8094;1;10261548303;B
20240503;100127;8092;5;10261548359;S
20240503;100127;8092;10;10261548360;S
20240503;100128;8092;3;10261548461;B
20240503;100130;8091.5;10;10261548685;S
20240503;100130;8091.5;5;10261548686;S
20240503;100130;8091;33;10261548687;S
20240503;100130;8091.5;2;10261548688;S
20240503;100130;8092;1;10261548703;B
20240503;100130;8091.5;8;10261548732;S
20240503;100130;8091;5;10261548733;S
20240503;100132;8091;5;10261549045;B
20240503;100132;8090.5;35;10261549097;S
20240503;100132;8090;40;10261549098;S
20240503;100132;8090;5;10261549099;S
20240503;100132;8090;2;10261549109;B
20240503;100132;8091;5;10261549129;B
20240503;100132;8091;1;10261549145;B
20240503;100134;8089;27;10261549455;S
20240503;100134;8088.5;5;10261549456;S
20240503;100134;8088.5;17;10261549457;S
20240503;100134;8088;1;10261549458;S
20240503;100134;8090;4;10261549535;B
20240503;100134;8090;2;10261549546;B
20240503;100135;8090;3;10261549659;B
20240503;100135;8091;1;10261549660;B
20240503;100135;8091;5;10261549661;B
20240503;100135;8091;10;10261549662;B
20240503;100135;8091.5;13;10261549663;B
20240503;100135;8092;1;10261549664;B
20240503;100135;8092;18;10261549665;B
20240503;100135;8092.5;23;10261549666;B
20240503;100135;8092.5;34;10261549667;B
20240503;100135;8093;28;10261549668;B
20240503;100135;8093;38;10261549669;B
20240503;100135;8093.5;40;10261549670;B
20240503;100135;8094;22;10261549671;B
20240503;100135;8094;40;10261549672;B
20240503;100135;8094;27;10261549673;B
20240503;100135;8094.5;40;10261549674;B
20240503;100135;8095.5;12;10261549675;B
20240503;100135;8095.5;76;10261549676;B
20240503;100135;8095.5;26;10261549677;B
20240503;100135;8096;300;10261549678;B
20240503;100135;8096.5;60;10261549679;B
20240503;100135;8097;20;10261549680;B
20240503;100135;8097;180;10261549681;B
20240503;100135;8097.5;300;10261549682;B
20240503;100135;8098;71;10261549683;B
20240503;100135;8098.5;12;10261549684;B
20240503;100135;8099.5;4;10261549685;B
20240503;100135;8100;1;10261549686;B
20240503;100135;8100;1;10261549687;B
20240503;100135;8100;3;10261549688;B
20240503;100135;8100;1;10261549689;B
20240503;100135;8100;90;10261549690;B
20240503;100136;8099.5;3;10261549885;B
20240503;100137;8099.5;7;10261549998;B
20240503;100137;8099.5;7;10261549999;B
20240503;100138;8099;10;10261550135;S
20240503;100138;8098.5;22;10261550136;S
20240503;100138;8098;5;10261550137;S
20240503;100140;8097.5;1;10261550370;S
20240503;100140;8098;10;10261550497;S
20240503;100140;8097.5;10;10261550498;S
20240503;100140;8097;5;10261550499;S
20240503;100140;8097;22;10261550500;S
20240503;100140;8097;10;10261550503;B
20240503;100142;8097;1;10261550742;B
20240503;100142;8097;1;10261550746;B
20240503;100142;8097;30;10261550754;B
20240503;100143;8097;1;10261551012;B
20240503;100144;8096;1;10261551077;S
20240503;100144;8097;3;10261551114;B
20240503;100144;8096;4;10261551171;S
20240503;100144;8096;11;10261551172;S
20240503;100144;8096;9;10261551173;S
20240503;100144;8097;2;10261551178;B
20240503;100144;8096;1;10261551247;S
20240503;100146;8097;1;10261551559;B
20240503;100150;8096;4;10261552041;S
20240503;100150;8096;40;10261552042;S
20240503;100150;8095.5;40;10261552043;S
20240503;100150;8095.5;5;10261552044;S
20240503;100150;8095;40;10261552045;S
20240503;100150;8095;22;10261552046;S
20240503;100150;8094.5;300;10261552047;S
20240503;100150;8094;27;10261552048;S
20240503;100150;8092.5;12;10261552049;S
20240503;100150;8092;24;10261552050;S
20240503;100150;8092;38;10261552051;S
20240503;100150;8091.5;300;10261552052;S
20240503;100150;8090.5;4;10261552053;S
20240503;100150;8090;1;10261552054;S
20240503;100150;8089.5;12;10261552055;S
20240503;100150;8089.5;60;10261552056;S
20240503;100150;8088.5;300;10261552057;S
20240503;100150;8088;13;10261552058;S
20240503;100150;8087;1;10261552059;S
20240503;100150;8087;220;10261552060;S
20240503;100150;8086.5;4;10261552061;S
20240503;100150;8086.5;200;10261552062;S
20240503;100150;8086.5;12;10261552063;S
20240503;100150;8086.5;1;10261552064;S
20240503;100150;8085.5;4;10261552065;S
20240503;100150;8085;57;10261552066;S
20240503;100150;8085;300;10261552067;S
20240503;100150;8085;5;10261552068;S
20240503;100150;8085;30;10261552069;S
20240503;100150;8085;1;10261552070;S
20240503;100150;8085;423;10261552071;B
20240503;100150;8085;423;10261552072;B
20240503;100150;8085;423;10261552073;B
20240503;100150;8085;423;10261552074;B
20240503;100150;8085;100;10261552075;B
20240503;100150;8085;20;10261552076;B
20240503;100150;8084.5;100;10261552080;S
20240503;100150;8084.5;17;10261552081;S
20240503;100150;8084;8;10261552082;S
20240503;100150;8084;5;10261552083;S
20240503;100150;8084;1;10261552084;S
20240503;100150;8084;1;10261552085;S
20240503;100150;8084;3;10261552086;S
20240503;100150;8083.5;197;10261552087;S
20240503;100150;8085;44;10261552088;B
20240503;100150;8085;66;10261552089;B
20240503;100150;8085;391;10261552090;B
20240503;100150;8085;10;10261552091;B
20240503;100150;8085;22;10261552092;B
20240503;100150;8085;423;10261552093;B
20240503;100150;8085;187;10261552094;B
20240503;100150;8088.5;1;10261552132;S
20240503;100150;8087.5;14;10261552186;S
20240503;100150;8087.5;10;10261552191;S
20240503;100150;8087;5;10261552192;S
20240503;100151;8086.5;3;10261552246;B
20240503;100151;8086.5;5;10261552266;B
20240503;100151;8085.5;100;10261552373;S
20240503;100151;8085.5;100;10261552374;S
20240503;100151;8085.5;5;10261552375;S
20240503;100152;8084;1;10261552416;S
20240503;100152;8083.5;115;10261552420;S
20240503;100153;8085;10;10261552561;S
20240503;100153;8084.5;5;10261552562;S
20240503;100153;8084;1;10261552563;S
20240503;100153;8083.5;105;10261552564;S
20240503;100154;8086;2;10261552867;B
20240503;100154;8086;1;10261552871;B
20240503;100155;8086;1;10261553099;B
20240503;100156;8084.5;1;10261553282;S
20240503;100157;8084;8;10261553319;S
20240503;100157;8085.5;5;10261553381;B
20240503;100200;8085.5;5;10261553792;B
20240503;100200;8085.5;2;10261553813;B
20240503;100200;8084;1;10261553906;S
20240503;100202;8084.5;1;10261554311;B
20240503;100203;8084.5;5;10261554353;B
20240503;100203;8084.5;1;10261554355;B
20240503;100203;8084.5;4;10261554356;B
20240503;100203;8084.5;1;10261554377;B
20240503;100204;8084;1;10261554563;S
20240503;100206;8084.5;3;10261554973;B
20240503;100206;8085;5;10261554977;S
20240503;100206;8085;8;10261554978;S
20240503;100206;8085.5;1;10261555040;B
20240503;100207;8085.5;1;10261555245;B
20240503;100207;8085.5;1;10261555372;B
20240503;100208;8085.5;1;10261555476;B
20240503;100208;8085.5;6;10261555479;B
20240503;100211;8085;14;10261556351;S
20240503;100213;8085.5;3;10261556775;B
20240503;100215;8085;1;10261557416;S
20240503;100215;8085;10;10261557418;S
20240503;100215;8085;4;10261557430;S
20240503;100216;8085;25;10261557555;S
20240503;100217;8085.5;2;10261558018;B
20240503;100217;8085;3;10261558019;S
20240503;100219;8085.5;3;10261558448;B
20240503;100219;8085.5;1;10261558449;B
20240503;100219;8085.5;38;10261558450;B
20240503;100219;8085.5;10;10261558451;B
20240503;100221;8086;1;10261558775;B
20240503;100221;8086;5;10261558776;B
20240503;100221;8086;14;10261558777;B
20240503;100221;8086.5;21;10261558778;B
20240503;100221;8086.5;2;10261558779;B
20240503;100221;8087;27;10261558780;B
20240503;100221;8087;2;10261558781;B
20240503;100221;8087;3;10261558782;B
20240503;100221;8087.5;25;10261558783;B
20240503;100221;8087.5;8;10261558784;B
20240503;100221;8087.5;3;10261558785;B
20240503;100221;8087.5;6;10261558786;B
20240503;100221;8087.5;20;10261558800;S
20240503;100224;8088;2;10261559317;B
20240503;100225;8087.5;13;10261559544;S
20240503;100225;8087;5;10261559545;S
20240503;100225;8086;10;10261559546;S
20240503;100225;8086;1;10261559547;S
20240503;100225;8087.5;10;10261559604;B
20240503;100226;8086;2;10261559926;S
20240503;100227;8087;8;10261560011;B
20240503;100232;8086.5;1;10261560933;B
20240503;100232;8087;3;10261560934;B
20240503;100235;8087;9;10261561379;B
20240503;100235;8087;6;10261561452;B
20240503;100235;8087;4;10261561453;B
20240503;100237;8086;4;10261561698;S
20240503;100237;8087;1;10261561757;B
20240503;100240;8087;11;10261562147;B
20240503;100240;8087;4;10261562176;S
20240503;100241;8088;5;10261562180;S
20240503;100241;8088;7;10261562181;S
20240503;100241;8087;1;10261562211;S
20240503;100241;8088;1;10261562257;B
20240503;100242;8087.5;10;10261562379;S
20240503;100242;8087;9;10261562380;S
20240503;100242;8087;17;10261562381;S
20240503;100244;8087;1;10261562671;B
20240503;100245;8086.5;1;10261562758;S
20240503;100245;8086.5;1;10261562791;S
20240503;100245;8087;2;10261562851;B
20240503;100246;8087;1;10261563007;B
20240503;100248;8087;11;10261563310;B
20240503;100248;8087;1;10261563311;B
20240503;100248;8087;11;10261563312;B
20240503;100248;8087;2;10261563313;B
20240503;100250;8087.5;1;10261563585;B
20240503;100252;8087;1;10261563815;S
20240503;100254;8087.5;1;10261563986;B
20240503;100254;8087;20;10261564029;S
20240503;100255;8087.5;11;10261564131;B
20240503;100255;8088;13;10261564132;B
20240503;100255;8087;7;10261564243;S
20240503;100256;8088;1;10261564331;B
20240503;100256;8088;5;10261564332;B
20240503;100256;8088.5;4;10261564333;B
20240503;100257;8087.5;1;10261564457;S
20240503;100257;8087.5;5;10261564458;S
20240503;100257;8087;5;10261564459;S
20240503;100257;8087;5;10261564491;S
20240503;100300;8088.5;1;10261565110;B
20240503;100302;8088.5;1;10261565448;B
20240503;100303;8087.5;1;10261565595;S
20240503;100303;8087.5;5;10261565596;S
20240503;100303;8087.5;1;10261565597;S
20240503;100303;8087;17;10261565598;S
20240503;100303;8088.5;7;10261565716;B
20240503;100304;8088.5;3;10261565902;B
20240503;100304;8089;1;10261565903;B
20240503;100307;8089;2;10261566468;B
20240503;100307;8088;1;10261566502;S
20240503;100310;8089;1;10261566879;B
20240503;100311;8088.5;3;10261567117;S
20240503;100312;8089;13;10261567429;B
20240503;100312;8088.5;24;10261567497;S
20240503;100314;8088.5;25;10261567840;S
20240503;100315;8089;1;10261568045;B
20240503;100316;8088.5;34;10261568260;S
20240503;100317;8089;1;10261568330;B
20240503;100317;8089;19;10261568331;B
20240503;100317;8089;1;10261568332;B
20240503;100317;8089.5;5;10261568333;B
20240503;100317;8089.5;25;10261568334;B
20240503;100317;8089.5;5;10261568335;B
20240503;100317;8089.5;2;10261568336;B
20240503;100317;8089.5;1;10261568449;B
20240503;100317;8089.5;1;10261568450;B
20240503;100317;8090;1;10261568451;B
20240503;100317;8090;7;10261568452;B
20240503;100318;8090;18;10261568516;B
20240503;100318;8090;2;10261568528;B
20240503;100318;8090;5;10261568551;B
20240503;100318;8090;1;10261568571;B
20240503;100318;8090;4;10261568572;B
20240503;100319;8090;2;10261568626;B
20240503;100319;8089;17;10261568734;S
20240503;100319;8089;22;10261568735;S
20240503;100320;8089;10;10261568791;B
20240503;100320;8088.5;3;10261568830;S
20240503;100320;8089;10;10261568885;B
20240503;100321;8088.5;37;10261569014;S
20240503;100323;8089;20;10261569286;B
20240503;100325;8089;20;10261569670;B
20240503;100326;8089;10;10261569674;B
20240503;100326;8089;91;10261569710;B
20240503;100326;8089;22;10261569711;B
20240503;100326;8089;10;10261569712;B
20240503;100326;8089;2;10261569713;B
20240503;100326;8089;30;10261569764;S
20240503;100326;8089;11;10261569765;S
20240503;100327;8089.5;1;10261569822;B
20240503;100327;8089.5;1;10261569837;B
20240503;100327;8089.5;35;10261569971;B
20240503;100327;8089.5;4;10261569972;B
20240503;100327;8090;3;10261569973;B
20240503;100327;8090;4;10261569974;B
20240503;100327;8090;2;10261569975;B
20240503;100327;8090;6;10261569976;B
20240503;100327;8090;11;10261569977;B
20240503;100327;8090.5;1;10261569978;B
20240503;100327;8090.5;6;10261569979;B
20240503;100327;8091;10;10261569980;B
20240503;100327;8091.5;18;10261569981;B
20240503;100327;8091.5;10;10261569982;B
20240503;100328;8091;10;10261570091;B
20240503;100330;8091.5;3;10261570328;B
20240503;100331;8090.5;10;10261570550;S
20240503;100337;8091;3;10261571487;B
20240503;100337;8090.5;6;10261571612;S
20240503;100337;8089.5;1;10261571613;S
20240503;100337;8089.5;1;10261571650;S
20240503;100337;8089.5;17;10261571651;S
20240503;100337;8089.5;32;10261571652;S
20240503;100338;8089.5;1;10261571685;S
20240503;100338;8091;3;10261571746;B
20240503;100338;8091;4;10261571793;B
20240503;100338;8091;1;10261571794;B
20240503;100342;8090.5;10;10261572287;B
20240503;100342;8090.5;20;10261572288;B
20240503;100342;8091;5;10261572289;B
20240503;100342;8091;6;10261572290;B
20240503;100342;8091.5;19;10261572291;B
20240503;100342;8091;5;10261572335;B
20240503;100344;8091;1;10261572837;B
20240503;100345;8090.5;3;10261572886;S
20240503;100346;8091;2;10261573092;B
20240503;100346;8091;7;10261573171;B
20240503;100346;8091;6;10261573172;B
20240503;100346;8091;3;10261573173;B
20240503;100346;8091.5;235;10261573174;B
20240503;100346;8092;60;10261573175;B
20240503;100346;8092.5;12;10261573176;B
20240503;100346;8093;22;10261573177;B
20240503;100346;8093.5;40;10261573178;B
20240503;100346;8094;40;10261573179;B
20240503;100346;8094;30;10261573180;B
20240503;100346;8094;27;10261573181;B
20240503;100346;8094.5;18;10261573182;B
20240503;100346;8094.5;1;10261573189;B
20240503;100347;8094.5;1;10261573205;B
20240503;100347;8094.5;1;10261573218;B
20240503;100347;8094.5;4;10261573241;B
20240503;100347;8093.5;20;10261573256;S
20240503;100348;8094.5;3;10261573353;B
20240503;100348;8093.5;38;10261573370;S
20240503;100348;8093;6;10261573371;S
20240503;100348;8093;6;10261573372;S
20240503;100348;8093;26;10261573390;S
20240503;100348;8093;12;10261573391;S
20240503;100348;8093;10;10261573392;S
20240503;100348;8093;2;10261573393;S
20240503;100349;8094.5;2;10261573520;B
20240503;100350;8093;38;10261573614;S
20240503;100350;8093;10;10261573615;S
20240503;100350;8092.5;2;10261573616;S
20240503;100350;8094.5;2;10261573627;B
20240503;100350;8094.5;3;10261573628;B
20240503;100350;8094.5;1;10261573679;B
20240503;100351;8093;3;10261573755;S
20240503;100351;8093.5;1;10261573767;B
20240503;100353;8093.5;5;10261574020;B
20240503;100353;8093.5;9;10261574021;B
20240503;100356;8093.5;2;10261574543;B
20240503;100358;8093.5;8;10261574854;B
20240503;100358;8093.5;6;10261574855;B
20240503;100358;8093.5;16;10261574856;B
20240503;100358;8094;8;10261574857;B
20240503;100402;8093.5;3;10261575475;B
20240503;100404;8092.5;1;10261575802;S
20240503;100405;8093;3;10261575982;B
20240503;100407;8092.5;19;10261576244;S
20240503;100407;8092.5;6;10261576245;S
20240503;100407;8092;40;10261576246;S
20240503;100407;8091.5;40;10261576247;S
20240503;100407;8091.5;22;10261576248;S
20240503;100407;8091;40;10261576249;S
20240503;100407;8091;10;10261576250;S
20240503;100407;8090.5;35;10261576251;S
20240503;100407;8090.5;1;10261576252;S
20240503;100407;8090.5;17;10261576253;S
20240503;100407;8090;250;10261576254;S
20240503;100407;8090;1;10261576255;S
20240503;100407;8090;9;10261576256;S
20240503;100407;8089.5;5;10261576257;S
20240503;100407;8089.5;1;10261576258;S
20240503;100407;8089;9;10261576259;S
20240503;100407;8089;10;10261576260;S
20240503;100407;8089;20;10261576261;S
20240503;100407;8089;27;10261576262;S
20240503;100407;8088.5;87;10261576263;S
20240503;100407;8088.5;50;10261576264;S
20240503;100407;8088.5;10;10261576265;S
20240503;100407;8088.5;20;10261576266;S
20240503;100407;8088.5;1;10261576267;S
20240503;100407;8088;3;10261576268;S
20240503;100407;8088;10;10261576269;S
20240503;100407;8088;2;10261576270;S
20240503;100407;8087.5;5;10261576271;S
20240503;100407;8087.5;250;10261576272;S
20240503;100408;8088.5;17;10261576345;S
20240503;100408;8088;10;10261576346;S
20240503;100408;8088;26;10261576347;S
20240503;100409;8088;14;10261576538;S
20240503;100409;8087.5;40;10261576539;S
20240503;100409;8087.5;6;10261576540;S
20240503;100409;8087.5;10;10261576541;S
20240503;100409;8087;30;10261576542;S
20240503;100411;8087;15;10261576742;S
20240503;100412;8088.5;1;10261576873;B
20240503;100416;8088.5;1;10261577536;B
20240503;100421;8087;5;10261578247;S
20240503;100421;8087;1;10261578248;S
20240503;100421;8087;3;10261578249;S
20240503;100421;8087;123;10261578250;S
20240503;100421;8087;8;10261578251;S
20240503;100421;8087;6;10261578252;S
20240503;100421;8086.5;10;10261578257;B
20240503;100421;8087;2;10261578258;B
20240503;100421;8086.5;1;10261578322;B
20240503;100422;8086.5;2;10261578423;B
20240503;100422;8086.5;7;10261578439;B
20240503;100422;8087;38;10261578440;B
20240503;100422;8087;27;10261578441;B
20240503;100422;8087;50;10261578442;B
20240503;100422;8087.5;6;10261578443;B
20240503;100422;8086;20;10261578479;S
20240503;100422;8086;1;10261578480;S
20240503;100422;8086;10;10261578481;S
20240503;100422;8086;1;10261578482;S
20240503;100422;8085.5;18;10261578483;S
20240503;100425;8087;2;10261579040;B
20240503;100427;8087;8;10261579316;B
20240503;100427;8087;22;10261579317;B
20240503;100427;8086.5;38;10261579337;B
20240503;100428;8086.5;6;10261579447;B
20240503;100428;8086.5;33;10261579448;B
20240503;100428;8087;1;10261579449;B
20240503;100428;8087;18;10261579450;B
20240503;100428;8087;10;10261579451;B
20240503;100428;8087.5;9;10261579452;B
20240503;100428;8087.5;15;10261579453;B
20240503;100428;8087.5;8;10261579454;B
20240503;100428;8086;10;10261579506;S
20240503;100428;8086;8;10261579507;S
20240503;100429;8087.5;9;10261579585;B
20240503;100429;8087.5;5;10261579586;B
20240503;100434;8086;5;10261580308;S
20240503;100435;8086;1;10261580609;S
20240503;100436;8087.5;2;10261580712;B
20240503;100437;8087.5;1;10261580879;B
20240503;100438;8087.5;4;10261580904;B
20240503;100442;8087.5;1;10261581549;B
20240503;100444;8087.5;14;10261581728;B
20240503;100444;8087.5;10;10261581729;B
20240503;100444;8087.5;6;10261581730;B
20240503;100445;8088;1;10261581939;B
20240503;100447;8088;15;10261582387;B
20240503;100447;8088.5;10;10261582388;B
20240503;100448;8087;10;10261582564;S
20240503;100448;8086.5;20;10261582565;S
20240503;100449;8088;3;10261582802;B
20240503;100449;8086.5;1;10261582827;S
20240503;100450;8086.5;6;10261582963;S
20240503;100450;8086.5;6;10261582964;S
20240503;100455;8087;1;10261583722;S
20240503;100458;8086;1;10261584227;S
20240503;100500;8086;1;10261584603;S
20240503;100500;8086;1;10261584604;S
20240503;100505;8086.5;1;10261585240;B
20240503;100506;8086.5;3;10261585436;B
20240503;100508;8086;7;10261585697;B
20240503;100508;8086;6;10261585698;B
20240503;100508;8086;2;10261585738;B
20240503;100509;8086;1;10261585837;B
20240503;100510;8085.5;50;10261585935;S
20240503;100510;8085.5;10;10261585947;S
20240503;100511;8086;1;10261586222;B
20240503;100511;8086;4;10261586257;B
20240503;100512;8086;11;10261586365;B
20240503;100512;8086;12;10261586366;B
20240503;100512;8086.5;13;10261586367;B
20240503;100512;8086.5;15;10261586368;B
20240503;100512;8086.5;7;10261586369;B
20240503;100512;8086.5;12;10261586370;B
20240503;100512;8086.5;10;10261586371;B
20240503;100512;8087;1;10261586372;B
20240503;100512;8087;12;10261586373;B
20240503;100512;8087;13;10261586374;B
20240503;100512;8087;13;10261586375;B
20240503;100512;8087.5;5;10261586376;B
20240503;100512;8087.5;12;10261586377;B
20240503;100512;8087.5;104;10261586378;B
20240503;100512;8087.5;10;10261586379;B
20240503;100514;8086.5;10;10261586769;S
20240503;100514;8087;11;10261586815;B
20240503;100515;8087;1;10261586972;B
20240503;100515;8087;1;10261586973;B
20240503;100516;8087;6;10261587066;B
20240503;100516;8087;12;10261587067;B
20240503;100516;8087;15;10261587068;B
20240503;100516;8087;17;10261587069;S
20240503;100516;8086.5;22;10261587070;S
20240503;100516;8086.5;1;10261587071;S
20240503;100516;8086.5;2;10261587072;S
20240503;100516;8086.5;8;10261587073;S
20240503;100516;8086.5;2;10261587088;S
20240503;100516;8086;7;10261587089;S
20240503;100516;8086;22;10261587090;S
20240503;100516;8086;10;10261587091;B
20240503;100516;8086;1;10261587120;B
20240503;100517;8086;1;10261587170;B
20240503;100518;8085.5;1;10261587307;S
20240503;100518;8086;1;10261587345;B
20240503;100518;8085.5;6;10261587356;S
20240503;100519;8086;1;10261587553;B
20240503;100519;8086;10;10261587580;S
20240503;100520;8086.5;7;10261587583;B
20240503;100520;8087;17;10261587584;B
20240503;100520;8087.5;10;10261587585;B
20240503;100520;8087.5;15;10261587586;B
20240503;100520;8087.5;1;10261587587;B
20240503;100523;8086;7;10261588054;S
20240503;100523;8085.5;8;10261588055;S
20240503;100525;8086;1;10261588367;S
20240503;100525;8087;3;10261588380;B
20240503;100525;8086;10;10261588393;S
20240503;100525;8086.5;10;10261588420;B
20240503;100527;8086.5;1;10261588590;B
20240503;100529;8086.5;14;10261588907;B
20240503;100529;8087;15;10261588908;B
20240503;100529;8087;7;10261588909;B
20240503;100529;8087;14;10261588910;B
20240503;100529;8087;5;10261588911;B
20240503;100529;8087;8;10261588912;B
20240503;100529;8087.5;11;10261588913;B
20240503;100529;8087.5;25;10261588914;B
20240503;100529;8087.5;1;10261588915;B
20240503;100531;8086;10;10261589219;S
20240503;100531;8086;22;10261589220;S
20240503;100531;8086;35;10261589221;S
20240503;100531;8085.5;33;10261589222;S
20240503;100532;8087;3;10261589415;B
20240503;100533;8087;1;10261589477;B
20240503;100534;8086;1;10261589597;S
20240503;100534;8086.5;1;10261589624;B
20240503;100535;8086.5;10;10261589877;B
20240503;100535;8087;10;10261589878;B
20240503;100536;8087;1;10261589921;B
20240503;100536;8086.5;8;10261589965;B
20240503;100536;8087;1;10261589966;B
20240503;100536;8087;12;10261589967;B
20240503;100536;8087;27;10261589968;B
20240503;100536;8087;10;10261589969;B
20240503;100536;8087.5;12;10261589970;B
20240503;100536;8087.5;2;10261589971;B
20240503;100536;8087.5;12;10261589972;B
20240503;100536;8088.5;15;10261589973;B
20240503;100536;8088.5;38;10261589974;B
20240503;100536;8089;1;10261589975;B
20240503;100536;8089;17;10261589976;B
20240503;100536;8089;40;10261589977;B
20240503;100536;8089.5;40;10261589978;B
20240503;100536;8090;5;10261589979;B
20240503;100536;8090;40;10261589980;B
20240503;100536;8090;22;10261589981;B
20240503;100536;8090.5;12;10261589982;B
20240503;100536;8090.5;5;10261589983;B
20240503;100536;8091;30;10261589984;B
20240503;100536;8091.5;35;10261589985;B
20240503;100536;8092;10;10261589986;B
20240503;100536;8092;300;10261589987;B
20240503;100536;8092;4;10261589988;B
20240503;100536;8092.5;57;10261589989;B
20240503;100540;8089.5;10;10261590566;S
20240503;100540;8090;1;10261590621;B
20240503;100542;8089.5;2;10261590761;S
20240503;100542;8089.5;8;10261590780;S
20240503;100542;8089.5;12;10261590781;S
20240503;100544;8087.5;30;10261591061;S
20240503;100544;8089;4;10261591063;B
20240503;100546;8089.5;2;10261591380;B
20240503;100548;8089;10;10261591820;B
20240503;100550;8089.5;6;10261592211;B
20240503;100554;8089;10;10261592896;B
20240503;100554;8089;1;10261592913;B
20240503;100554;8087.5;70;10261592920;S
20240503;100554;8087.5;10;10261592921;S
20240503;100554;8087;8;10261592922;S
20240503;100554;8087;2;10261592923;S
20240503;100554;8087;40;10261592924;S
20240503;100554;8086.5;5;10261592925;S
20240503;100554;8086.5;40;10261592926;S
20240503;100554;8086.5;22;10261592927;S
20240503;100554;8086;4;10261592928;S
20240503;100554;8086;40;10261592929;S
20240503;100554;8086;35;10261592930;S
20240503;100557;8086;10;10261593528;S
20240503;100557;8085.5;90;10261593529;S
20240503;100558;8086.5;1;10261593634;B
20240503;100602;8086;1;10261594339;S
20240503;100602;8086;1;10261594340;S
20240503;100602;8086;5;10261594341;S
20240503;100602;8086;4;10261594342;S
20240503;100602;8087;11;10261594375;B
20240503;100602;8087.5;11;10261594376;B
20240503;100602;8087.5;8;10261594377;B
20240503;100602;8087.5;19;10261594378;B
20240503;100602;8087.5;10;10261594379;B
20240503;100602;8088;26;10261594380;B
20240503;100602;8088.5;34;10261594381;B
20240503;100602;8089;28;10261594382;B
20240503;100602;8089;13;10261594383;B
20240503;100605;8088.5;2;10261594734;B
20240503;100605;8086.5;5;10261594870;S
20240503;100608;8088.5;7;10261595222;B
20240503;100608;8088.5;1;10261595255;B
20240503;100609;8088.5;6;10261595438;B
20240503;100612;8088.5;3;10261595999;B
20240503;100612;8088.5;8;10261596000;B
20240503;100612;8089;1;10261596001;B
20240503;100612;8089;8;10261596002;B
20240503;100614;8088.5;7;10261596287;S
20240503;100614;8088;13;10261596288;S
20240503;100614;8088;20;10261596293;S
20240503;100616;8088.5;2;10261596758;B
20240503;100616;8088;2;10261596761;S
20240503;100617;8088.5;1;10261596826;B
20240503;100618;8088;10;10261596998;S
20240503;100622;8088.5;9;10261597721;B
20240503;100622;8088.5;2;10261597722;B
20240503;100622;8089;6;10261597723;B
20240503;100622;8089.5;7;10261597724;B
20240503;100622;8090;12;10261597725;B
20240503;100622;8090;20;10261597726;B
20240503;100622;8090;1;10261597727;B
20240503;100622;8090;54;10261597728;B
20240503;100622;8090.5;8;10261597729;B
20240503;100622;8091;10;10261597730;B
20240503;100622;8091.5;29;10261597731;B
20240503;100623;8091.5;5;10261597883;B
20240503;100623;8091.5;5;10261597891;B
20240503;100624;8091.5;2;10261597964;B
20240503;100626;8091;10;10261598384;S
20240503;100627;8091.5;9;10261598664;B
20240503;100628;8090.5;8;10261598844;S
20240503;100629;8090.5;6;10261599061;S
20240503;100629;8090.5;5;10261599107;S
20240503;100632;8091.5;2;10261599668;B
20240503;100643;8091;50;10261601164;S
20240503;100643;8091;8;10261601165;S
20240503;100643;8091;50;10261601166;S
20240503;100643;8091;70;10261601167;S
20240503;100643;8091;22;10261601168;S
20240503;100643;8091;38;10261601169;S
20240503;100643;8090.5;39;10261601170;S
20240503;100643;8090.5;50;10261601171;S
20240503;100643;8090.5;203;10261601172;S
20240503;100643;8091;50;10261601180;S
20240503;100645;8091.5;2;10261601397;B
20240503;100645;8090.5;1;10261601469;S
20240503;100647;8090.5;5;10261601634;S
20240503;100649;8091;3;10261602071;S
20240503;100650;8091.5;10;10261602183;B
20240503;100650;8091.5;1;10261602184;B
20240503;100650;8091.5;1;10261602185;B
20240503;100650;8091.5;2;10261602186;B
20240503;100650;8091.5;10;10261602187;B
20240503;100650;8091.5;5;10261602188;B
20240503;100650;8091.5;1;10261602189;B
20240503;100651;8092;1;10261602296;B
20240503;100651;8092;1;10261602297;B
20240503;100651;8092;7;10261602298;B
20240503;100652;8092;1;10261602526;B
20240503;100652;8092;2;10261602527;B
20240503;100652;8092;10;10261602528;B
20240503;100652;8092;18;10261602529;B
20240503;100652;8092;19;10261602530;S
20240503;100652;8091.5;20;10261602531;S
20240503;100652;8091;8;10261602532;S
20240503;100652;8091;3;10261602533;S
20240503;100652;8092.5;1;10261602569;B
20240503;100652;8092.5;28;10261602570;B
20240503;100652;8092.5;6;10261602571;B
20240503;100652;8092.5;8;10261602572;B
20240503;100652;8092.5;7;10261602573;B
20240503;100652;8091;13;10261602574;S
20240503;100652;8091;6;10261602575;S
20240503;100652;8091;31;10261602576;S
20240503;100654;8091;19;10261602880;S
20240503;100654;8091;3;10261602881;S
20240503;100654;8091;28;10261602882;S
20240503;100654;8091;1;10261602919;S
20240503;100654;8090.5;29;10261602920;S
20240503;100656;8091.5;27;10261603205;B
20240503;100656;8091.5;23;10261603234;S
20240503;100656;8091;8;10261603235;S
20240503;100656;8091;1;10261603236;S
20240503;100656;8090.5;18;10261603237;S
20240503;100656;8092;10;10261603262;B
20240503;100656;8092;8;10261603263;B
20240503;100656;8092;2;10261603264;B
20240503;100658;8092;14;10261603529;B
20240503;100658;8092;1;10261603539;B
20240503;100700;8092;1;10261603681;B
20240503;100704;8092;5;10261604263;B
20240503;100704;8092.5;1;10261604264;B
20240503;100705;8092;5;10261604347;S
20240503;100707;8092.5;1;10261604639;B
20240503;100708;8092.5;2;10261604836;B
20240503;100709;8092.5;4;10261605024;B
20240503;100712;8092.5;2;10261605372;B
20240503;100715;8092.5;4;10261605649;B
20240503;100717;8092;1;10261606039;S
20240503;100720;8092.5;2;10261606263;B
20240503;100723;8092.5;8;10261606583;B
20240503;100723;8092.5;4;10261606584;B
20240503;100723;8093;79;10261606595;B
20240503;100723;8093;79;10261606671;B
20240503;100724;8093;75;10261606871;B
20240503;100725;8092.5;38;10261607061;S
20240503;100725;8092.5;7;10261607062;S
20240503;100725;8093;1;10261607063;B
20240503;100726;8093;2;10261607111;B
20240503;100729;8093;40;10261607533;B
20240503;100729;8093;5;10261607587;B
20240503;100729;8093;1;10261607597;B
20240503;100730;8093;1;10261607704;B
20240503;100730;8092.5;1;10261607771;S
20240503;100732;8093;2;10261607994;B
20240503;100733;8093;4;10261608101;B
20240503;100733;8093;3;10261608206;B
20240503;100735;8093;1;10261608439;B
20240503;100735;8093;1;10261608512;B
20240503;100739;8093;518;10261609085;B
20240503;100739;8093;6;10261609086;B
20240503;100739;8093;21;10261609087;B
20240503;100739;8093;3;10261609088;B
20240503;100739;8093;2;10261609089;B
20240503;100739;8093;5;10261609090;B
20240503;100742;8093;2;10261609465;B
20240503;100742;8093;1;10261609484;B
20240503;100742;8093;1;10261609494;B
20240503;100743;8093;2;10261609587;B
20240503;100743;8093;2;10261609604;B
20240503;100743;8092.5;1;10261609630;S
20240503;100743;8093;2;10261609631;B
20240503;100744;8093;2;10261609716;B
20240503;100744;8093;2;10261609742;B
20240503;100744;8093;1;10261609778;B
20240503;100746;8093;1;10261610055;B
20240503;100747;8093;2;10261610244;B
20240503;100748;8092.5;8;10261610367;S
20240503;100748;8092.5;7;10261610368;S
20240503;100749;8092.5;10;10261610527;S
20240503;100749;8093;60;10261610547;B
20240503;100750;8093;50;10261610577;B
20240503;100751;8093;1;10261610669;B
20240503;100751;8093;67;10261610677;B
20240503;100751;8093;29;10261610678;B
20240503;100751;8093;1;10261610679;B
20240503;100751;8093;2;10261610680;B
20240503;100751;8093;1;10261610681;B
20240503;100751;8093;1;10261610724;B
20240503;100751;8093;50;10261610725;B
20240503;100751;8092.5;30;10261610726;S
20240503;100751;8092.5;1;10261610727;S
20240503;100751;8092.5;19;10261610728;S
20240503;100752;8093;50;10261610804;B
20240503;100752;8093;5;10261610805;B
20240503;100752;8092.5;36;10261610807;S
20240503;100752;8092.5;14;10261610808;S
20240503;100752;8092.5;10;10261610858;S
20240503;100752;8092.5;14;10261610859;S
20240503;100753;8093;50;10261610932;B
20240503;100753;8092.5;24;10261610933;S
20240503;100753;8092.5;17;10261610934;S
20240503;100753;8092.5;5;10261610935;S
20240503;100753;8092.5;4;10261610936;S
20240503;100754;8093;1;10261611003;B
20240503;100754;8093;50;10261611004;B
20240503;100754;8092.5;6;10261611005;S
20240503;100754;8092.5;17;10261611006;S
20240503;100754;8092.5;27;10261611007;S
20240503;100754;8093;8;10261611087;B
20240503;100754;8093;1;10261611088;B
20240503;100755;8093;50;10261611218;B
20240503;100755;8092.5;15;10261611219;S
20240503;100755;8092.5;35;10261611220;S
20240503;100756;8093;50;10261611316;B
20240503;100756;8092.5;17;10261611317;S
20240503;100756;8092.5;33;10261611318;S
20240503;100757;8093;50;10261611456;B
20240503;100757;8092.5;38;10261611457;S
20240503;100757;8092.5;10;10261611458;S
20240503;100757;8092.5;2;10261611459;S
20240503;100758;8093;50;10261611554;B
20240503;100758;8092.5;15;10261611555;S
20240503;100758;8092.5;35;10261611556;S
20240503;100759;8092.5;8;10261611670;S
20240503;100759;8093;50;10261611688;B
20240503;100759;8092.5;50;10261611689;S
20240503;100800;8093;10;10261611777;B
20240503;100800;8092.5;50;10261611778;S
20240503;100800;8093;8;10261611823;B
20240503;100801;8093;17;10261611963;B
20240503;100801;8093;1;10261611964;B
20240503;100801;8093;32;10261611965;B
20240503;100801;8092.5;50;10261611967;S
20240503;100802;8093;50;10261612045;B
20240503;100802;8092.5;50;10261612046;S
20240503;100803;8093;50;10261612247;B
20240503;100803;8092.5;50;10261612248;S
20240503;100804;8093;50;10261612413;B
20240503;100804;8092.5;17;10261612414;S
20240503;100804;8092;2;10261612415;S
20240503;100804;8092;1;10261612416;S
20240503;100804;8092;30;10261612417;S
20240503;100804;8092.5;5;10261612517;S
20240503;100805;8093;50;10261612725;B
20240503;100805;8093;40;10261612726;B
20240503;100805;8092.5;12;10261612727;S
20240503;100805;8092.5;38;10261612728;S
20240503;100806;8093;50;10261612830;B
20240503;100806;8092.5;6;10261612831;S
20240503;100806;8092;20;10261612832;S
20240503;100806;8092;1;10261612833;S
20240503;100806;8092;9;10261612834;S
20240503;100806;8092;1;10261612835;S
20240503;100806;8091.5;3;10261612836;S
20240503;100806;8091.5;10;10261612837;S
20240503;100806;8092.5;10;10261612851;B
20240503;100806;8093;15;10261612852;B
20240503;100807;8093;50;10261613038;B
20240503;100807;8092;17;10261613040;S
20240503;100807;8091.5;33;10261613041;S
20240503;100808;8092.5;50;10261613203;B
20240503;100808;8091.5;17;10261613204;S
20240503;100808;8091.5;33;10261613205;S
20240503;100809;8091.5;38;10261613429;S
20240503;100809;8091.5;4;10261613430;S
20240503;100809;8091.5;8;10261613431;S
20240503;100809;8093;1;10261613569;B
20240503;100810;8091.5;10;10261613633;S
20240503;100811;8092.5;10;10261614069;B
20240503;100811;8092.5;40;10261614070;B
20240503;100812;8092.5;4;10261614151;B
20240503;100812;8092.5;6;10261614163;B
20240503;100812;8092.5;33;10261614164;B
20240503;100812;8092.5;10;10261614165;B
20240503;100812;8092.5;1;10261614166;S
20240503;100812;8092;10;10261614167;S
20240503;100812;8092;27;10261614168;S
20240503;100812;8091.5;1;10261614169;S
20240503;100812;8091.5;11;10261614170;S
20240503;100813;8091.5;50;10261614392;S
20240503;100814;8092.5;50;10261614557;B
20240503;100814;8091.5;50;10261614558;S
20240503;100814;8092.5;13;10261614565;B
20240503;100815;8092;10;10261614777;S
20240503;100815;8092;38;10261614778;S
20240503;100815;8092;2;10261614779;S
20240503;100817;8092;1;10261615071;S
20240503;100817;8092;9;10261615072;S
20240503;100818;8093;50;10261615198;B
20240503;100819;8093;50;10261615355;B
20240503;100819;8092.5;50;10261615359;S
20240503;100819;8093;1;10261615367;B
20240503;100820;8093;34;10261615437;B
20240503;100820;8093;16;10261615438;B
20240503;100820;8092.5;50;10261615439;S
20240503;100821;8093;10;10261615545;B
20240503;100821;8093;7;10261615620;B
20240503;100821;8093;10;10261615621;B
20240503;100821;8093;1;10261615622;B
20240503;100821;8093;3;10261615623;B
20240503;100821;8093;19;10261615624;B
20240503;100821;8092.5;50;10261615625;S
20240503;100821;8093;1;10261615665;B
20240503;100822;8093;50;10261615748;B
20240503;100822;8092.5;50;10261615749;S
20240503;100822;8093;484;10261615816;B
20240503;100822;8093;6;10261615817;B
20240503;100822;8093;10;10261615818;B
20240503;100823;8092.5;8;10261615892;S
20240503;100823;8093;50;10261615917;B
20240503;100823;8092.5;48;10261615918;S
20240503;100823;8092.5;2;10261615919;S
20240503;100823;8093;19;10261615938;B
20240503;100824;8093;50;10261615998;B
20240503;100824;8092.5;8;10261615999;S
20240503;100824;8092;38;10261616000;S
20240503;100825;8092;4;10261616156;B
20240503;100825;8092.5;1;10261616157;B
20240503;100825;8093;50;10261616163;B
20240503;100825;8092;17;10261616164;S
20240503;100826;8092;33;10261616308;B
20240503;100826;8092;17;10261616309;B
20240503;100827;8091.5;50;10261616595;S
20240503;100827;8091.5;10;10261616596;S
20240503;100827;8091.5;10;10261616597;S
20240503;100827;8091.5;13;10261616598;S
20240503;100827;8091;17;10261616599;S
20240503;100827;8092;2;10261616631;B
20240503;100827;8092;1;10261616632;B
20240503;100829;8092;1;10261617019;B
20240503;100830;8092;15;10261617089;B
20240503;100830;8092;2;10261617152;B
20240503;100831;8091.5;10;10261617215;S
20240503;100831;8091.5;9;10261617216;S
20240503;100831;8092.5;2;10261617252;B
20240503;100833;8092.5;1;10261617407;B
20240503;100834;8092;16;10261617624;S
20240503;100834;8092.5;35;10261617646;B
20240503;100836;8093;50;10261617891;B
20240503;100836;8092.5;15;10261617892;S
20240503;100836;8092.5;10;10261617893;S
20240503;100836;8092;25;10261617894;S
20240503;100836;8093;50;10261617919;B
20240503;100836;8092;21;10261617921;S
20240503;100836;8092;10;10261617922;S
20240503;100838;8092;16;10261618102;B
20240503;100838;8092;3;10261618104;B
20240503;100838;8093;50;10261618124;B
20240503;100838;8091.5;10;10261618129;S
20240503;100838;8091;3;10261618130;S
20240503;100838;8091;37;10261618131;S
20240503;100838;8093;50;10261618136;B
20240503;100838;8091;50;10261618137;S
20240503;100839;8091;1;10261618316;S
20240503;100840;8093;10;10261618404;B
20240503;100840;8091.5;2;10261618405;S
20240503;100840;8091.5;10;10261618406;S
20240503;100840;8091;23;10261618407;S
20240503;100840;8091;1;10261618408;S
20240503;100840;8091;1;10261618409;S
20240503;100840;8091;13;10261618410;S
20240503;100840;8092.5;50;10261618426;B
20240503;100840;8091;37;10261618428;S
20240503;100842;8091;1;10261618661;B
20240503;100842;8090.5;62;10261618686;S
20240503;100843;8091;1;10261618776;B
20240503;100847;8091;10;10261619514;B
20240503;100850;8091;5;10261620014;B
20240503;100850;8091;8;10261620073;B
20240503;100852;8091;13;10261620299;B
20240503;100852;8091;1;10261620300;B
20240503;100853;8091.5;46;10261620465;B
20240503;100856;8091.5;1;10261621095;B
20240503;100857;8091.5;1;10261621251;B
20240503;100858;8091;16;10261621369;S
20240503;100858;8091;24;10261621370;S
20240503;100859;8091;10;10261621385;S
20240503;100859;8091;3;10261621420;S
20240503;100900;8091;13;10261621637;S
20240503;100900;8090.5;37;10261621638;S
20240503;100905;8091;1;10261622211;B
20240503;100905;8091;1;10261622215;B
20240503;100907;8090.5;15;10261622484;S
20240503;100907;8091;17;10261622575;B
20240503;100910;8091;5;10261622891;B
20240503;100910;8091;2;10261622892;B
20240503;100910;8091;14;10261622893;B
20240503;100913;8091;2;10261623378;B
20240503;100915;8091;1;10261623553;B
20240503;100918;8090.5;137;10261623924;S
20240503;100918;8090.5;13;10261623925;S
20240503;100918;8090.5;10;10261623926;S
20240503;100918;8090.5;10;10261623927;S
20240503;100920;8091;6;10261624172;B
20240503;100922;8091;11;10261624386;B
20240503;100922;8091;22;10261624387;B
20240503;100922;8091;5;10261624388;B
20240503;100922;8091;10;10261624389;B
20240503;100922;8091.5;13;10261624390;B
20240503;100922;8091.5;1;10261624391;B
20240503;100922;8091.5;10;10261624392;B
20240503;100922;8091.5;38;10261624393;B
20240503;100922;8092;1;10261624394;B
20240503;100922;8092;7;10261624395;B
20240503;100924;8090.5;60;10261624984;S
20240503;100924;8090;2;10261624991;S
20240503;100924;8090;4;10261624992;S
20240503;100924;8090;1;10261624993;S
20240503;100924;8090;1;10261624994;S
20240503;100924;8090;3;10261624995;S
20240503;100924;8090;39;10261624996;S
20240503;100924;8090;3;10261625001;S
20240503;100924;8090;1;10261625002;S
20240503;100924;8090;9;10261625003;S
20240503;100924;8089;2;10261625131;S
20240503;100924;8089;48;10261625132;S
20240503;100931;8089.5;2;10261626089;B
20240503;100931;8089;3;10261626115;S
20240503;100931;8089;1;10261626116;S
20240503;100931;8089;1;10261626117;S
20240503;100931;8089;54;10261626118;S
20240503;100933;8089.5;36;10261626247;B
20240503;100933;8089.5;14;10261626248;B
20240503;100933;8089;1;10261626250;S
20240503;100933;8089;1;10261626251;S
20240503;100933;8088.5;3;10261626252;S
20240503;100933;8088.5;11;10261626253;S
20240503;100933;8088;34;10261626254;S
20240503;100934;8088.5;2;10261626420;B
20240503;100935;8088.5;48;10261626534;B
20240503;100935;8088.5;2;10261626535;B
20240503;100935;8088;20;10261626537;S
20240503;100935;8088;2;10261626538;S
20240503;100935;8088;1;10261626539;S
20240503;100935;8087.5;10;10261626568;B
20240503;100935;8087.5;27;10261626569;B
20240503;100935;8087.5;13;10261626570;B
20240503;100936;8087;1;10261626721;S
20240503;100936;8087;5;10261626722;S
20240503;100936;8087;1;10261626723;S
20240503;100936;8087;5;10261626724;S
20240503;100936;8086.5;1;10261626725;S
20240503;100936;8086;5;10261626770;S
20240503;100936;8086;2;10261626771;S
20240503;100936;8086;7;10261626772;S
20240503;100937;8085.5;41;10261626840;S
20240503;100937;8085.5;22;10261626863;S
20240503;100937;8085.5;4;10261626864;S
20240503;100937;8085.5;20;10261626865;S
20240503;100937;8085.5;5;10261626866;S
20240503;100937;8085.5;40;10261626867;S
20240503;100937;8085.5;1;10261626868;S
20240503;100937;8085.5;11;10261626869;S
20240503;100937;8085;24;10261626870;S
20240503;100941;8085;58;10261627496;S
20240503;100942;8085.5;1;10261627599;B
20240503;100942;8085.5;2;10261627600;B
20240503;100943;8085.5;1;10261627709;B
20240503;100943;8085.5;5;10261627747;B
20240503;100943;8085.5;1;10261627757;B
20240503;100944;8085;8;10261627788;S
20240503;100944;8085.5;4;10261627797;B
20240503;100944;8085.5;10;10261627830;B
20240503;100946;8085;3;10261627963;S
20240503;100946;8085;1;10261627964;S
20240503;100946;8085;1;10261627965;S
20240503;100946;8085;1;10261627966;S
20240503;100946;8085;5;10261627967;S
20240503;100946;8085;10;10261627968;S
20240503;100946;8085;40;10261627969;S
20240503;100947;8085.5;1;10261628064;B
20240503;100951;8085.5;11;10261628539;B
20240503;100951;8085.5;1;10261628540;B
20240503;100951;8085.5;2;10261628541;B
20240503;100951;8086;11;10261628542;B
20240503;100951;8086;5;10261628543;B
20240503;100952;8085.5;19;10261628922;S
20240503;100952;8086;46;10261628993;B
20240503;100955;8085.5;1;10261629433;S
20240503;100958;8086;2;10261629702;B
20240503;100959;8085.5;20;10261629828;S
20240503;100959;8085.5;10;10261629829;S
20240503;100959;8085.5;20;10261629830;S
20240503;101006;8086;1;10261630820;B
20240503;101007;8086.5;12;10261631056;B
20240503;101007;8086.5;8;10261631057;B
20240503;101007;8087;10;10261631058;B
20240503;101009;8087;10;10261631448;S
20240503;101009;8086.5;50;10261631449;S
20240503;101011;8088.5;10;10261631789;B
20240503;101011;8088.5;38;10261631790;B
20240503;101011;8088.5;2;10261631791;B
20240503;101013;8087.5;10;10261632025;S
20240503;101013;8087.5;12;10261632026;S
20240503;101013;8087;28;10261632027;S
20240503;101016;8088.5;3;10261632523;B
20240503;101018;8087;20;10261632702;S
20240503;101021;8087;10;10261633092;B
20240503;101021;8087;18;10261633093;B
20240503;101021;8087.5;11;10261633094;B
20240503;101021;8087.5;10;10261633095;B
20240503;101021;8088;22;10261633096;B
20240503;101021;8089;5;10261633097;B
20240503;101021;8089;8;10261633098;B
20240503;101021;8089;16;10261633099;B
20240503;101022;8087.5;1;10261633174;B
20240503;101023;8087.5;9;10261633243;B
20240503;101023;8088;38;10261633283;B
20240503;101023;8088;10;10261633284;B
20240503;101023;8088;2;10261633293;S
20240503;101023;8087.5;2;10261633294;S
20240503;101025;8088.5;11;10261633554;B
20240503;101025;8088.5;27;10261633555;B
20240503;101025;8088.5;10;10261633556;B
20240503;101025;8088.5;2;10261633558;S
20240503;101025;8087.5;48;10261633559;S
20240503;101025;8087.5;41;10261633592;S
20240503;101025;8087.5;9;10261633593;S
20240503;101027;8087.5;38;10261633952;B
20240503;101027;8087.5;11;10261633953;B
20240503;101027;8087.5;1;10261633954;B
20240503;101030;8088;2;10261634286;B
20240503;101031;8086.5;2;10261634378;S
20240503;101034;8087;3;10261634872;B
20240503;101034;8087.5;2;10261634873;B
20240503;101034;8088;1;10261634950;B
20240503;101035;8087;3;10261635006;S
20240503;101036;8087.5;10;10261635142;S
20240503;101036;8087;70;10261635143;S
20240503;101036;8086.5;3;10261635144;S
20240503;101036;8086.5;11;10261635145;S
20240503;101036;8086.5;1;10261635146;S
20240503;101036;8086;8;10261635147;S
20240503;101036;8086;8;10261635148;S
20240503;101036;8086;88;10261635149;S
20240503;101036;8086;101;10261635150;S
20240503;101036;8086.5;10;10261635159;S
20240503;101036;8086;40;10261635160;S
20240503;101036;8086.5;1;10261635205;B
20240503;101037;8086;33;10261635326;S
20240503;101040;8085.5;1;10261635863;S
20240503;101040;8085.5;5;10261635864;S
20240503;101040;8085.5;11;10261635865;S
20240503;101040;8085.5;10;10261635866;S
20240503;101040;8085;3;10261635867;S
20240503;101040;8085;12;10261635969;S
20240503;101042;8085;2;10261636192;S
20240503;101042;8085.5;1;10261636284;B
20240503;101044;8086.5;2;10261636477;B
20240503;101045;8085;5;10261636562;S
20240503;101047;8086.5;3;10261636707;B
20240503;101052;8086.5;6;10261637211;B
20240503;101052;8086.5;3;10261637222;B
20240503;101053;8086.5;13;10261637437;B
20240503;101053;8086.5;11;10261637438;B
20240503;101053;8086.5;1;10261637439;B
20240503;101053;8086.5;10;10261637440;B
20240503;101053;8086.5;15;10261637441;S
20240503;101053;8086.5;35;10261637442;S
20240503;101054;8086;36;10261637550;S
20240503;101054;8086;14;10261637551;S
20240503;101054;8086.5;5;10261637663;B
20240503;101055;8086.5;1;10261637688;B
20240503;101056;8086.5;4;10261637805;B
20240503;101056;8086.5;6;10261637806;B
20240503;101057;8086;36;10261637909;S
20240503;101057;8085.5;11;10261637910;S
20240503;101057;8085.5;3;10261637911;S
20240503;101058;8086;10;10261638106;B
20240503;101058;8086;15;10261638107;B
20240503;101100;8085.5;2;10261638643;S
20240503;101100;8085;47;10261638644;S
20240503;101100;8085;3;10261638645;S
20240503;101100;8085;10;10261638646;S
20240503;101100;8085;112;10261638647;S
20240503;101100;8085;5;10261638648;S
20240503;101100;8085;1;10261638649;S
20240503;101100;8085;2;10261638650;S
20240503;101100;8085;1;10261638651;S
20240503;101100;8085;5;10261638652;S
20240503;101100;8085;70;10261638653;S
20240503;101100;8084.5;11;10261638654;S
20240503;101100;8084;1;10261638655;S
20240503;101100;8084;3;10261638656;S
20240503;101100;8084;10;10261638657;S
20240503;101100;8084;5;10261638658;S
20240503;101100;8084;1;10261638659;S
20240503;101100;8084;1;10261638660;S
20240503;101100;8084;10;10261638661;S
20240503;101100;8084;30;10261638662;S
20240503;101100;8084;1;10261638663;S
20240503;101100;8084;9;10261638676;B
20240503;101101;8083.5;50;10261638744;S
20240503;101101;8083.5;7;10261638745;S
20240503;101101;8083.5;12;10261638746;S
20240503;101101;8083.5;1;10261638747;S
20240503;101101;8083;1;10261638748;S
20240503;101101;8083;10;10261638749;S
20240503;101101;8083;20;10261638750;S
20240503;101101;8083;70;10261638751;S
20240503;101101;8082.5;3;10261638753;S
20240503;101101;8082.5;20;10261638754;S
20240503;101101;8082.5;5;10261638755;S
20240503;101101;8082.5;79;10261638756;S
20240503;101101;8082;1;10261638758;S
20240503;101101;8082;49;10261638773;S
20240503;101101;8082;5;10261638774;S
20240503;101101;8081.5;53;10261638775;S
20240503;101101;8081.5;73;10261638776;S
20240503;101101;8081.5;12;10261638777;S
20240503;101101;8081;8;10261638778;S
20240503;101102;8081.5;22;10261638892;S
20240503;101102;8081.5;1;10261638893;S
20240503;101102;8081;20;10261638894;S
20240503;101102;8081;7;10261638895;S
20240503;101104;8081.5;10;10261639217;S
20240503;101104;8081.5;12;10261639218;S
20240503;101104;8081;8;10261639219;S
20240503;101104;8081;40;10261639220;S
20240503;101104;8081;30;10261639221;S
20240503;101106;8081;1;10261639587;S
20240503;101107;8081.5;10;10261639726;B
20240503;101108;8081.5;1;10261639883;B
20240503;101108;8081.5;1;10261639971;B
20240503;101113;8081;50;10261640551;S
20240503;101113;8081.5;6;10261640587;B
20240503;101114;8081.5;2;10261640661;B
20240503;101114;8081.5;8;10261640662;B
20240503;101114;8081;10;10261640703;S
20240503;101116;8081.5;18;10261641022;B
20240503;101117;8081.5;4;10261641119;B
20240503;101117;8081.5;1;10261641120;B
20240503;101117;8081.5;19;10261641121;B
20240503;101120;8081.5;6;10261641701;S
20240503;101121;8081.5;10;10261641786;S
20240503;101127;8081.5;10;10261642534;S
20240503;101128;8082;5;10261642772;B
20240503;101129;8082;2;10261642789;B
20240503;101131;8082;1;10261643061;B
20240503;101132;8082;10;10261643154;B
20240503;101133;8082;2;10261643320;B
20240503;101136;8082;1;10261643727;B
20240503;101137;8081.5;2;10261643945;S
20240503;101137;8081.5;1;10261643946;S
20240503;101138;8082;4;10261644072;B
20240503;101142;8082;1;10261644841;B
20240503;101144;8082;7;10261645060;B
20240503;101144;8082;1;10261645061;B
20240503;101144;8082;1;10261645062;B
20240503;101144;8082;1;10261645063;B
20240503;101145;8082.5;12;10261645241;B
20240503;101145;8082.5;38;10261645242;B
20240503;101147;8082;8;10261645486;S
20240503;101147;8082;22;10261645487;S
20240503;101147;8082;2;10261645488;S
20240503;101147;8082;18;10261645489;S
20240503;101147;8082;20;10261645502;S
20240503;101147;8082;10;10261645503;S
20240503;101147;8082;4;10261645504;S
20240503;101147;8082;16;10261645505;S
20240503;101147;8082.5;7;10261645542;B
20240503;101147;8082.5;4;10261645543;B
20240503;101147;8082.5;4;10261645551;S
20240503;101149;8083;34;10261645712;B
20240503;101149;8083;9;10261645713;B
20240503;101149;8083;7;10261645714;S
20240503;101149;8083;10;10261645715;S
20240503;101149;8083;12;10261645717;S
20240503;101149;8082.5;34;10261645718;S
20240503;101149;8082.5;4;10261645719;S
20240503;101149;8083.5;33;10261645738;B
20240503;101149;8083.5;7;10261645739;B
20240503;101149;8083;22;10261645740;S
20240503;101149;8083;10;10261645741;S
20240503;101149;8082.5;12;10261645742;S
20240503;101149;8082.5;6;10261645743;S
20240503;101149;8083.5;11;10261645795;B
20240503;101151;8083;1;10261645989;S
20240503;101151;8083;22;10261645990;S
20240503;101151;8083;10;10261645991;S
20240503;101151;8082.5;17;10261645992;S
20240503;101155;8083;10;10261646592;S
20240503;101155;8083;1;10261646659;S
20240503;101155;8083.5;1;10261646705;B
20240503;101157;8083;10;10261646944;S
20240503;101157;8083;10;10261646945;S
20240503;101158;8083;3;10261647065;S
20240503;101159;8083.5;1;10261647137;B
20240503;101159;8083.5;1;10261647203;B
20240503;101201;8083.5;1;10261647337;B
20240503;101201;8083.5;1;10261647338;B
20240503;101201;8083.5;9;10261647388;S
20240503;101205;8084;1;10261647963;B
20240503;101205;8084;1;10261648037;B
20240503;101206;8083.5;3;10261648058;S
20240503;101208;8084;1;10261648340;B
20240503;101212;8083.5;1;10261648773;S
20240503;101212;8084;1;10261648774;B
20240503;101215;8083.5;8;10261649074;S
20240503;101216;8084;1;10261649229;B
20240503;101217;8083.5;22;10261649298;S
20240503;101217;8083.5;1;10261649299;S
20240503;101217;8083;11;10261649300;S
20240503;101217;8083;10;10261649301;S
20240503;101217;8083;2;10261649302;S
20240503;101217;8083;1;10261649333;B
20240503;101217;8083;1;10261649352;B
20240503;101218;8082.5;1;10261649361;S
20240503;101218;8083;1;10261649404;B
20240503;101219;8082.5;25;10261649489;S
20240503;101219;8082.5;22;10261649490;S
20240503;101219;8082;42;10261649491;S
20240503;101219;8082;4;10261649492;S
20240503;101219;8082;2;10261649493;S
20240503;101219;8082;6;10261649494;S
20240503;101220;8082.5;1;10261649619;B
20240503;101220;8083;3;10261649626;B
20240503;101222;8082.5;1;10261649801;B
20240503;101228;8082.5;1;10261650458;B
20240503;101231;8082.5;1;10261650787;B
20240503;101231;8082.5;9;10261650804;B
20240503;101231;8082.5;4;10261650805;B
20240503;101232;8082.5;14;10261650920;B
20240503;101232;8083;21;10261650921;B
20240503;101239;8083;10;10261651810;B
20240503;101239;8083;7;10261651811;B
20240503;101239;8083;1;10261651812;B
20240503;101239;8083;1;10261651813;B
20240503;101239;8083;10;10261651814;B
20240503;101239;8083;2;10261651815;B
20240503;101241;8083;19;10261652094;S
20240503;101241;8083;11;10261652095;S
20240503;101241;8082.5;3;10261652096;S
20240503;101241;8082.5;17;10261652097;S
20240503;101241;8083.5;4;10261652130;B
20240503;101242;8083.5;2;10261652247;B
20240503;101242;8084;2;10261652248;B
20240503;101242;8084;26;10261652249;B
20240503;101244;8083;1;10261652421;S
20240503;101244;8083;22;10261652422;S
20240503;101244;8083;10;10261652423;S
20240503;101244;8082.5;3;10261652424;S
20240503;101244;8082.5;4;10261652425;S
20240503;101244;8082.5;1;10261652432;S
20240503;101244;8082.5;11;10261652433;S
20240503;101244;8082.5;22;10261652434;S
20240503;101244;8082;30;10261652435;S
20240503;101244;8082;2;10261652436;S
20240503;101244;8082;9;10261652437;S
20240503;101244;8083;5;10261652510;S
20240503;101244;8082;10;10261652511;S
20240503;101247;8082;12;10261652805;S
20240503;101247;8081.5;8;10261652806;S
20240503;101247;8081.5;8;10261652807;S
20240503;101247;8081.5;12;10261652808;S
20240503;101250;8082.5;4;10261653275;B
20240503;101252;8082.5;1;10261653601;B
20240503;101259;8082;1;10261654477;S
20240503;101259;8082.5;1;10261654490;B
20240503;101259;8082;1;10261654496;S
20240503;101259;8082.5;14;10261654501;B
20240503;101259;8082.5;1;10261654502;B
20240503;101259;8082.5;11;10261654503;B
20240503;101259;8083;12;10261654504;B
20240503;101259;8083;2;10261654505;B
20240503;101259;8083.5;27;10261654506;B
20240503;101259;8084;10;10261654507;B
20240503;101259;8084;1;10261654508;B
20240503;101259;8084.5;2;10261654509;B
20240503;101259;8084.5;8;10261654510;B
20240503;101259;8085.5;1;10261654511;B
20240503;101259;8085.5;37;10261654512;B
20240503;101259;8082.5;3;10261654551;S
20240503;101259;8082;1;10261654572;S
20240503;101259;8082;1;10261654641;S
20240503;101259;8082;37;10261654654;S
20240503;101259;8082;3;10261654655;S
20240503;101259;8082.5;9;10261654668;B
20240503;101259;8082;11;10261654669;B
20240503;101259;8082.5;50;10261654689;B
20240503;101259;8083;11;10261654690;B
20240503;101259;8083;10;10261654691;B
20240503;101259;8083;50;10261654692;B
20240503;101259;8083.5;13;10261654693;B
20240503;101259;8082;1;10261654736;S
20240503;101301;8083;1;10261654942;B
20240503;101305;8082.5;7;10261655475;S
20240503;101307;8083;1;10261655959;B
20240503;101311;8083;2;10261656503;B
20240503;101312;8082.5;4;10261656526;S
20240503;101315;8083;1;10261657324;B
20240503;101316;8083;1;10261657749;B
20240503;101318;8082.5;30;10261658119;S
20240503;101319;8083;1;10261658129;B
20240503;101321;8083;1;10261658426;B
20240503;101321;8082.5;10;10261658505;S
20240503;101321;8082.5;8;10261658506;S
20240503;101322;8083;3;10261658534;B
20240503;101323;8083;4;10261658668;B
20240503;101323;8083;1;10261658669;B
20240503;101323;8083;1;10261658670;B
20240503;101323;8083;15;10261658671;B
20240503;101324;8083;27;10261658693;S
20240503;101325;8083.5;3;10261658933;B
20240503;101325;8083.5;7;10261658940;B
20240503;101325;8083.5;21;10261658941;B
20240503;101326;8083.5;9;10261659001;S
20240503;101327;8083.5;13;10261659109;S
20240503;101327;8083;2;10261659110;S
20240503;101327;8082.5;35;10261659111;S
20240503;101329;8083;19;10261659301;S
20240503;101330;8084;10;10261659431;B
20240503;101330;8084;10;10261659432;B
20240503;101330;8084.5;8;10261659433;B
20240503;101330;8084.5;2;10261659434;B
20240503;101331;8084.5;10;10261659602;B
20240503;101331;8083.5;1;10261659648;S
20240503;101332;8083.5;9;10261659758;S
20240503;101332;8083;1;10261659759;S
20240503;101335;8084.5;1;10261660107;B
20240503;101337;8084.5;1;10261660307;B
20240503;101351;8084;1;10261661746;B
20240503;101354;8084;7;10261662141;B
20240503;101354;8084;1;10261662164;B
20240503;101354;8084;1;10261662167;B
20240503;101356;8083.5;38;10261662405;B
20240503;101356;8083.5;10;10261662406;B
20240503;101357;8083.5;2;10261662407;S
20240503;101357;8083;28;10261662408;S
20240503;101357;8083;20;10261662409;S
20240503;101357;8083.5;10;10261662454;B
20240503;101357;8083.5;40;10261662455;B
20240503;101357;8083;50;10261662456;S
20240503;101358;8083.5;5;10261662569;B
20240503;101358;8083.5;5;10261662643;B
20240503;101358;8083.5;38;10261662644;B
20240503;101358;8083.5;7;10261662645;B
20240503;101359;8083;30;10261662649;S
20240503;101359;8083;5;10261662650;S
20240503;101401;8082.5;10;10261662902;S
20240503;101401;8082.5;5;10261662903;S
20240503;101401;8082;50;10261662904;S
20240503;101401;8081.5;30;10261662931;S
20240503;101402;8082;1;10261663091;B
20240503;101404;8082;4;10261663372;B
20240503;101405;8081.5;8;10261663504;S
20240503;101405;8081.5;2;10261663505;S
20240503;101405;8081.5;12;10261663506;S
20240503;101405;8081.5;12;10261663563;S
20240503;101406;8081;9;10261663693;S
20240503;101406;8081;1;10261663694;S
20240503;101406;8081;3;10261663695;S
20240503;101406;8081;7;10261663696;S
20240503;101406;8081;5;10261663697;S
20240503;101406;8081;10;10261663698;S
20240503;101406;8081;5;10261663699;S
20240503;101406;8081;37;10261663700;S
20240503;101406;8081;10;10261663701;S
20240503;101406;8081;1;10261663702;S
20240503;101406;8080.5;6;10261663703;S
20240503;101406;8080.5;15;10261663704;S
20240503;101406;8080.5;69;10261663705;S
20240503;101406;8080.5;1;10261663706;S
20240503;101406;8080.5;1;10261663707;S
20240503;101406;8080.5;3;10261663708;S
20240503;101406;8080.5;3;10261663709;S
20240503;101406;8080.5;5;10261663710;S
20240503;101406;8080.5;10;10261663711;S
20240503;101407;8080.5;38;10261663840;B
20240503;101407;8080.5;12;10261663841;B
20240503;101408;8080.5;10;10261664171;S
20240503;101408;8080.5;11;10261664172;S
20240503;101408;8080;62;10261664173;S
20240503;101408;8080;5;10261664174;S
20240503;101408;8080;1;10261664175;S
20240503;101408;8080;1;10261664176;S
20240503;101408;8080;50;10261664177;S
20240503;101409;8081;10;10261664235;B
20240503;101409;8081;30;10261664236;B
20240503;101409;8080;45;10261664275;S
20240503;101409;8080;46;10261664276;S
20240503;101409;8080;2;10261664283;S
20240503;101409;8080.5;1;10261664307;B
20240503;101410;8080.5;37;10261664434;B
20240503;101410;8080.5;13;10261664435;B
20240503;101411;8080;50;10261664436;S
20240503;101411;8080.5;10;10261664437;B
20240503;101411;8080.5;25;10261664470;B
20240503;101411;8080.5;15;10261664471;S
20240503;101411;8080.5;35;10261664472;S
20240503;101413;8080.5;38;10261664641;B
20240503;101413;8080.5;2;10261664643;S
20240503;101413;8080.5;48;10261664644;S
20240503;101413;8080;50;10261664691;S
20240503;101414;8080;1;10261664891;S
20240503;101414;8080;1;10261664933;S
20240503;101414;8080.5;38;10261665026;B
20240503;101414;8080.5;12;10261665027;S
20240503;101414;8080;38;10261665028;S
20240503;101416;8080.5;1;10261665177;B
20240503;101416;8080.5;37;10261665266;B
20240503;101416;8080.5;13;10261665267;B
20240503;101417;8080;50;10261665268;S
20240503;101417;8080.5;34;10261665345;B
20240503;101417;8080.5;16;10261665346;B
20240503;101417;8080;50;10261665347;S
20240503;101417;8080.5;8;10261665401;B
20240503;101417;8080.5;17;10261665402;B
20240503;101417;8080.5;13;10261665403;B
20240503;101418;8080;117;10261665516;S
20240503;101418;8080;3;10261665517;S
20240503;101418;8080;15;10261665518;S
20240503;101418;8080;1;10261665519;S
20240503;101418;8080;2;10261665520;S
20240503;101418;8080;1;10261665521;S
20240503;101418;8080;1;10261665522;S
20240503;101418;8080;1;10261665523;S
20240503;101418;8080;6;10261665524;S
20240503;101418;8080;30;10261665525;S
20240503;101418;8080;8;10261665526;S
20240503;101418;8080;78;10261665527;S
20240503;101418;8080;6;10261665528;S
20240503;101418;8080;1;10261665529;S
20240503;101418;8080;10;10261665530;S
20240503;101418;8080;6;10261665531;S
20240503;101418;8080;1;10261665532;S
20240503;101418;8080;1;10261665533;S
20240503;101418;8080;20;10261665534;S
20240503;101418;8080;20;10261665535;S
20240503;101418;8080;97;10261665536;S
20240503;101418;8080;1;10261665537;S
20240503;101418;8080;500;10261665538;S
20240503;101418;8080;21;10261665539;S
20240503;101418;8080;2;10261665540;S
20240503;101418;8080;31;10261665541;S
20240503;101418;8080;1;10261665542;S
20240503;101418;8080;2;10261665543;S
20240503;101418;8080;2;10261665544;S
20240503;101418;8080;15;10261665545;S
20240503;101418;8080;1;10261665546;S
20240503;101418;8080;1;10261665547;S
20240503;101418;8080;1;10261665548;S
20240503;101418;8080;2;10261665549;S
20240503;101418;8080;1;10261665550;S
20240503;101418;8080;10;10261665551;S
20240503;101418;8079;4;10261665553;S
20240503;101418;8079;4;10261665554;S
20240503;101418;8079;1;10261665555;S
20240503;101418;8079;4;10261665556;S
20240503;101418;8079;1;10261665557;S
20240503;101418;8078.5;1;10261665558;S
20240503;101418;8078;1;10261665559;S
20240503;101418;8077.5;7;10261665560;S
20240503;101418;8077.5;1;10261665561;S
20240503;101418;8077.5;10;10261665562;S
20240503;101418;8077;1;10261665564;S
20240503;101418;8077;1;10261665565;S
20240503;101418;8077;1;10261665566;S
20240503;101418;8077;2;10261665567;S
20240503;101418;8076.5;1;10261665575;S
20240503;101418;8076;2;10261665576;S
20240503;101418;8076;1;10261665619;S
20240503;101418;8076;1;10261665623;S
20240503;101418;8076.5;1;10261665632;B
20240503;101420;8077.5;10;10261665753;B
20240503;101420;8077.5;17;10261665754;B
20240503;101421;8077.5;23;10261665836;S
20240503;101421;8077;15;10261665837;S
20240503;101421;8076.5;62;10261665838;S
20240503;101421;8076;21;10261665857;S
20240503;101421;8076;4;10261665858;S
20240503;101421;8076;25;10261665859;S
20240503;101421;8076;1;10261665898;S
20240503;101423;8077;1;10261666297;B
20240503;101424;8076;3;10261666395;S
20240503;101424;8076;1;10261666396;S
20240503;101424;8076;20;10261666397;S
20240503;101424;8075.5;4;10261666398;S
20240503;101424;8075.5;11;10261666432;S
20240503;101424;8075.5;9;10261666433;S
20240503;101425;8075.5;1;10261666600;S
20240503;101428;8076.5;1;10261666893;B
20240503;101429;8076.5;5;10261667015;B
20240503;101431;8076.5;20;10261667282;B
20240503;101432;8076.5;19;10261667314;B
20240503;101432;8076.5;17;10261667315;B
20240503;101432;8077;15;10261667316;B
20240503;101432;8077;9;10261667317;B
20240503;101432;8076;15;10261667342;S
20240503;101432;8076;1;10261667394;B
20240503;101433;8076;10;10261667549;B
20240503;101435;8075.5;1;10261667929;S
20240503;101436;8076;2;10261668055;B
20240503;101440;8075.5;68;10261668583;S
20240503;101440;8075.5;1;10261668584;S
20240503;101440;8075.5;10;10261668585;S
20240503;101440;8075.5;1;10261668586;S
20240503;101440;8075;6;10261668587;S
20240503;101440;8075;50;10261668588;S
20240503;101440;8075;5;10261668589;S
20240503;101440;8075;1;10261668590;S
20240503;101440;8075;1;10261668591;S
20240503;101440;8075;49;10261668592;S
20240503;101440;8075;6;10261668593;S
20240503;101440;8075;10;10261668594;S
20240503;101440;8075;1;10261668595;S
20240503;101440;8075;1;10261668596;S
20240503;101440;8075;5;10261668597;S
20240503;101440;8075;4;10261668598;S
20240503;101440;8075;86;10261668599;S
20240503;101440;8075;15;10261668600;S
20240503;101440;8075;15;10261668601;S
20240503;101440;8075;24;10261668602;S
20240503;101440;8075;280;10261668603;S
20240503;101440;8075;13;10261668604;S
20240503;101440;8075;1;10261668605;S
20240503;101440;8075;1;10261668606;S
20240503;101440;8075;1;10261668607;S
20240503;101440;8075;165;10261668608;S
20240503;101440;8075.5;14;10261668609;B
20240503;101440;8074;1;10261668610;S
20240503;101440;8074;1;10261668613;S
20240503;101440;8074.5;50;10261668686;B
20240503;101441;8074;12;10261668751;S
20240503;101441;8073.5;5;10261668752;S
20240503;101441;8073;1;10261668753;S
20240503;101441;8073;15;10261668754;S
20240503;101441;8073;70;10261668755;S
20240503;101441;8072.5;1;10261668756;S
20240503;101441;8072.5;10;10261668757;S
20240503;101441;8072.5;66;10261668758;S
20240503;101441;8072;1;10261668792;S
20240503;101441;8072;1;10261668793;S
20240503;101441;8072;1;10261668794;S
20240503;101441;8072;1;10261668795;S
20240503;101441;8071.5;60;10261668796;S
20240503;101441;8071.5;14;10261668797;S
20240503;101441;8071;10;10261668798;S
20240503;101441;8071;244;10261668799;S
20240503;101441;8071;3;10261668800;S
20240503;101441;8071;1;10261668801;S
20240503;101441;8071;10;10261668802;S
20240503;101441;8071;200;10261668803;S
20240503;101441;8071;27;10261668804;S
20240503;101441;8070.5;100;10261668805;S
20240503;101441;8070.5;1;10261668806;S
20240503;101441;8070.5;1;10261668807;S
20240503;101441;8070;5;10261668808;S
20240503;101441;8070;2;10261668809;S
20240503;101441;8070;2;10261668810;S
20240503;101441;8070;10;10261668811;S
20240503;101441;8070;1;10261668812;S
20240503;101441;8070;8;10261668813;S
20240503;101441;8070;8;10261668814;S
20240503;101441;8070;4;10261668815;S
20240503;101441;8070;1;10261668816;S
20240503;101441;8070;3;10261668817;S
20240503;101441;8070;10;10261668818;S
20240503;101441;8070;300;10261668819;S
20240503;101441;8069.5;2;10261668820;S
20240503;101441;8069.5;58;10261668821;S
20240503;101441;8069.5;1;10261668822;S
20240503;101441;8069.5;70;10261668823;S
20240503;101441;8069;12;10261668824;S
20240503;101441;8068.5;1;10261668825;S
20240503;101441;8068;5;10261668826;S
20240503;101441;8068;12;10261668827;S
20240503;101441;8068;40;10261668828;S
20240503;101441;8067.5;250;10261668829;S
20240503;101441;8067.5;1;10261668830;S
20240503;101441;8067.5;40;10261668831;S
20240503;101441;8067.5;30;10261668832;S
20240503;101441;8067;50;10261668833;S
20240503;101441;8067;1;10261668834;S
20240503;101441;8067;20;10261668835;S
20240503;101441;8067;1;10261668836;S
20240503;101441;8067;5;10261668837;S
20240503;101441;8067;9;10261668838;S
20240503;101441;8068;4;10261668845;S
20240503;101441;8069.5;1;10261668854;B
20240503;101442;8069.5;5;10261668864;B
20240503;101442;8068.5;30;10261668901;S
20240503;101442;8070;1;10261668921;B
20240503;101442;8070;9;10261668922;B
20240503;101443;8070.5;5;10261669145;B
20240503;101444;8070.5;2;10261669157;B
20240503;101444;8070.5;3;10261669183;B
20240503;101444;8070.5;2;10261669184;B
20240503;101444;8070;1;10261669187;S
20240503;101445;8070;9;10261669252;S
20240503;101445;8070;1;10261669253;S
20240503;101445;8069.5;14;10261669254;S
20240503;101445;8068;10;10261669281;S
20240503;101447;8067;50;10261669794;S
20240503;101447;8067;5;10261669795;S
20240503;101447;8066.5;1;10261669868;S
20240503;101447;8066.5;2;10261669870;S
20240503;101447;8067;30;10261669895;B
20240503;101447;8067.5;1;10261669897;B
20240503;101447;8067;1;10261669955;S
20240503;101448;8067.5;16;10261670039;B
20240503;101448;8068;14;10261670040;B
20240503;101448;8068.5;32;10261670041;B
20240503;101448;8068.5;40;10261670042;B
20240503;101448;8068.5;10;10261670043;B
20240503;101448;8069;38;10261670044;B
20240503;101448;8069;1;10261670252;B
20240503;101448;8068;10;10261670387;S
20240503;101448;8068;17;10261670388;S
20240503;101448;8068;21;10261670389;S
20240503;101448;8067.5;43;10261670390;S
20240503;101449;8069;1;10261670402;B
20240503;101450;8067.5;7;10261670674;S
20240503;101450;8067.5;14;10261670675;S
20240503;101450;8067.5;10;10261670676;S
20240503;101450;8067;17;10261670677;S
20240503;101450;8067;2;10261670678;S
20240503;101451;8068.5;1;10261670680;B
20240503;101453;8068.5;1;10261671014;B
20240503;101453;8068.5;4;10261671027;B
20240503;101453;8068.5;1;10261671028;B
20240503;101454;8068;10;10261671170;B
20240503;101454;8068;10;10261671171;B
20240503;101455;8066.5;1;10261671173;S
20240503;101455;8066.5;49;10261671174;S
20240503;101456;8066.5;5;10261671302;S
20240503;101456;8066.5;1;10261671351;B
20240503;101459;8066;1;10261671674;S
20240503;101459;8066;1;10261671679;S
20240503;101459;8066;5;10261671680;S
20240503;101459;8066;1;10261671681;S
20240503;101459;8065.5;15;10261671682;S
20240503;101459;8065.5;2;10261671683;S
20240503;101459;8065;6;10261671692;S
20240503;101500;8066.5;4;10261671924;B
20240503;101501;8066.5;25;10261672202;B
20240503;101501;8066;1;10261672212;S
20240503;101501;8066.5;1;10261672223;B
20240503;101503;8066;5;10261672680;S
20240503;101503;8066;4;10261672681;S
20240503;101503;8065.5;3;10261672682;S
20240503;101503;8065;9;10261672683;S
20240503;101503;8065;50;10261672684;S
20240503;101503;8065;1;10261672685;S
20240503;101503;8065;5;10261672686;S
20240503;101503;8065;1;10261672687;S
20240503;101503;8065;3;10261672688;S
20240503;101503;8065;1;10261672689;S
20240503;101503;8065;8;10261672690;S
20240503;101503;8065.5;2;10261672764;B
20240503;101504;8065.5;3;10261672966;B
20240503;101505;8065.5;1;10261673336;B
20240503;101506;8066;5;10261673402;B
20240503;101506;8066;3;10261673493;B
20240503;101506;8066;25;10261673494;B
20240503;101506;8066;2;10261673495;B
20240503;101507;8065.5;1;10261673587;S
20240503;101508;8065.5;6;10261673863;S
20240503;101509;8066.5;25;10261673994;B
20240503;101509;8066.5;17;10261673995;B
20240503;101509;8066.5;8;10261673996;B
20240503;101511;8066;1;10261674328;S
20240503;101512;8066.5;1;10261674485;B
20240503;101512;8066;1;10261674662;S
20240503;101514;8066;1;10261675145;S
20240503;101514;8066.5;11;10261675157;B
20240503;101515;8066;1;10261675365;S
20240503;101515;8066;2;10261675387;S
20240503;101515;8066.5;1;10261675398;B
20240503;101516;8066;1;10261675594;S
20240503;101516;8066;1;10261675595;S
20240503;101516;8066;20;10261675596;S
20240503;101516;8066;10;10261675597;S
20240503;101516;8066;10;10261675598;S
20240503;101516;8066;13;10261675599;S
20240503;101516;8065.5;44;10261675600;S
20240503;101516;8065.5;1;10261675601;S
20240503;101516;8066.5;21;10261675643;B
20240503;101516;8066.5;30;10261675740;S
20240503;101517;8066.5;5;10261675907;S
20240503;101518;8066.5;5;10261676079;S
20240503;101518;8066;1;10261676080;S
20240503;101518;8065.5;4;10261676081;S
20240503;101518;8065.5;1;10261676082;S
20240503;101518;8065.5;9;10261676083;S
20240503;101519;8066;1;10261676178;B
20240503;101519;8066;49;10261676340;B
20240503;101519;8066;1;10261676341;B
20240503;101521;8066.5;2;10261676925;B
20240503;101521;8065.5;1;10261676997;S
20240503;101521;8065;19;10261676998;S
20240503;101522;8065;14;10261677155;S
20240503;101523;8065.5;12;10261677313;B
20240503;101525;8065.5;65;10261677929;S
20240503;101526;8066;1;10261678062;B
20240503;101526;8066;1;10261678130;B
20240503;101527;8066;1;10261678225;B
20240503;101527;8065.5;7;10261678240;S
20240503;101528;8066;1;10261678452;B
20240503;101528;8065.5;1;10261678625;S
20240503;101529;8066;2;10261679137;B
20240503;101531;8065.5;1;10261679620;S
20240503;101532;8066;2;10261679916;B
20240503;101533;8065.5;5;10261680065;S
20240503;101533;8066;15;10261680074;B
20240503;101533;8066;5;10261680075;B
20240503;101533;8066;17;10261680076;B
20240503;101533;8066;10;10261680077;B
20240503;101533;8066.5;20;10261680078;B
20240503;101533;8066.5;5;10261680079;B
20240503;101533;8066.5;13;10261680080;B
20240503;101533;8066.5;10;10261680081;B
20240503;101533;8067;5;10261680082;B
20240503;101533;8065.5;10;10261680141;S
20240503;101535;8066;1;10261680585;S
20240503;101535;8066;8;10261680586;S
20240503;101541;8065.5;22;10261681950;S
20240503;101541;8065.5;5;10261681951;S
20240503;101541;8065.5;3;10261681952;S
20240503;101541;8065.5;8;10261681953;S
20240503;101541;8065;51;10261681954;S
20240503;101541;8065;8;10261682018;S
20240503;101541;8065;10;10261682019;S
20240503;101541;8065;5;10261682020;S
20240503;101541;8065;1;10261682021;S
20240503;101541;8065;12;10261682022;S
20240503;101541;8065;2;10261682023;S
20240503;101541;8065;1;10261682024;S
20240503;101541;8065;20;10261682025;S
20240503;101541;8065;2;10261682026;S
20240503;101541;8065;4;10261682027;S
20240503;101541;8065;4;10261682028;S
20240503;101542;8065.5;1;10261682096;B
20240503;101542;8064.5;4;10261682175;S
20240503;101543;8064.5;9;10261682397;S
20240503;101543;8064.5;1;10261682398;S
20240503;101543;8064.5;9;10261682399;S
20240503;101545;8065;5;10261682738;S
20240503;101546;8065;5;10261682895;B
20240503;101546;8064.5;1;10261683018;S
20240503;101548;8064.5;40;10261683337;S
20240503;101548;8064.5;20;10261683338;S
20240503;101548;8064.5;12;10261683339;S
20240503;101548;8064.5;27;10261683340;S
20240503;101548;8064.5;10;10261683341;S
20240503;101548;8064.5;13;10261683342;S
20240503;101548;8064;1;10261683343;S
20240503;101548;8064;5;10261683344;S
20240503;101548;8064;1;10261683345;S
20240503;101548;8064;5;10261683346;S
20240503;101548;8065;1;10261683364;B
20240503;101548;8064.5;13;10261683455;B
20240503;101548;8064.5;10;10261683456;B
20240503;101548;8065;12;10261683457;B
20240503;101548;8065;1;10261683458;B
20240503;101548;8065;50;10261683459;B
20240503;101548;8065.5;25;10261683460;B
20240503;101549;8064;1;10261683738;S
20240503;101549;8064;1;10261683739;S
20240503;101549;8064;70;10261683740;S
20240503;101549;8064;3;10261683741;S
20240503;101549;8064;30;10261683742;S
20240503;101549;8063.5;2;10261683743;S
20240503;101549;8063;2;10261683779;S
20240503;101551;8063;138;10261684087;S
20240503;101551;8063;2;10261684088;S
20240503;101551;8062.5;10;10261684090;S
20240503;101551;8062.5;1;10261684091;S
20240503;101551;8062;1;10261684110;S
20240503;101551;8062;1;10261684111;S
20240503;101551;8062;29;10261684112;S
20240503;101551;8062;50;10261684154;S
20240503;101551;8062;1;10261684158;S
20240503;101551;8062;20;10261684192;S
20240503;101551;8062;30;10261684193;S
20240503;101551;8062.5;50;10261684202;B
20240503;101551;8062;20;10261684203;S
20240503;101551;8062;1;10261684204;S
20240503;101551;8062;2;10261684205;S
20240503;101551;8061.5;1;10261684289;S
20240503;101552;8061.5;1;10261684574;S
20240503;101553;8061.5;28;10261684671;S
20240503;101553;8061.5;22;10261684672;S
20240503;101554;8062;1;10261684845;B
20240503;101556;8062;1;10261685239;B
20240503;101557;8061.5;28;10261685330;S
20240503;101557;8061.5;2;10261685331;S
20240503;101557;8061;1;10261685338;S
20240503;101557;8061;5;10261685451;S
20240503;101557;8061;4;10261685452;S
20240503;101557;8061;2;10261685453;S
20240503;101557;8061;1;10261685454;S
20240503;101557;8061;2;10261685455;S
20240503;101557;8061;1;10261685456;S
20240503;101557;8061;5;10261685457;S
20240503;101557;8060.5;10;10261685458;S
20240503;101558;8061;3;10261685612;B
20240503;101558;8060.5;1;10261685736;S
20240503;101558;8060.5;5;10261685737;S
20240503;101558;8060.5;5;10261685738;S
20240503;101558;8060.5;5;10261685739;S
20240503;101558;8060.5;1;10261685740;S
20240503;101558;8060.5;1;10261685741;S
20240503;101558;8060;1;10261685742;S
20240503;101558;8060;11;10261685743;S
20240503;101558;8060;1;10261685744;S
20240503;101558;8060;3;10261685745;S
20240503;101558;8060;6;10261685746;S
20240503;101558;8060;2;10261685747;S
20240503;101558;8060;1;10261685748;S
20240503;101558;8060;37;10261685749;S
20240503;101559;8060.5;1;10261685809;B
20240503;101559;8060;50;10261685839;S
20240503;101559;8060;10;10261685844;S
20240503;101559;8060;100;10261685893;S
20240503;101600;8060;2;10261685983;S
20240503;101600;8061;2;10261686182;B
20240503;101601;8060;10;10261686291;S
20240503;101602;8060;43;10261686511;S
20240503;101603;8060;9;10261686809;S
20240503;101603;8060;5;10261686840;S
20240503;101604;8060.5;17;10261686919;B
20240503;101604;8060.5;10;10261686920;B
20240503;101604;8060.5;50;10261686921;B
20240503;101604;8061;11;10261686922;B
20240503;101604;8061;50;10261686923;B
20240503;101604;8061;26;10261686924;B
20240503;101605;8061.5;30;10261687301;B
20240503;101605;8061;8;10261687343;S
20240503;101606;8061;19;10261687673;S
20240503;101607;8061;10;10261687803;S
20240503;101607;8061;21;10261687833;S
20240503;101607;8060.5;13;10261687834;S
20240503;101607;8060;16;10261687835;S
20240503;101607;8060;19;10261687957;S
20240503;101608;8060.5;1;10261688502;B
20240503;101611;8060;48;10261689250;S
20240503;101613;8060;100;10261689752;S
20240503;101613;8060.5;10;10261689763;B
20240503;101613;8060.5;28;10261689764;B
20240503;101613;8060.5;50;10261689765;B
20240503;101614;8061;2;10261690090;B
20240503;101616;8061;1;10261690403;B
20240503;101616;8060.5;130;10261690533;S
20240503;101617;8060.5;20;10261690643;S
20240503;101617;8060.5;1;10261690655;S
20240503;101621;8061;1;10261691732;B
20240503;101621;8060.5;57;10261691844;S
20240503;101623;8060.5;3;10261692182;S
20240503;101625;8061;1;10261692528;B
20240503;101625;8060.5;1;10261692559;S
20240503;101626;8060.5;60;10261692680;S
20240503;101628;8060.5;11;10261693025;S
20240503;101628;8061;1;10261693183;B
20240503;101630;8061;1;10261693534;B
20240503;101631;8060.5;61;10261693706;S
20240503;101631;8060.5;1;10261693767;S
20240503;101631;8061;9;10261693907;B
20240503;101633;8061;20;10261694161;B
20240503;101633;8061;1;10261694343;B
20240503;101634;8061;2;10261694385;B
20240503;101634;8061;2;10261694386;B
20240503;101636;8061.5;1;10261694834;B
20240503;101638;8061;1;10261695519;S
20240503;101640;8061;5;10261695822;S
20240503;101641;8061.5;2;10261696126;B
20240503;101641;8061;7;10261696191;S
20240503;101641;8061;12;10261696192;S
20240503;101641;8061;27;10261696193;S
20240503;101641;8061;11;10261696194;S
20240503;101644;8061.5;10;10261696960;B
20240503;101644;8061.5;14;10261696961;B
20240503;101644;8061.5;1;10261697030;S
20240503;101645;8061.5;1;10261697073;S
20240503;101646;8062;10;10261697235;B
20240503;101646;8061.5;44;10261697316;S
20240503;101651;8061.5;41;10261698669;S
20240503;101651;8061.5;6;10261698670;S
20240503;101652;8062;1;10261698995;B
20240503;101653;8062;7;10261699019;B
20240503;101653;8062;1;10261699020;B
20240503;101653;8062;2;10261699021;B
20240503;101654;8061.5;1;10261699302;S
20240503;101654;8062;1;10261699391;B
20240503;101656;8062;16;10261699645;B
20240503;101656;8062;2;10261699646;B
20240503;101656;8062;12;10261699647;B
20240503;101657;8062;1;10261699931;S
20240503;101659;8062.5;1;10261700208;B
20240503;101700;8062.5;1;10261700423;B
20240503;101700;8062.5;2;10261700490;B
20240503;101700;8062.5;2;10261700491;B
20240503;101701;8063;1;10261700684;B
20240503;101701;8063;1;10261700728;B
20240503;101703;8062.5;10;10261701060;S
20240503;101703;8062.5;3;10261701061;S
20240503;101703;8062.5;9;10261701088;S
20240503;101703;8062.5;14;10261701089;S
20240503;101703;8062.5;27;10261701090;S
20240503;101707;8063;5;10261701884;B
20240503;101707;8063;7;10261701885;B
20240503;101708;8063;1;10261701988;B
20240503;101708;8064;1;10261701989;B
20240503;101708;8065;14;10261701990;B
20240503;101708;8065;5;10261701991;S
20240503;101709;8064.5;1;10261702212;S
20240503;101711;8064;1;10261702608;S
20240503;101713;8065.5;5;10261703142;B
20240503;101713;8063.5;2;10261703180;S
20240503;101713;8065.5;5;10261703216;B
20240503;101713;8065.5;1;10261703217;B
20240503;101715;8065;1;10261703459;B
20240503;101717;8063.5;9;10261704163;S
20240503;101718;8064;2;10261704289;B
20240503;101719;8064;8;10261704486;B
20240503;101719;8064.5;14;10261704487;B
20240503;101719;8064.5;1;10261704488;B
20240503;101719;8065;50;10261704489;B
20240503;101719;8065;3;10261704490;B
20240503;101719;8065;15;10261704491;B
20240503;101720;8065;3;10261704667;S
20240503;101721;8065.5;2;10261704915;B
20240503;101722;8065;1;10261705047;S
20240503;101722;8065;1;10261705160;S
20240503;101722;8065;4;10261705172;S
