<DATE>;<TIME>;<LAST>;<VOL>;<ID>;<OPER>
20240306;095956;7499.5;5;9772144932;S
20240306;095956;7499.5;5;9772144933;B
20240306;095956;7499.5;15;9772144934;B
20240306;095956;7499.5;2;9772144935;B
20240306;095956;7499.5;3;9772144936;B
20240306;095956;7499.5;15;9772144937;B
20240306;095956;7499.5;2;9772144938;B
20240306;095956;7499.5;1;9772144939;S
20240306;095956;7499.5;192;9772144940;S
20240306;095956;7499.5;1;9772144941;S
20240306;095956;7499.5;1;9772144942;B
20240306;095956;7499.5;1;9772144943;B
20240306;095956;7499.5;20;9772144944;B
20240306;095956;7499.5;3;9772144945;B
20240306;095956;7499.5;1;9772144946;B
20240306;095956;7499.5;35;9772144947;B
20240306;095956;7499.5;14;9772144948;B
20240306;095956;7499.5;1;9772144949;B
20240306;095956;7499.5;3;9772144950;B
20240306;095956;7499.5;3;9772144951;B
20240306;095956;7499.5;25;9772144952;B
20240306;095956;7499.5;17;9772144953;B
20240306;095956;7499.5;1;9772144954;B
20240306;095956;7499.5;9;9772144955;S
20240306;095956;7499.5;5;9772144956;S
20240306;095956;7499.5;12;9772144957;S
20240306;095956;7499.5;2;9772144958;S
20240306;095956;7499.5;12;9772144959;B
20240306;095956;7499.5;8;9772144960;S
20240306;095956;7499.5;11;9772144961;B
20240306;095956;7499.5;2;9772144962;B
20240306;095956;7499.5;3;9772144963;B
20240306;095956;7499.5;3;9772144964;B
20240306;095956;7499.5;1;9772144965;B
20240306;095956;7499.5;7;9772144966;B
20240306;095956;7499.5;1;9772144967;B
20240306;095956;7499.5;10;9772144968;S
20240306;095956;7499.5;2;9772144969;S
20240306;095956;7499.5;2;9772144970;B
20240306;095956;7499.5;3;9772144971;S
20240306;095956;7499.5;3;9772144972;S
20240306;095956;7499.5;5;9772144973;S
20240306;095956;7499.5;2;9772144974;S
20240306;095956;7499.5;1;9772144975;S
20240306;095956;7499.5;12;9772144976;S
20240306;095956;7499.5;1;9772144977;S
20240306;095956;7499.5;8;9772144978;S
20240306;095956;7499.5;3;9772144979;S
20240306;095956;7499.5;7;9772144980;S
20240306;095956;7499.5;1;9772144981;S
20240306;095956;7499.5;14;9772144982;S
20240306;095956;7499.5;5;9772144983;B
20240306;095956;7499.5;2;9772144984;B
20240306;095956;7499.5;1;9772144985;B
20240306;095956;7499.5;2;9772144986;S
20240306;095956;7499.5;3;9772144987;B
20240306;095956;7499.5;4;9772144988;B
20240306;095956;7499.5;10;9772144989;B
20240306;095956;7499.5;6;9772144990;B
20240306;095956;7499.5;2;9772144991;B
20240306;095956;7499.5;2;9772144992;S
20240306;095956;7499.5;1;9772144993;B
20240306;095956;7499.5;1;9772144994;B
20240306;095956;7499.5;3;9772144995;B
20240306;095956;7499.5;37;9772144996;B
20240306;095956;7499.5;7;9772144997;B
20240306;095956;7499.5;6;9772144998;B
20240306;095956;7499.5;15;9772144999;B
20240306;095956;7499.5;1;9772145000;B
20240306;095956;7499.5;1;9772145001;B
20240306;095956;7499.5;1;9772145002;B
20240306;095956;7499.5;10;9772145003;B
20240306;095956;7499.5;13;9772145004;B
20240306;095956;7499.5;100;9772145005;S
20240306;095956;7499.5;27;9772145006;S
20240306;095956;7499.5;4;9772145007;S
20240306;095956;7499.5;42;9772145008;S
20240306;095956;7499.5;5;9772145009;S
20240306;095956;7499.5;6;9772145010;S
20240306;095956;7499.5;1;9772145011;S
20240306;095956;7499.5;60;9772145012;S
20240306;095956;7499.5;5;9772145013;S
20240306;095956;7499.5;99;9772145014;S
20240306;095956;7499.5;11;9772145015;S
20240306;095956;7499.5;5;9772145016;S
20240306;095956;7499.5;1;9772145017;B
20240306;095956;7499.5;14;9772145018;S
20240306;095956;7499.5;1;9772145019;S
20240306;095956;7499.5;6;9772145020;S
20240306;095956;7499.5;1;9772145021;S
20240306;095956;7499.5;14;9772145022;S
20240306;095956;7499.5;6;9772145023;S
20240306;100000;7499.5;93;9772146396;S
20240306;100000;7499.5;1;9772146397;S
20240306;100000;7499.5;1;9772146398;S
20240306;100000;7499.5;10;9772146399;S
20240306;100000;7499.5;1;9772146400;S
20240306;100000;7499.5;43;9772146401;S
20240306;100000;7500;3;9772146431;B
20240306;100000;7500;2;9772146432;B
20240306;100000;7500;36;9772146433;B
20240306;100000;7500;7;9772146434;B
20240306;100000;7500;1;9772146435;B
20240306;100000;7500;2;9772146436;B
20240306;100000;7500;3;9772146437;B
20240306;100000;7500;5;9772146438;B
20240306;100000;7500;2;9772146439;B
20240306;100000;7500;1;9772146440;B
20240306;100000;7500;10;9772146441;B
20240306;100000;7500;5;9772146442;B
20240306;100000;7500;3;9772146443;B
20240306;100000;7500;3;9772146444;B
20240306;100000;7500;7;9772146445;B
20240306;100000;7500;4;9772146446;B
20240306;100000;7500.5;33;9772146573;S
20240306;100000;7500.5;5;9772146574;S
20240306;100000;7500.5;10;9772146581;B
20240306;100000;7500.5;2;9772146587;B
20240306;100000;7500;2;9772146921;S
20240306;100000;7500;1;9772147017;S
20240306;100001;7500;7;9772147284;S
20240306;100001;7499.5;19;9772147285;S
20240306;100001;7499.5;26;9772147286;S
20240306;100001;7499.5;1;9772147287;S
20240306;100001;7499.5;1;9772147288;S
20240306;100001;7499.5;11;9772147289;S
20240306;100001;7499.5;6;9772147290;S
20240306;100001;7499.5;1;9772147414;S
20240306;100001;7499.5;1;9772147415;S
20240306;100001;7499.5;1;9772147416;S
20240306;100001;7499.5;1;9772147417;S
20240306;100002;7500;2;9772148053;S
20240306;100002;7500;10;9772148112;B
20240306;100002;7500;3;9772148113;B
20240306;100002;7500;50;9772148280;B
20240306;100003;7500;9;9772148976;B
20240306;100003;7500.5;131;9772148977;B
20240306;100005;7500;10;9772149626;S
20240306;100005;7500;2;9772149627;S
20240306;100005;7500;1;9772149634;S
20240306;100005;7500;1;9772149773;S
20240306;100005;7501;4;9772149852;B
20240306;100005;7501.5;10;9772149853;B
20240306;100005;7502;6;9772149854;B
20240306;100005;7500;1;9772150271;S
20240306;100006;7501.5;1;9772150662;B
20240306;100006;7500;6;9772150795;S
20240306;100006;7499.5;25;9772151161;S
20240306;100006;7499.5;1;9772151162;S
20240306;100006;7501.5;1;9772151400;B
20240306;100007;7501.5;1;9772152057;B
20240306;100007;7501.5;10;9772152207;B
20240306;100007;7500;3;9772152210;S
20240306;100007;7500;4;9772152220;S
20240306;100007;7501;100;9772152821;B
20240306;100008;7500;2;9772153721;S
20240306;100009;7501;1;9772153953;S
20240306;100010;7501.5;1;9772154121;B
20240306;100010;7502;2;9772154126;B
20240306;100010;7501;10;9772154150;S
20240306;100010;7500.5;4;9772154151;S
20240306;100010;7500.5;11;9772154152;S
20240306;100010;7502;19;9772154154;B
20240306;100010;7502;7;9772154158;B
20240306;100010;7502;23;9772154199;B
20240306;100010;7502;1;9772154233;B
20240306;100010;7502;2;9772154238;B
20240306;100010;7502;4;9772154273;B
20240306;100010;7502;2;9772154293;B
20240306;100010;7501;1;9772154330;S
20240306;100010;7502;3;9772154333;B
20240306;100011;7502;2;9772154341;B
20240306;100011;7501;2;9772154343;S
20240306;100011;7502;1;9772154348;B
20240306;100011;7502;3;9772154358;B
20240306;100011;7501;7;9772154398;S
20240306;100011;7500.5;13;9772154399;S
20240306;100011;7502;1;9772154402;B
20240306;100011;7502;1;9772154436;B
20240306;100011;7502;7;9772154511;B
20240306;100011;7502;1;9772154516;B
20240306;100011;7502;1;9772154594;B
20240306;100011;7502;5;9772154599;B
20240306;100011;7500.5;1;9772154614;S
20240306;100011;7502;7;9772154627;B
20240306;100011;7502;12;9772154648;B
20240306;100011;7502.5;4;9772154649;B
20240306;100011;7500.5;5;9772154653;S
20240306;100011;7502.5;1;9772154658;B
20240306;100011;7502.5;10;9772154669;B
20240306;100012;7502.5;11;9772154892;B
20240306;100015;7502.5;34;9772155381;B
20240306;100015;7502.5;4;9772155382;B
20240306;100015;7503;7;9772155383;B
20240306;100015;7504.5;2;9772155384;B
20240306;100015;7501.5;1;9772155435;S
20240306;100015;7504.5;1;9772155517;B
20240306;100016;7504.5;10;9772155633;B
20240306;100017;7501.5;7;9772155947;S
20240306;100017;7502;1;9772155999;S
20240306;100018;7503.5;1;9772156006;B
20240306;100020;7502.5;10;9772156510;S
20240306;100020;7502.5;10;9772156511;S
20240306;100020;7503;1;9772156526;B
20240306;100020;7502.5;10;9772156677;S
20240306;100021;7502.5;1;9772156694;S
20240306;100022;7502.5;9;9772157222;S
20240306;100022;7502.5;3;9772157267;B
20240306;100023;7502.5;3;9772157303;B
20240306;100023;7502.5;1;9772157332;B
20240306;100023;7502.5;3;9772157334;B
20240306;100023;7502.5;33;9772157335;B
20240306;100023;7503;3;9772157336;B
20240306;100023;7503;60;9772157337;B
20240306;100023;7504.5;1;9772157338;B
20240306;100023;7505;7;9772157339;B
20240306;100023;7505;25;9772157340;B
20240306;100023;7504.5;20;9772157394;B
20240306;100024;7504.5;5;9772157688;B
20240306;100027;7502;1;9772158446;S
20240306;100027;7502;3;9772158451;S
20240306;100028;7502;2;9772158588;B
20240306;100028;7503;2;9772158656;B
20240306;100028;7503;8;9772158743;B
20240306;100028;7503;10;9772158744;B
20240306;100029;7503;1;9772159112;B
20240306;100030;7500.5;5;9772159481;S
20240306;100030;7501;10;9772159632;S
20240306;100031;7500;16;9772160367;S
20240306;100031;7500;1;9772160409;S
20240306;100032;7500;4;9772160630;S
20240306;100032;7500;3;9772160764;S
20240306;100032;7500.5;3;9772160839;B
20240306;100032;7500.5;14;9772160840;S
20240306;100032;7501.5;10;9772160855;B
20240306;100032;7501.5;5;9772160870;B
20240306;100033;7500;14;9772162022;S
20240306;100033;7499.5;3;9772162023;S
20240306;100033;7499.5;1;9772162024;S
20240306;100033;7499.5;1;9772162025;S
20240306;100033;7499.5;2;9772162026;S
20240306;100033;7499.5;10;9772162027;S
20240306;100033;7499;19;9772162028;S
20240306;100033;7499;15;9772162029;S
20240306;100033;7499;92;9772162290;S
20240306;100033;7499;1;9772162291;S
20240306;100033;7499;1;9772162292;S
20240306;100033;7499;1;9772162293;S
20240306;100033;7499;1;9772162294;S
20240306;100033;7499;5;9772162295;S
20240306;100033;7499;2;9772162296;S
20240306;100033;7498.5;10;9772162297;S
20240306;100033;7498;1;9772162298;S
20240306;100033;7498;51;9772162299;S
20240306;100033;7498;10;9772162300;S
20240306;100033;7498;41;9772162301;S
20240306;100033;7497.5;2;9772162302;S
20240306;100033;7497.5;150;9772162303;S
20240306;100033;7497.5;2;9772162304;S
20240306;100033;7497.5;2;9772162305;S
20240306;100033;7497.5;11;9772162306;S
20240306;100033;7497.5;5;9772162307;S
20240306;100033;7497.5;60;9772162308;S
20240306;100033;7497.5;24;9772162309;S
20240306;100033;7497;10;9772162310;S
20240306;100033;7497;1;9772162311;S
20240306;100033;7497;3;9772162312;S
20240306;100033;7496;1;9772162313;S
20240306;100033;7496;1;9772162314;S
20240306;100033;7496;12;9772162315;S
20240306;100033;7496.5;1;9772162318;S
20240306;100033;7496.5;1;9772162319;S
20240306;100034;7497;1;9772162579;B
20240306;100034;7496;1;9772162692;S
20240306;100034;7496.5;100;9772162702;S
20240306;100034;7496;1;9772162746;S
20240306;100034;7496;2;9772162791;S
20240306;100037;7496.5;10;9772163637;B
20240306;100038;7496;1;9772163832;S
20240306;100038;7496;38;9772163913;S
20240306;100038;7495.5;1;9772163919;S
20240306;100038;7495.5;2;9772163920;S
20240306;100038;7495.5;1;9772163921;S
20240306;100038;7495.5;1;9772163922;S
20240306;100038;7495.5;60;9772163923;S
20240306;100038;7495;200;9772163926;S
20240306;100038;7495;1;9772163927;S
20240306;100038;7495;1;9772163928;S
20240306;100038;7494.5;2;9772163929;S
20240306;100038;7494.5;30;9772163930;S
20240306;100038;7494;4;9772163972;S
20240306;100039;7494;12;9772164102;S
20240306;100039;7494.5;1;9772164122;B
20240306;100039;7494;4;9772164229;S
20240306;100039;7494.5;1;9772164304;B
20240306;100040;7494;40;9772164594;S
20240306;100040;7494;10;9772164595;S
20240306;100040;7493.5;50;9772164596;S
20240306;100040;7492;100;9772164648;S
20240306;100040;7492;100;9772164721;S
20240306;100040;7492;5;9772164786;S
20240306;100040;7492;63;9772164799;S
20240306;100040;7492;1;9772164800;S
20240306;100040;7492;10;9772164801;S
20240306;100040;7492;26;9772164802;S
20240306;100040;7492.5;10;9772164805;B
20240306;100040;7493.5;10;9772164890;S
20240306;100040;7492.5;3;9772164891;S
20240306;100040;7492;38;9772164892;S
20240306;100040;7491;2;9772164893;S
20240306;100040;7491;27;9772164894;S
20240306;100041;7491;2;9772165137;S
20240306;100041;7491;10;9772165203;S
20240306;100041;7491.5;10;9772165559;S
20240306;100041;7491.5;10;9772165560;S
20240306;100041;7491.5;10;9772165561;S
20240306;100041;7491.5;10;9772165562;S
20240306;100041;7491;36;9772165563;S
20240306;100041;7491;10;9772165564;S
20240306;100041;7491;2;9772165565;S
20240306;100041;7491;1;9772165566;S
20240306;100041;7490.5;1;9772165567;S
20240306;100041;7490.5;10;9772165568;S
20240306;100041;7490.5;70;9772165569;S
20240306;100041;7490.5;30;9772165570;S
20240306;100041;7490.5;20;9772165595;S
20240306;100042;7490.5;1;9772165650;S
20240306;100043;7490.5;5;9772166600;S
20240306;100043;7491;1;9772166610;B
20240306;100044;7490.5;5;9772167474;S
20240306;100044;7490.5;10;9772167475;S
20240306;100044;7490.5;10;9772167476;S
20240306;100044;7490.5;10;9772167477;S
20240306;100044;7490.5;10;9772167478;S
20240306;100044;7490.5;5;9772167479;S
20240306;100044;7491;1;9772167602;B
20240306;100044;7490.5;5;9772167666;S
20240306;100044;7490.5;10;9772167667;S
20240306;100044;7490.5;9;9772167668;S
20240306;100045;7490.5;1;9772168056;S
20240306;100045;7490.5;10;9772168057;S
20240306;100045;7490.5;10;9772168058;S
20240306;100045;7490.5;10;9772168059;S
20240306;100045;7490;9;9772168060;S
20240306;100045;7490;10;9772168224;S
20240306;100045;7490;1;9772168225;S
20240306;100045;7490;1;9772168226;S
20240306;100045;7490;74;9772168237;S
20240306;100045;7490;23;9772168238;S
20240306;100045;7491;6;9772168242;B
20240306;100045;7491;3;9772168243;B
20240306;100045;7491;1;9772168244;B
20240306;100045;7492;10;9772168246;B
20240306;100045;7492.5;40;9772168247;B
20240306;100045;7492;10;9772168249;B
20240306;100045;7492;1;9772168439;S
20240306;100045;7492;1;9772168444;S
20240306;100045;7492;7;9772168458;S
20240306;100045;7492;1;9772168501;S
20240306;100045;7491.5;4;9772168502;S
20240306;100045;7490.5;10;9772168503;S
20240306;100045;7490;27;9772168504;S
20240306;100045;7490;3;9772168505;S
20240306;100045;7490;3;9772168506;S
20240306;100045;7490;8;9772168507;S
20240306;100045;7490;5;9772168508;S
20240306;100045;7490;10;9772168509;S
20240306;100045;7490;5;9772168510;S
20240306;100045;7490;68;9772168511;S
20240306;100045;7490;10;9772168512;S
20240306;100045;7490;26;9772168513;S
20240306;100045;7490;2;9772168534;S
20240306;100045;7490;13;9772168536;S
20240306;100046;7490;35;9772168665;S
20240306;100046;7490;20;9772168666;B
20240306;100046;7490;5;9772168667;B
20240306;100046;7491;6;9772168688;S
20240306;100046;7491;2;9772168898;S
20240306;100047;7492;1;9772169144;B
20240306;100047;7491;2;9772169183;S
20240306;100049;7490;15;9772169838;S
20240306;100049;7489.5;1;9772169881;S
20240306;100050;7489;16;9772170135;S
20240306;100050;7489;4;9772170187;S
20240306;100051;7489.5;2;9772170496;B
20240306;100051;7490;5;9772170509;B
20240306;100051;7489;1;9772170552;S
20240306;100051;7488.5;1;9772170553;S
20240306;100051;7488.5;10;9772170554;S
20240306;100051;7488.5;10;9772170555;S
20240306;100051;7488.5;3;9772170556;S
20240306;100051;7488;10;9772170557;S
20240306;100051;7488;1;9772170558;S
20240306;100051;7488;22;9772170559;S
20240306;100051;7489;1;9772170708;S
20240306;100052;7489.5;10;9772170813;B
20240306;100052;7490;49;9772170814;B
20240306;100052;7490;8;9772170815;B
20240306;100052;7488.5;6;9772170828;S
20240306;100052;7488.5;4;9772170848;S
20240306;100052;7488;3;9772170849;S
20240306;100052;7488;2;9772171011;S
20240306;100052;7488;10;9772171012;S
20240306;100053;7488.5;10;9772171097;B
20240306;100053;7488.5;10;9772171098;B
20240306;100053;7489;10;9772171099;B
20240306;100053;7489;9;9772171100;B
20240306;100053;7489;1;9772171101;B
20240306;100053;7489.5;3;9772171110;B
20240306;100053;7489;50;9772171148;B
20240306;100053;7488;38;9772171149;S
20240306;100053;7488.5;10;9772171151;B
20240306;100053;7488;5;9772171209;S
20240306;100053;7488;30;9772171216;S
20240306;100053;7488;1;9772171217;S
20240306;100053;7488;10;9772171218;S
20240306;100053;7487.5;10;9772171219;S
20240306;100053;7487.5;3;9772171220;S
20240306;100053;7487.5;60;9772171221;S
20240306;100053;7486.5;39;9772171222;S
20240306;100053;7486;5;9772171223;S
20240306;100053;7486;30;9772171224;S
20240306;100053;7486;77;9772171225;S
20240306;100053;7485.5;10;9772171226;S
20240306;100053;7485;50;9772171227;S
20240306;100053;7485;25;9772171228;S
20240306;100053;7485;2;9772171229;S
20240306;100053;7485;33;9772171230;S
20240306;100053;7484.5;41;9772171231;S
20240306;100053;7484;55;9772171232;S
20240306;100053;7484;19;9772171233;S
20240306;100053;7487.5;10;9772171235;B
20240306;100053;7487.5;10;9772171252;S
20240306;100053;7487.5;10;9772171257;B
20240306;100053;7488.5;1;9772171290;B
20240306;100053;7484.5;3;9772171317;S
20240306;100053;7484.5;7;9772171324;S
20240306;100053;7484.5;43;9772171325;S
20240306;100053;7484.5;5;9772171326;S
20240306;100054;7484.5;10;9772171344;S
20240306;100054;7486;10;9772171445;S
20240306;100054;7486;21;9772171446;S
20240306;100054;7486;2;9772171448;S
20240306;100054;7486;17;9772171450;S
20240306;100054;7486;1;9772171451;S
20240306;100054;7485.5;10;9772171452;S
20240306;100054;7485;40;9772171453;S
20240306;100054;7486.5;5;9772171454;B
20240306;100054;7486.5;5;9772171455;B
20240306;100054;7486;6;9772171564;B
20240306;100054;7485.5;10;9772171575;B
20240306;100055;7485;2;9772171616;S
20240306;100055;7484.5;1;9772171617;S
20240306;100055;7484.5;2;9772171618;S
20240306;100055;7485;10;9772171625;S
20240306;100055;7486;3;9772171627;B
20240306;100055;7486;1;9772171707;B
20240306;100055;7484.5;3;9772171721;S
20240306;100056;7485.5;19;9772171855;S
20240306;100056;7486;10;9772171975;B
20240306;100057;7485.5;10;9772172026;S
20240306;100057;7485.5;1;9772172126;S
20240306;100057;7485.5;5;9772172134;S
20240306;100058;7485.5;20;9772172501;S
20240306;100058;7486;30;9772172503;B
20240306;100100;7487.5;2;9772172732;S
20240306;100100;7489.5;1;9772172861;B
20240306;100101;7489.5;9;9772173057;B
20240306;100101;7489.5;2;9772173218;S
20240306;100101;7489.5;14;9772173304;S
20240306;100101;7489.5;1;9772173305;S
20240306;100101;7488;41;9772173306;S
20240306;100101;7488;10;9772173307;S
20240306;100101;7487;7;9772173309;S
20240306;100102;7486.5;16;9772173570;S
20240306;100102;7486.5;1;9772173610;S
20240306;100103;7486.5;1;9772173800;S
20240306;100104;7486.5;23;9772174007;S
20240306;100104;7486;1;9772174008;S
20240306;100104;7486;1;9772174009;S
20240306;100104;7486;60;9772174010;S
20240306;100104;7486;33;9772174011;S
20240306;100104;7485.5;10;9772174012;S
20240306;100104;7485;22;9772174013;S
20240306;100105;7487.5;10;9772174155;B
20240306;100105;7487.5;10;9772174156;B
20240306;100105;7487.5;10;9772174157;B
20240306;100105;7487.5;10;9772174158;B
20240306;100109;7486.5;1;9772174721;S
20240306;100109;7487;2;9772174742;B
20240306;100109;7486.5;1;9772174864;S
20240306;100110;7487;10;9772174909;B
20240306;100110;7486.5;5;9772175019;S
20240306;100111;7487;3;9772175121;B
20240306;100112;7488;3;9772175224;B
20240306;100113;7487;41;9772175363;S
20240306;100113;7487;9;9772175364;S
20240306;100114;7488;12;9772175507;B
20240306;100118;7487.5;1;9772176152;S
20240306;100119;7488;1;9772176274;B
20240306;100120;7487.5;49;9772176390;S
20240306;100120;7487.5;1;9772176391;S
20240306;100121;7487;33;9772176588;S
20240306;100121;7487;1;9772176589;S
20240306;100121;7487;10;9772176590;S
20240306;100121;7486.5;3;9772176591;S
20240306;100121;7486.5;3;9772176592;S
20240306;100121;7486.5;2;9772176618;S
20240306;100121;7486.5;36;9772176638;S
20240306;100121;7486.5;10;9772176639;S
20240306;100121;7486;4;9772176640;S
20240306;100124;7488;50;9772176986;B
20240306;100124;7486.5;10;9772177014;S
20240306;100124;7486.5;16;9772177015;S
20240306;100124;7486.5;1;9772177038;S
20240306;100126;7487;10;9772177321;S
20240306;100126;7487;1;9772177322;S
20240306;100126;7486.5;24;9772177323;S
20240306;100126;7486;6;9772177324;S
20240306;100126;7486;9;9772177325;S
20240306;100126;7487;1;9772177378;S
20240306;100127;7487;9;9772177526;S
20240306;100127;7487;10;9772177527;B
20240306;100129;7486.5;40;9772177871;S
20240306;100129;7486.5;10;9772177905;S
20240306;100129;7486.5;2;9772177906;S
20240306;100129;7486.5;20;9772177907;B
20240306;100130;7486.5;6;9772178120;B
20240306;100130;7486.5;4;9772178121;B
20240306;100130;7487;20;9772178126;B
20240306;100130;7487;10;9772178127;B
20240306;100130;7487;20;9772178128;B
20240306;100130;7487;3;9772178245;B
20240306;100130;7487;20;9772178246;B
20240306;100135;7486.5;60;9772179100;S
20240306;100135;7486.5;10;9772179101;S
20240306;100135;7486.5;33;9772179102;S
20240306;100135;7486.5;50;9772179103;S
20240306;100135;7486;15;9772179104;S
20240306;100135;7486;10;9772179105;S
20240306;100135;7485.5;16;9772179106;S
20240306;100137;7486.5;2;9772179420;S
20240306;100138;7487;8;9772179603;B
20240306;100138;7487.5;1;9772179604;B
20240306;100138;7487.5;6;9772179605;B
20240306;100138;7487;2;9772179637;S
20240306;100138;7487;20;9772179681;S
20240306;100141;7487.5;9;9772180040;B
20240306;100141;7488;7;9772180045;B
20240306;100141;7488;10;9772180046;B
20240306;100141;7488;3;9772180047;B
20240306;100141;7487.5;41;9772180068;S
20240306;100141;7487;33;9772180069;S
20240306;100141;7487;1;9772180070;S
20240306;100142;7489;1;9772180301;B
20240306;100142;7489.5;1;9772180302;B
20240306;100142;7490;8;9772180303;B
20240306;100142;7490;4;9772180317;B
20240306;100142;7490;5;9772180318;B
20240306;100142;7490.5;3;9772180319;B
20240306;100142;7490.5;2;9772180320;B
20240306;100142;7491;10;9772180321;B
20240306;100142;7491.5;33;9772180322;B
20240306;100142;7491.5;1;9772180323;B
20240306;100142;7492;10;9772180324;B
20240306;100142;7492;18;9772180325;B
20240306;100142;7493;15;9772180326;B
20240306;100142;7493;60;9772180327;B
20240306;100142;7494;10;9772180328;B
20240306;100142;7494.5;24;9772180329;B
20240306;100142;7495;10;9772180330;B
20240306;100142;7495.5;82;9772180331;B
20240306;100142;7496;1;9772180332;B
20240306;100142;7496;12;9772180333;B
20240306;100143;7491.5;5;9772180360;S
20240306;100143;7490.5;27;9772180378;S
20240306;100144;7491.5;3;9772180608;S
20240306;100145;7494.5;2;9772180710;B
20240306;100145;7492.5;10;9772180807;S
20240306;100146;7494.5;4;9772180933;B
20240306;100146;7495.5;10;9772180959;B
20240306;100146;7495.5;33;9772180960;B
20240306;100146;7495.5;47;9772180961;B
20240306;100147;7493.5;1;9772181035;S
20240306;100147;7492.5;12;9772181036;S
20240306;100147;7492;7;9772181037;S
20240306;100148;7494.5;10;9772181176;B
20240306;100148;7495;11;9772181177;B
20240306;100148;7495.5;10;9772181178;B
20240306;100148;7495.5;38;9772181179;B
20240306;100149;7492;12;9772181415;S
20240306;100149;7492;10;9772181416;S
20240306;100149;7491.5;50;9772181417;S
20240306;100149;7490;60;9772181418;S
20240306;100149;7490;33;9772181419;S
20240306;100150;7490;2;9772181515;B
20240306;100151;7487.5;1;9772181588;S
20240306;100153;7487.5;4;9772181909;S
20240306;100154;7489.5;10;9772182113;B
20240306;100154;7490;40;9772182114;B
20240306;100154;7490;1;9772182200;B
20240306;100155;7490;392;9772182241;B
20240306;100155;7490;10;9772182242;B
20240306;100155;7491.5;10;9772182243;B
20240306;100155;7492.5;60;9772182244;B
20240306;100155;7493.5;33;9772182245;B
20240306;100155;7494.5;300;9772182246;B
20240306;100155;7496;10;9772182247;B
20240306;100155;7496;5;9772182248;B
20240306;100155;7496;60;9772182249;B
20240306;100155;7496.5;10;9772182250;B
20240306;100155;7497.5;1;9772182251;B
20240306;100155;7497.5;19;9772182252;B
20240306;100155;7498;300;9772182253;B
20240306;100155;7498;30;9772182254;B
20240306;100155;7498.5;10;9772182255;B
20240306;100155;7499;10;9772182256;B
20240306;100155;7499.5;10;9772182257;B
20240306;100155;7500;10;9772182258;B
20240306;100155;7500;5;9772182259;B
20240306;100155;7500;14;9772182260;B
20240306;100155;7502;10;9772182261;B
20240306;100155;7502.5;10;9772182262;B
20240306;100155;7504;20;9772182263;B
20240306;100155;7504.5;21;9772182264;B
20240306;100155;7504.5;100;9772182265;B
20240306;100155;7504.5;70;9772182266;B
20240306;100155;7505;2;9772182267;B
20240306;100155;7505;156;9772182268;B
20240306;100155;7507;55;9772182269;B
20240306;100155;7507.5;14;9772182270;B
20240306;100155;7508;3;9772182271;B
20240306;100155;7508;4;9772182272;B
20240306;100155;7508;11;9772182273;B
20240306;100155;7508;1;9772182274;B
20240306;100155;7508;1;9772182275;B
20240306;100155;7508;2;9772182276;B
20240306;100155;7508;1;9772182277;B
20240306;100155;7509;1;9772182278;B
20240306;100155;7509.5;1;9772182279;B
20240306;100155;7509.5;41;9772182280;B
20240306;100155;7510;4;9772182281;B
20240306;100155;7510;111;9772182282;B
20240306;100155;7510;5;9772182283;B
20240306;100155;7511;10;9772182284;B
20240306;100155;7511;27;9772182285;B
20240306;100155;7511.5;2;9772182286;B
20240306;100155;7511.5;2;9772182287;B
20240306;100155;7511.5;1;9772182288;B
20240306;100155;7511.5;10;9772182289;B
20240306;100155;7514;8;9772182290;B
20240306;100155;7514;41;9772182291;B
20240306;100155;7514;27;9772182292;B
20240306;100155;7514.5;310;9772182293;B
20240306;100155;7515;3;9772182294;B
20240306;100155;7515;5;9772182295;B
20240306;100155;7515;1850;9772182296;B
20240306;100155;7515;47;9772182297;B
20240306;100155;7515;10;9772182298;B
20240306;100155;7515;3;9772182299;B
20240306;100155;7517;100;9772182300;B
20240306;100155;7518;1;9772182301;B
20240306;100155;7518;4;9772182302;B
20240306;100155;7518;35;9772182303;B
20240306;100155;7518.5;50;9772182304;B
20240306;100155;7519;1;9772182305;B
20240306;100155;7519;250;9772182306;B
20240306;100155;7519;180;9772182307;B
20240306;100155;7519;130;9772182308;B
20240306;100155;7519;180;9772182309;B
20240306;100155;7519;3;9772182310;B
20240306;100155;7519.5;5;9772182311;B
20240306;100155;7520;5;9772182312;B
20240306;100155;7520;58;9772182313;B
20240306;100155;7520;1;9772182314;B
20240306;100155;7520;100;9772182315;B
20240306;100155;7520;1;9772182316;B
20240306;100155;7520;1;9772182317;B
20240306;100155;7520;1;9772182318;B
20240306;100155;7520;5;9772182319;B
20240306;100155;7520;1;9772182320;B
20240306;100155;7521;245;9772182321;B
20240306;100155;7521.5;1;9772182322;B
20240306;100155;7522.5;10;9772182323;B
20240306;100155;7522.5;75;9772182324;B
20240306;100155;7523;8;9772182325;B
20240306;100155;7524;100;9772182326;B
20240306;100155;7524;1;9772182327;B
20240306;100155;7524;132;9772182328;B
20240306;100155;7524.5;1;9772182329;B
20240306;100155;7524.5;16;9772182330;B
20240306;100155;7505.5;10;9772182338;S
20240306;100155;7505;10;9772182339;B
20240306;100155;7505;30;9772182340;B
20240306;100155;7505;50;9772182341;B
20240306;100155;7505;50;9772182342;B
20240306;100155;7505;10;9772182343;B
20240306;100155;7507.5;33;9772182344;S
20240306;100155;7507.5;50;9772182345;S
20240306;100155;7507.5;50;9772182346;S
20240306;100155;7507.5;10;9772182347;S
20240306;100155;7501;10;9772182349;S
20240306;100155;7501;10;9772182350;S
20240306;100155;7496;10;9772182351;S
20240306;100155;7496;20;9772182352;S
20240306;100156;7495;6;9772182416;S
20240306;100156;7497;4;9772182447;S
20240306;100158;7501.5;2;9772182699;S
20240306;100158;7504;1;9772182728;B
20240306;100159;7501.5;2;9772182974;S
20240306;100200;7504;1;9772183175;B
20240306;100200;7504;8;9772183200;B
20240306;100200;7504;1;9772183201;B
20240306;100201;7504;10;9772183385;B
20240306;100202;7504;2;9772183746;S
20240306;100204;7502.5;1;9772184093;B
20240306;100204;7503.5;2;9772184094;B
20240306;100205;7501;5;9772184214;S
20240306;100206;7500.5;10;9772184483;S
20240306;100207;7500.5;10;9772184624;S
20240306;100207;7500.5;10;9772184625;S
20240306;100208;7500.5;10;9772184970;S
20240306;100208;7500;82;9772184971;S
20240306;100208;7499.5;60;9772184972;S
20240306;100208;7499.5;20;9772184973;B
20240306;100208;7499.5;10;9772184974;B
20240306;100210;7499.5;5;9772185180;B
20240306;100211;7499.5;5;9772185291;B
20240306;100212;7499.5;50;9772185527;B
20240306;100214;7499.5;65;9772185811;B
20240306;100215;7499;3;9772185972;S
20240306;100215;7499;5;9772186034;S
20240306;100216;7499.5;1;9772186212;B
20240306;100217;7499.5;10;9772186276;B
20240306;100219;7499.5;1;9772186652;B
20240306;100219;7499.5;20;9772186787;B
20240306;100229;7499.5;148;9772188393;B
20240306;100229;7499.5;15;9772188394;B
20240306;100229;7499.5;5;9772188395;B
20240306;100232;7499;1;9772188767;S
20240306;100232;7499;9;9772188801;S
20240306;100232;7499;1;9772188802;S
20240306;100232;7499;10;9772188803;S
20240306;100232;7499;10;9772188804;S
20240306;100232;7499;2;9772188805;S
20240306;100232;7499.5;5;9772188842;B
20240306;100233;7499;20;9772188901;S
20240306;100234;7499.5;10;9772189034;B
20240306;100234;7499;3;9772189143;S
20240306;100234;7499;1;9772189144;S
20240306;100234;7499;9;9772189145;S
20240306;100235;7499;1;9772189324;S
20240306;100238;7499;1;9772189571;S
20240306;100238;7499;3;9772189572;S
20240306;100238;7499;4;9772189590;S
20240306;100238;7499;3;9772189639;S
20240306;100238;7498.5;2;9772189640;S
20240306;100238;7497;33;9772189641;S
20240306;100238;7496.5;1;9772189642;S
20240306;100238;7496.5;1;9772189643;S
20240306;100238;7496;10;9772189644;S
20240306;100238;7496;30;9772189645;S
20240306;100238;7496;7;9772189646;S
20240306;100238;7496;10;9772189647;S
20240306;100238;7495.5;3;9772189648;S
20240306;100240;7497.5;2;9772189971;B
20240306;100242;7498;5;9772190353;B
20240306;100242;7498;2;9772190355;B
20240306;100242;7498;2;9772190386;B
20240306;100242;7498;5;9772190387;B
20240306;100243;7497;47;9772190464;S
20240306;100243;7496;10;9772190465;S
20240306;100243;7495.5;1;9772190466;S
20240306;100243;7495.5;92;9772190467;S
20240306;100245;7494.5;10;9772190913;S
20240306;100245;7494.5;3;9772190914;S
20240306;100246;7495.5;30;9772191003;S
20240306;100249;7497.5;10;9772191654;B
20240306;100249;7498;13;9772191655;B
20240306;100249;7498.5;10;9772191656;B
20240306;100249;7498.5;4;9772191657;B
20240306;100249;7499;2;9772191658;B
20240306;100250;7498;2;9772192181;B
20240306;100250;7495.5;15;9772192334;S
20240306;100251;7498;5;9772192569;B
20240306;100254;7497.5;10;9772193248;B
20240306;100255;7495.5;10;9772193324;S
20240306;100255;7495.5;10;9772193325;S
20240306;100255;7495;160;9772193326;S
20240306;100255;7495;60;9772193327;S
20240306;100255;7494.5;10;9772193328;S
20240306;100255;7494.5;10;9772193329;S
20240306;100255;7493.5;2;9772193330;S
20240306;100255;7493.5;33;9772193331;S
20240306;100255;7493;5;9772193332;S
20240306;100255;7493;1;9772193333;S
20240306;100255;7493;30;9772193334;S
20240306;100255;7492.5;79;9772193335;S
20240306;100255;7492;10;9772193336;S
20240306;100255;7492;29;9772193337;S
20240306;100255;7492;60;9772193338;S
20240306;100255;7491.5;10;9772193339;S
20240306;100255;7491.5;11;9772193340;S
20240306;100255;7491;2;9772193341;S
20240306;100255;7491;132;9772193342;S
20240306;100255;7490.5;24;9772193343;S
20240306;100255;7490;2;9772193344;S
20240306;100255;7490;300;9772193345;S
20240306;100255;7490;1;9772193346;S
20240306;100255;7489.5;1;9772193347;S
20240306;100255;7488.5;5;9772193348;S
20240306;100255;7488.5;10;9772193349;S
20240306;100255;7488;30;9772193350;S
20240306;100255;7487.5;229;9772193351;S
20240306;100255;7492.5;10;9772193355;B
20240306;100256;7492;10;9772193583;B
20240306;100258;7490.5;10;9772193876;B
20240306;100258;7490.5;10;9772193877;B
20240306;100258;7490.5;10;9772193992;B
20240306;100258;7490;10;9772194049;B
20240306;100300;7490;10;9772194277;B
20240306;100300;7490.5;10;9772194278;B
20240306;100303;7489;10;9772194830;S
20240306;100303;7489;2;9772194831;S
20240306;100306;7490;5;9772195235;S
20240306;100306;7491;2;9772195285;B
20240306;100307;7490;5;9772195354;S
20240306;100307;7489.5;14;9772195355;S
20240306;100307;7489.5;10;9772195356;S
20240306;100307;7489.5;44;9772195357;S
20240306;100307;7490.5;5;9772195493;S
20240306;100308;7490;4;9772195765;S
20240306;100309;7491;2;9772195785;B
20240306;100310;7491;10;9772196116;B
20240306;100311;7491.5;1;9772196246;B
20240306;100313;7491;10;9772196503;B
20240306;100313;7491.5;6;9772196504;B
20240306;100314;7490;10;9772196755;S
20240306;100314;7490;5;9772196756;S
20240306;100314;7490;5;9772196757;S
20240306;100314;7490;33;9772196758;S
20240306;100315;7490;10;9772196813;B
20240306;100315;7490;60;9772196814;B
20240306;100315;7491.5;1;9772196816;B
20240306;100315;7491.5;10;9772196817;B
20240306;100315;7492.5;205;9772196818;B
20240306;100315;7492.5;10;9772196819;B
20240306;100315;7493;8;9772196820;B
20240306;100315;7494;300;9772196821;B
20240306;100315;7494;1;9772196822;B
20240306;100315;7494;60;9772196823;B
20240306;100315;7494.5;33;9772196824;B
20240306;100315;7495.5;24;9772196825;B
20240306;100315;7496;7;9772196826;B
20240306;100315;7496.5;60;9772196827;B
20240306;100315;7497.5;10;9772196828;B
20240306;100315;7498;2;9772196829;B
20240306;100315;7499;3;9772196830;B
20240306;100315;7499;1;9772196831;B
20240306;100315;7499;300;9772196832;B
20240306;100315;7499.5;20;9772196833;B
20240306;100315;7499.5;285;9772196834;B
20240306;100318;7495.5;4;9772197423;S
20240306;100320;7496.5;1;9772198055;B
20240306;100322;7495.5;1;9772198595;S
20240306;100323;7495;2;9772198645;S
20240306;100324;7495.5;3;9772198752;S
20240306;100325;7495;11;9772198929;S
20240306;100328;7496.5;8;9772199427;S
20240306;100330;7495;5;9772199694;B
20240306;100330;7494.5;10;9772199696;S
20240306;100330;7494.5;15;9772199697;S
20240306;100330;7495;1;9772199764;B
20240306;100331;7494.5;10;9772199842;S
20240306;100331;7494.5;70;9772199843;S
20240306;100332;7494.5;10;9772200043;B
20240306;100332;7494.5;10;9772200044;B
20240306;100333;7494.5;10;9772200193;B
20240306;100334;7495;20;9772200291;B
20240306;100334;7495;1;9772200292;B
20240306;100337;7496.5;1;9772200907;B
20240306;100337;7496.5;2;9772200921;B
20240306;100337;7498;3;9772200931;B
20240306;100338;7498.5;5;9772200978;B
20240306;100339;7498.5;5;9772201144;B
20240306;100339;7498.5;5;9772201187;B
20240306;100339;7499;2;9772201219;B
20240306;100339;7499;10;9772201220;B
20240306;100339;7499;4;9772201221;B
20240306;100339;7499.5;184;9772201222;B
20240306;100339;7499.5;5;9772201229;B
20240306;100340;7499.5;13;9772201255;B
20240306;100340;7499.5;10;9772201256;B
20240306;100340;7499.5;5;9772201257;B
20240306;100340;7499.5;28;9772201258;B
20240306;100340;7499.5;28;9772201259;B
20240306;100340;7499.5;28;9772201260;B
20240306;100340;7499.5;28;9772201261;B
20240306;100340;7499.5;28;9772201262;B
20240306;100340;7499.5;28;9772201263;B
20240306;100340;7499.5;28;9772201264;B
20240306;100340;7499.5;17;9772201265;B
20240306;100340;7499.5;28;9772201266;B
20240306;100340;7499.5;28;9772201267;B
20240306;100340;7499.5;87;9772201268;B
20240306;100340;7500;16;9772201269;B
20240306;100340;7500;20;9772201270;B
20240306;100340;7500;10;9772201271;B
20240306;100343;7498.5;2;9772201818;S
20240306;100343;7499.5;1;9772201855;S
20240306;100343;7499.5;4;9772201856;S
20240306;100344;7498.5;10;9772202044;S
20240306;100344;7498.5;2;9772202045;S
20240306;100346;7498.5;3;9772202407;S
20240306;100347;7500;1;9772202451;B
20240306;100347;7500;5;9772202452;B
20240306;100347;7500;3;9772202584;B
20240306;100347;7500;2;9772202585;B
20240306;100349;7500;1;9772202780;B
20240306;100350;7500;4;9772202991;B
20240306;100350;7500;1;9772202992;B
20240306;100351;7498.5;10;9772203123;S
20240306;100351;7498.5;1;9772203124;S
20240306;100352;7498.5;3;9772203224;S
20240306;100353;7499.5;5;9772203396;S
20240306;100355;7498.5;10;9772203632;S
20240306;100355;7498;5;9772203633;S
20240306;100355;7498;1;9772203634;S
20240306;100356;7500;1;9772203728;B
20240306;100356;7500;248;9772203796;B
20240306;100356;7500;5;9772203797;B
20240306;100356;7500;1;9772203798;B
20240306;100356;7500;5;9772203799;B
20240306;100356;7500;10;9772203800;B
20240306;100357;7500;2;9772203866;S
20240306;100357;7500;5;9772203873;S
20240306;100358;7500;79;9772204017;S
20240306;100358;7500;10;9772204060;S
20240306;100359;7500.5;1;9772204198;B
20240306;100400;7500.5;2;9772204261;B
20240306;100400;7500;100;9772204299;S
20240306;100401;7500.5;2;9772204400;B
20240306;100402;7500.5;11;9772204526;B
20240306;100402;7501;5;9772204527;B
20240306;100402;7501;2;9772204528;B
20240306;100402;7501;33;9772204529;B
20240306;100402;7501.5;5;9772204530;B
20240306;100402;7501.5;12;9772204531;B
20240306;100407;7501.5;3;9772205518;B
20240306;100408;7501;2;9772205627;S
20240306;100412;7501.5;1;9772206250;B
20240306;100413;7501.5;6;9772206387;B
20240306;100414;7502;37;9772206425;B
20240306;100414;7502;5;9772206426;B
20240306;100414;7502;1;9772206427;B
20240306;100414;7501.5;5;9772206589;S
20240306;100418;7502;1;9772207064;B
20240306;100418;7502.5;5;9772207065;B
20240306;100418;7503;4;9772207066;B
20240306;100424;7502.5;5;9772207880;B
20240306;100424;7502.5;33;9772207881;B
20240306;100424;7503;10;9772207882;B
20240306;100424;7504;8;9772207883;B
20240306;100424;7504;5;9772207884;B
20240306;100424;7504;1;9772207885;B
20240306;100424;7504;5;9772207886;B
20240306;100424;7504;60;9772207887;B
20240306;100424;7504;1;9772207888;B
20240306;100424;7505;10;9772207889;B
20240306;100424;7505;1;9772207890;B
20240306;100424;7505;5;9772207891;B
20240306;100424;7505;10;9772207892;B
20240306;100424;7506;2;9772207893;B
20240306;100424;7506;41;9772207894;B
20240306;100424;7506.5;3;9772207895;B
20240306;100425;7503;1;9772207953;B
20240306;100426;7505;3;9772208081;B
20240306;100426;7505;7;9772208161;B
20240306;100426;7505;9;9772208162;B
20240306;100426;7503.5;5;9772208172;S
20240306;100426;7503;2;9772208173;S
20240306;100426;7502;1;9772208174;S
20240306;100426;7502;7;9772208175;S
20240306;100431;7505;24;9772208704;B
20240306;100431;7505;1;9772208705;B
20240306;100431;7505;5;9772208706;B
20240306;100431;7505;5;9772208722;B
20240306;100431;7505;8;9772208723;B
20240306;100432;7503;10;9772208899;S
20240306;100432;7502.5;41;9772208900;S
20240306;100432;7502;1;9772208901;S
20240306;100432;7502;59;9772208902;S
20240306;100432;7502.5;1;9772208935;S
20240306;100438;7505;10;9772209785;B
20240306;100438;7505.5;5;9772209786;B
20240306;100438;7505.5;5;9772209787;B
20240306;100438;7506;60;9772209788;B
20240306;100438;7506;10;9772209789;B
20240306;100438;7507.5;30;9772209790;B
20240306;100438;7508;1;9772209791;B
20240306;100438;7508.5;10;9772209792;B
20240306;100438;7508.5;82;9772209793;B
20240306;100438;7508.5;82;9772209794;B
20240306;100438;7508.5;33;9772209795;B
20240306;100438;7509;60;9772209796;B
20240306;100438;7509;10;9772209797;B
20240306;100438;7509.5;102;9772209798;B
20240306;100439;7508.5;1;9772209963;B
20240306;100441;7505;1;9772210331;S
20240306;100443;7508.5;9;9772210485;B
20240306;100443;7509;5;9772210486;B
20240306;100443;7509.5;10;9772210487;B
20240306;100443;7509.5;1;9772210488;B
20240306;100443;7505;9;9772210514;S
20240306;100443;7505;4;9772210515;S
20240306;100443;7505;33;9772210516;S
20240306;100443;7505;1;9772210517;S
20240306;100443;7505;53;9772210518;B
20240306;100445;7508;10;9772210800;B
20240306;100445;7508;60;9772210801;B
20240306;100445;7508.5;5;9772210802;B
20240306;100445;7509.5;4;9772210803;B
20240306;100445;7510;10;9772210804;B
20240306;100446;7509.5;1;9772210886;B
20240306;100447;7509.5;50;9772211060;B
20240306;100448;7505.5;5;9772211196;S
20240306;100450;7507;4;9772211530;B
20240306;100453;7506.5;1;9772211847;B
20240306;100455;7506.5;2;9772212048;B
20240306;100455;7507;1;9772212103;B
20240306;100455;7508;5;9772212104;B
20240306;100455;7508.5;33;9772212105;B
20240306;100455;7508.5;50;9772212106;S
20240306;100455;7508.5;27;9772212107;S
20240306;100455;7508.5;10;9772212108;S
20240306;100456;7506;13;9772212128;S
20240306;100456;7506;7;9772212129;S
20240306;100456;7506;10;9772212130;S
20240306;100457;7505.5;3;9772212257;S
20240306;100457;7507.5;5;9772212348;B
20240306;100457;7507.5;10;9772212349;B
20240306;100457;7508;5;9772212350;B
20240306;100457;7508.5;165;9772212351;B
20240306;100458;7508;10;9772212438;B
20240306;100458;7508.5;64;9772212439;B
20240306;100458;7509;10;9772212440;B
20240306;100458;7509;1;9772212441;B
20240306;100458;7509;5;9772212442;B
20240306;100458;7509.5;100;9772212443;B
20240306;100458;7510;1;9772212444;B
20240306;100458;7510;15;9772212445;B
20240306;100458;7510.5;1;9772212446;B
20240306;100458;7511;33;9772212447;B
20240306;100458;7511;60;9772212448;B
20240306;100458;7511.5;25;9772212449;B
20240306;100458;7511.5;10;9772212450;B
20240306;100458;7512;30;9772212451;B
20240306;100458;7512.5;5;9772212452;B
20240306;100458;7513.5;60;9772212453;B
20240306;100458;7513.5;10;9772212454;B
20240306;100458;7514.5;41;9772212455;B
20240306;100458;7514.5;2;9772212456;B
20240306;100458;7515;6;9772212457;B
20240306;100458;7515;70;9772212458;B
20240306;100458;7515;300;9772212459;B
20240306;100458;7516;300;9772212460;B
20240306;100458;7516.5;10;9772212461;B
20240306;100458;7517;300;9772212462;B
20240306;100458;7517.5;20;9772212463;B
20240306;100458;7518;40;9772212464;B
20240306;100458;7518;8;9772212465;B
20240306;100458;7518;5;9772212466;B
20240306;100458;7519;40;9772212467;B
20240306;100458;7519;18;9772212468;B
20240306;100458;7519.5;34;9772212469;B
20240306;100458;7519.5;10;9772212470;B
20240306;100458;7520;35;9772212471;B
20240306;100458;7520;1;9772212472;B
20240306;100458;7520;15;9772212473;B
20240306;100458;7520;3;9772212474;B
20240306;100458;7520;1;9772212475;B
20240306;100458;7520;77;9772212476;B
20240306;100458;7520;20;9772212477;B
20240306;100458;7520;20;9772212478;B
20240306;100458;7521;35;9772212479;B
20240306;100458;7522.5;5;9772212480;B
20240306;100458;7522.5;10;9772212481;B
20240306;100458;7523;10;9772212482;B
20240306;100458;7523.5;30;9772212483;B
20240306;100458;7523.5;50;9772212484;B
20240306;100458;7523.5;10;9772212485;B
20240306;100458;7524;2;9772212486;B
20240306;100458;7524;20;9772212487;B
20240306;100458;7524;5;9772212488;B
20240306;100458;7524;3;9772212489;B
20240306;100458;7524.5;2;9772212490;B
20240306;100458;7524.5;1;9772212491;B
20240306;100458;7525;1;9772212492;B
20240306;100458;7513;10;9772212503;S
20240306;100458;7512.5;30;9772212504;S
20240306;100458;7510;10;9772212505;S
20240306;100458;7510;10;9772212506;S
20240306;100458;7510;10;9772212507;S
20240306;100458;7512.5;10;9772212508;S
20240306;100459;7510.5;10;9772212522;S
20240306;100459;7510;5;9772212523;S
20240306;100500;7511.5;3;9772212712;S
20240306;100500;7511.5;1;9772212724;S
20240306;100500;7514.5;1;9772212731;B
20240306;100501;7514;10;9772212921;S
20240306;100501;7513.5;20;9772212922;S
20240306;100502;7514.5;5;9772212997;B
20240306;100503;7514.5;20;9772213043;S
20240306;100503;7516;10;9772213180;B
20240306;100504;7515;1;9772213276;S
20240306;100505;7515;1;9772213373;B
20240306;100506;7514;1;9772213501;S
20240306;100507;7512;10;9772213647;S
20240306;100507;7512;7;9772213664;S
20240306;100508;7512;12;9772213833;S
20240306;100508;7512;1;9772213879;S
20240306;100510;7512.5;1;9772214014;B
20240306;100514;7511.5;1;9772214700;S
20240306;100514;7511.5;1;9772214710;S
20240306;100517;7511.5;2;9772214925;S
20240306;100517;7512;1;9772214957;B
20240306;100522;7512;32;9772215589;B
20240306;100522;7512;10;9772215590;B
20240306;100522;7512;28;9772215591;B
20240306;100524;7512;1;9772215824;B
20240306;100525;7512;1;9772215974;B
20240306;100525;7512;5;9772215975;B
20240306;100525;7512;10;9772215976;B
20240306;100525;7512;3;9772215977;B
20240306;100525;7512.5;5;9772215978;B
20240306;100525;7512.5;1;9772215979;B
20240306;100525;7513;5;9772215980;B
20240306;100526;7512;10;9772216032;B
20240306;100528;7512;2;9772216261;S
20240306;100529;7513;3;9772216274;B
20240306;100530;7512.5;12;9772216361;S
20240306;100530;7512.5;11;9772216384;S
20240306;100530;7512.5;10;9772216385;S
20240306;100530;7512;14;9772216386;S
20240306;100530;7512;65;9772216387;S
20240306;100530;7512.5;5;9772216407;B
20240306;100530;7512;1;9772216409;S
20240306;100530;7513;1;9772216412;B
20240306;100533;7513;4;9772216815;B
20240306;100533;7513;1;9772216817;S
20240306;100533;7513;1;9772216818;S
20240306;100533;7513;4;9772216819;S
20240306;100534;7513;1;9772216939;S
20240306;100535;7513.5;1;9772217072;B
20240306;100536;7513;1;9772217175;S
20240306;100540;7513;3;9772217674;S
20240306;100540;7512;10;9772217681;S
20240306;100540;7512;10;9772217682;S
20240306;100540;7512;20;9772217683;S
20240306;100540;7512;10;9772217684;S
20240306;100540;7512;10;9772217685;S
20240306;100540;7512;10;9772217686;S
20240306;100540;7512;30;9772217687;S
20240306;100540;7512;10;9772217688;S
20240306;100540;7512;10;9772217689;S
20240306;100540;7512;10;9772217691;S
20240306;100540;7512;10;9772217692;S
20240306;100540;7512.5;2;9772217694;B
20240306;100541;7512;40;9772217737;S
20240306;100545;7512;8;9772218358;S
20240306;100545;7512;5;9772218359;S
20240306;100545;7512;7;9772218360;S
20240306;100546;7512.5;31;9772218495;B
20240306;100546;7513;10;9772218496;B
20240306;100546;7513;5;9772218497;B
20240306;100546;7513;2;9772218498;B
20240306;100546;7513;10;9772218499;B
20240306;100546;7513.5;9;9772218500;B
20240306;100546;7513.5;10;9772218501;B
20240306;100546;7513.5;20;9772218502;B
20240306;100546;7513.5;3;9772218503;B
20240306;100546;7513;10;9772218504;B
20240306;100549;7512.5;1;9772218915;B
20240306;100549;7512.5;5;9772218916;B
20240306;100549;7513;23;9772218917;B
20240306;100549;7513;1;9772218918;B
20240306;100549;7513.5;7;9772218919;B
20240306;100549;7513.5;10;9772218920;B
20240306;100549;7513.5;10;9772218921;B
20240306;100549;7513.5;10;9772218922;B
20240306;100549;7514;5;9772218923;B
20240306;100549;7514;8;9772218924;B
20240306;100549;7512.5;1;9772218981;S
20240306;100551;7514;1;9772219232;B
20240306;100552;7514;7;9772219444;B
20240306;100553;7514;25;9772219478;B
20240306;100553;7512;3;9772219495;S
20240306;100553;7512;2;9772219496;S
20240306;100554;7514;8;9772219639;B
20240306;100555;7514;7;9772219747;B
20240306;100557;7513.5;3;9772220088;B
20240306;100557;7513.5;5;9772220089;B
20240306;100557;7514;34;9772220090;B
20240306;100557;7514.5;8;9772220091;B
20240306;100601;7513;1;9772220511;B
20240306;100601;7512.5;1;9772220574;S
20240306;100601;7512.5;4;9772220575;S
20240306;100602;7512;3;9772220761;S
20240306;100603;7512.5;20;9772221002;B
20240306;100603;7512;25;9772221043;S
20240306;100603;7512;25;9772221044;S
20240306;100605;7512.5;3;9772221444;B
20240306;100606;7512;9;9772221660;S
20240306;100611;7512.5;10;9772222432;B
20240306;100611;7512.5;5;9772222433;B
20240306;100611;7513;5;9772222434;B
20240306;100611;7513;30;9772222435;B
20240306;100613;7512.5;10;9772222776;B
20240306;100617;7512.5;5;9772223374;B
20240306;100617;7512;1;9772223396;S
20240306;100618;7512.5;1;9772223488;B
20240306;100620;7512;1;9772223676;S
20240306;100622;7512;150;9772224079;S
20240306;100623;7512;17;9772224215;S
20240306;100623;7512;4;9772224216;S
20240306;100623;7512;29;9772224217;S
20240306;100623;7512;21;9772224232;S
20240306;100623;7512;10;9772224233;S
20240306;100623;7512;1;9772224234;S
20240306;100623;7512;83;9772224235;S
20240306;100625;7512;1;9772224426;S
20240306;100625;7512;1;9772224449;S
20240306;100626;7512;10;9772224473;S
20240306;100626;7512;2;9772224501;S
20240306;100626;7512;1;9772224502;S
20240306;100626;7512;2;9772224554;S
20240306;100626;7512;1;9772224555;S
20240306;100626;7511.5;15;9772224556;S
20240306;100626;7511;8;9772224557;S
20240306;100627;7511;1;9772224674;S
20240306;100627;7511;2;9772224675;S
20240306;100627;7511;1;9772224679;S
20240306;100627;7511;2;9772224695;S
20240306;100629;7511;1;9772224877;S
20240306;100629;7511;1;9772224878;S
20240306;100630;7511;1;9772224958;S
20240306;100631;7511;1;9772225136;S
20240306;100631;7511;1;9772225183;S
20240306;100632;7511;1;9772225369;S
20240306;100634;7511;10;9772225712;S
20240306;100634;7511;2;9772225714;S
20240306;100636;7511;1;9772225916;S
20240306;100640;7511;1;9772226498;S
20240306;100640;7511;1;9772226511;S
20240306;100641;7511;1;9772226626;S
20240306;100641;7511;1;9772226643;S
20240306;100642;7511;1;9772226659;S
20240306;100644;7511;1;9772227021;S
20240306;100644;7511.5;1;9772227022;B
20240306;100645;7511;1;9772227130;S
20240306;100645;7512;2;9772227141;B
20240306;100645;7511;1;9772227158;S
20240306;100646;7511;1;9772227171;S
20240306;100646;7511;1;9772227175;S
20240306;100646;7511;4;9772227176;S
20240306;100646;7511;1;9772227213;S
20240306;100646;7511;1;9772227270;S
20240306;100646;7511;9;9772227271;S
20240306;100646;7511;58;9772227272;S
20240306;100646;7511;1;9772227273;S
20240306;100646;7510.5;1;9772227274;S
20240306;100646;7510.5;1;9772227275;S
20240306;100647;7510;1;9772227334;S
20240306;100647;7510;20;9772227335;S
20240306;100647;7510;1;9772227336;S
20240306;100648;7508.5;2;9772227480;S
20240306;100650;7507.5;10;9772227787;B
20240306;100652;7507.5;1;9772228000;B
20240306;100652;7508.5;5;9772228001;B
20240306;100652;7508.5;9;9772228002;B
20240306;100655;7508;1;9772228493;B
20240306;100658;7507.5;10;9772228786;S
20240306;100705;7507.5;1;9772229546;S
20240306;100705;7508;1;9772229589;B
20240306;100711;7507.5;1;9772230282;S
20240306;100711;7507;1;9772230283;S
20240306;100716;7508;3;9772231143;B
20240306;100721;7508;5;9772231696;B
20240306;100721;7508;5;9772231697;B
20240306;100721;7508;1;9772231698;B
20240306;100721;7508.5;39;9772231699;B
20240306;100725;7508;1;9772232398;B
20240306;100728;7507.5;6;9772232757;S
20240306;100728;7507.5;4;9772232758;S
20240306;100730;7507.5;1;9772232963;B
20240306;100733;7507.5;2;9772233306;B
20240306;100744;7507;5;9772234763;S
20240306;100744;7507;5;9772234764;S
20240306;100746;7507.5;1;9772235043;B
20240306;100750;7506.5;4;9772235398;B
20240306;100753;7506.5;1;9772235787;B
20240306;100754;7506.5;5;9772235826;B
20240306;100754;7506.5;15;9772235827;B
20240306;100759;7506;1;9772236416;S
20240306;100759;7506;19;9772236459;S
20240306;100759;7506;2;9772236460;S
20240306;100759;7505.5;2;9772236461;S
20240306;100759;7505.5;3;9772236462;S
20240306;100800;7505.5;30;9772236595;S
20240306;100800;7505.5;60;9772236596;S
20240306;100800;7505.5;10;9772236597;S
20240306;100800;7505;9;9772236598;S
20240306;100800;7505;20;9772236599;S
20240306;100800;7505;43;9772236600;S
20240306;100800;7505;10;9772236601;S
20240306;100800;7505;5;9772236602;S
20240306;100800;7503.5;130;9772236603;S
20240306;100800;7503.5;10;9772236604;S
20240306;100800;7503;50;9772236605;S
20240306;100800;7503;25;9772236606;S
20240306;100800;7503;1;9772236607;S
20240306;100800;7502.5;82;9772236608;S
20240306;100800;7502.5;77;9772236609;S
20240306;100800;7502;10;9772236610;S
20240306;100800;7502;51;9772236611;S
20240306;100800;7502;1;9772236612;S
20240306;100800;7502;105;9772236613;S
20240306;100800;7502;2;9772236614;S
20240306;100800;7502;60;9772236615;S
20240306;100800;7501.5;100;9772236616;S
20240306;100800;7501;100;9772236617;S
20240306;100800;7501;9;9772236618;S
20240306;100800;7503.5;1;9772236632;S
20240306;100800;7503;2;9772236647;S
20240306;100801;7504;1;9772236679;B
20240306;100801;7503.5;10;9772236696;S
20240306;100802;7504.5;10;9772236769;B
20240306;100805;7503.5;40;9772237237;S
20240306;100805;7502.5;26;9772237238;S
20240306;100807;7502;4;9772237487;S
20240306;100807;7502;30;9772237545;S
20240306;100811;7502.5;10;9772238735;S
20240306;100811;7502.5;50;9772238736;S
20240306;100811;7502;7;9772238737;S
20240306;100815;7503;2;9772239261;B
20240306;100817;7503.5;5;9772239651;B
20240306;100817;7504;5;9772239652;B
20240306;100819;7504;1;9772239831;B
20240306;100819;7504;3;9772239839;B
20240306;100820;7503;10;9772239987;S
20240306;100820;7502.5;50;9772239988;S
20240306;100820;7502.5;60;9772239989;S
20240306;100820;7502.5;66;9772239990;S
20240306;100820;7502.5;60;9772239991;S
20240306;100820;7502;9;9772239992;S
20240306;100820;7502;50;9772239993;S
20240306;100820;7502;1;9772239994;S
20240306;100820;7502;5;9772239995;S
20240306;100820;7502;10;9772239996;S
20240306;100820;7501;34;9772239997;S
20240306;100820;7501;1;9772239998;S
20240306;100820;7501;10;9772239999;S
20240306;100820;7501;50;9772240000;S
20240306;100820;7501;1;9772240001;S
20240306;100820;7500.5;10;9772240002;S
20240306;100820;7500.5;50;9772240003;S
20240306;100820;7500.5;1;9772240004;S
20240306;100820;7500;6;9772240005;S
20240306;100820;7500;1;9772240006;S
20240306;100820;7500;10;9772240007;S
20240306;100820;7500;3;9772240008;S
20240306;100820;7500;200;9772240009;S
20240306;100820;7500;4;9772240010;S
20240306;100820;7500;1;9772240011;S
20240306;100820;7500;1;9772240012;S
20240306;100820;7500;1;9772240013;S
20240306;100820;7500;6;9772240014;S
20240306;100820;7500;1;9772240015;S
20240306;100820;7500;10;9772240016;S
20240306;100820;7500;8;9772240017;S
20240306;100822;7500.5;10;9772240311;S
20240306;100822;7500.5;15;9772240312;S
20240306;100822;7500.5;2;9772240405;S
20240306;100823;7500.5;43;9772240434;S
20240306;100823;7500.5;50;9772240435;S
20240306;100823;7500.5;50;9772240436;S
20240306;100823;7500.5;10;9772240437;S
20240306;100823;7500;2;9772240438;S
20240306;100823;7500;7;9772240439;S
20240306;100823;7500;4;9772240440;S
20240306;100823;7500;50;9772240441;S
20240306;100823;7500;5;9772240442;S
20240306;100823;7500;20;9772240443;S
20240306;100823;7500;1;9772240444;S
20240306;100824;7499.5;1;9772240760;S
20240306;100824;7499;4;9772240761;S
20240306;100833;7499;5;9772241791;B
20240306;100836;7498.5;1;9772242203;S
20240306;100836;7498.5;3;9772242204;S
20240306;100836;7498.5;7;9772242208;S
20240306;100836;7498.5;33;9772242209;S
20240306;100836;7498.5;1;9772242210;S
20240306;100836;7498.5;2;9772242211;S
20240306;100836;7498;1;9772242212;S
20240306;100836;7498;10;9772242213;S
20240306;100836;7498;2;9772242214;S
20240306;100842;7498;10;9772242911;S
20240306;100842;7498;33;9772242912;S
20240306;100842;7497.5;20;9772242913;S
20240306;100842;7497.5;60;9772242914;S
20240306;100842;7497.5;5;9772242915;S
20240306;100842;7497;2;9772242916;S
20240306;100842;7497;10;9772242917;S
20240306;100842;7497;10;9772242918;S
20240306;100842;7497;2;9772242919;S
20240306;100842;7496.5;2;9772242920;S
20240306;100842;7496.5;2;9772242921;S
20240306;100842;7496.5;8;9772242922;S
20240306;100842;7496.5;25;9772242923;S
20240306;100842;7496.5;1;9772242924;S
20240306;100842;7496.5;17;9772242925;S
20240306;100842;7498.5;3;9772242983;B
20240306;100842;7498.5;2;9772242984;B
20240306;100844;7498.5;8;9772243139;B
20240306;100844;7498.5;5;9772243140;B
20240306;100844;7498.5;22;9772243141;B
20240306;100847;7498.5;1;9772243586;B
20240306;100849;7497;1;9772243729;S
20240306;100849;7497;9;9772243745;S
20240306;100849;7496.5;33;9772243746;S
20240306;100849;7496.5;2;9772243747;S
20240306;100849;7496.5;20;9772243748;S
20240306;100849;7496;2;9772243749;S
20240306;100849;7496;501;9772243750;S
20240306;100849;7496;10;9772243751;S
20240306;100849;7496;5;9772243752;S
20240306;100849;7496;60;9772243753;S
20240306;100849;7496;33;9772243754;S
20240306;100849;7495.5;3;9772243755;S
20240306;100849;7495.5;24;9772243756;S
20240306;100849;7495.5;2;9772243757;S
20240306;100849;7495.5;1;9772243758;S
20240306;100849;7495.5;10;9772243759;S
20240306;100849;7495.5;1;9772243760;S
20240306;100849;7495.5;10;9772243761;S
20240306;100849;7495;3;9772243762;S
20240306;100849;7495;2271;9772243763;S
20240306;100849;7496.5;5;9772243775;B
20240306;100850;7497;25;9772244105;S
20240306;100850;7495.5;3;9772244125;S
20240306;100850;7495.5;10;9772244126;S
20240306;100850;7495;57;9772244127;S
20240306;100851;7495.5;3;9772244226;S
20240306;100851;7495.5;1;9772244248;S
20240306;100851;7496.5;1;9772244268;B
20240306;100852;7496.5;5;9772244385;B
20240306;100852;7495.5;6;9772244419;S
20240306;100852;7495.5;4;9772244420;S
20240306;100854;7495.5;10;9772244626;S
20240306;100854;7495.5;3;9772244627;S
20240306;100854;7495.5;2;9772244648;S
20240306;100854;7495.5;2;9772244649;S
20240306;100854;7496;6;9772244679;B
20240306;100854;7496.5;9;9772244680;B
20240306;100854;7496.5;1;9772244681;B
20240306;100854;7496.5;41;9772244682;B
20240306;100854;7496.5;10;9772244683;B
20240306;100854;7497;27;9772244684;B
20240306;100854;7495.5;10;9772244685;S
20240306;100856;7495.5;4;9772244891;S
20240306;100856;7497;10;9772244939;B
20240306;100856;7497;41;9772244940;B
20240306;100856;7497.5;7;9772244941;B
20240306;100856;7497.5;50;9772244942;B
20240306;100856;7497.5;6;9772244943;B
20240306;100856;7498;50;9772244944;B
20240306;100856;7498;60;9772244945;B
20240306;100856;7498;50;9772244946;B
20240306;100856;7498.5;6;9772244947;B
20240306;100857;7497;1;9772245039;B
20240306;100858;7497.5;1;9772245207;B
20240306;100859;7497.5;1;9772245346;B
20240306;100900;7496.5;1;9772245575;S
20240306;100901;7497;1;9772245693;S
20240306;100904;7498;6;9772246153;B
20240306;100904;7498.5;4;9772246154;B
20240306;100905;7497.5;1;9772246203;S
20240306;100905;7499;3;9772246206;B
20240306;100905;7499;10;9772246207;B
20240306;100905;7499;1;9772246208;B
20240306;100906;7498;1;9772246269;S
20240306;100906;7499;12;9772246272;B
20240306;100907;7498;5;9772246458;S
20240306;100907;7498;41;9772246459;S
20240306;100907;7497.5;41;9772246460;S
20240306;100909;7498.5;1;9772246654;B
20240306;100912;7497.5;4;9772247085;S
20240306;100913;7498.5;5;9772247132;B
20240306;100913;7498.5;5;9772247133;B
20240306;100914;7497.5;10;9772247231;S
20240306;100914;7497.5;41;9772247232;S
20240306;100914;7497;1;9772247233;S
20240306;100914;7497;6;9772247234;S
20240306;100914;7497;400;9772247235;S
20240306;100914;7497;10;9772247236;S
20240306;100914;7496;50;9772247237;S
20240306;100914;7495.5;33;9772247238;S
20240306;100914;7495.5;4;9772247239;S
20240306;100914;7495.5;6;9772247240;S
20240306;100914;7495.5;60;9772247241;S
20240306;100914;7495;379;9772247242;S
20240306;100924;7496;1;9772248303;B
20240306;100924;7496.5;2;9772248370;B
20240306;100936;7496;8;9772249698;S
20240306;100938;7496;2;9772250103;S
20240306;100938;7496;1;9772250104;S
20240306;100938;7496;10;9772250105;S
20240306;100938;7496;1;9772250106;S
20240306;100941;7496;8;9772250408;B
20240306;100941;7496.5;6;9772250466;B
20240306;100944;7497;1;9772250735;B
20240306;100946;7498;1;9772250891;B
20240306;100947;7497.5;6;9772250959;S
20240306;100947;7497;60;9772250960;S
20240306;100947;7496.5;5;9772250961;S
20240306;100947;7496.5;10;9772250962;S
20240306;100947;7496;1;9772250963;S
20240306;100947;7496;10;9772250964;S
20240306;100947;7496;2;9772250965;S
20240306;100947;7496;41;9772250966;S
20240306;100947;7495.5;200;9772250967;S
20240306;100947;7495;293;9772250968;S
20240306;100947;7495;17;9772250969;S
20240306;100947;7495;10;9772250970;S
20240306;100947;7495;1;9772250971;S
20240306;100947;7495;5;9772250972;S
20240306;100947;7495;6;9772250973;S
20240306;100947;7495;20;9772250974;S
20240306;100947;7495;1;9772250975;S
20240306;100947;7495;1;9772250976;S
20240306;100947;7495;2;9772250977;S
20240306;100947;7495;2;9772250978;S
20240306;100947;7495;2;9772250979;S
20240306;100947;7495;10;9772250980;S
20240306;100947;7495;30;9772250981;S
20240306;100947;7494.5;122;9772250982;B
20240306;100947;7494.5;125;9772250983;B
20240306;100947;7494.5;18;9772250984;B
20240306;100947;7494.5;10;9772250985;S
20240306;100947;7496.5;2;9772250988;B
20240306;100948;7495.5;2;9772251096;S
20240306;100950;7495.5;20;9772251286;S
20240306;100951;7496.5;6;9772251446;S
20240306;100952;7496.5;2;9772251568;B
20240306;100952;7496.5;1;9772251594;B
20240306;100953;7496.5;4;9772251656;B
20240306;100953;7496.5;1;9772251701;S
20240306;100954;7497;6;9772251777;B
20240306;100954;7498;23;9772251778;B
20240306;100955;7496.5;5;9772251892;S
20240306;101003;7497.5;1;9772253105;B
20240306;101003;7498;11;9772253106;B
20240306;101003;7498.5;15;9772253107;B
20240306;101003;7498.5;6;9772253108;B
20240306;101003;7498.5;8;9772253109;B
20240306;101003;7498.5;1;9772253110;B
20240306;101003;7499;19;9772253111;B
20240306;101003;7499;4;9772253112;B
20240306;101003;7499;1;9772253113;B
20240306;101010;7499;59;9772253915;B
20240306;101010;7499;10;9772253916;B
20240306;101010;7499.5;50;9772253917;B
20240306;101010;7500;5;9772253918;B
20240306;101010;7500;2;9772253919;B
20240306;101010;7500;1;9772253920;B
20240306;101010;7500;3;9772253921;B
20240306;101010;7500;12;9772253922;B
20240306;101010;7500.5;10;9772253923;B
20240306;101010;7500.5;6;9772253924;B
20240306;101010;7500.5;1;9772253925;B
20240306;101010;7501;10;9772253926;B
20240306;101010;7501;1;9772253927;B
20240306;101010;7501;30;9772253928;B
20240306;101010;7501;1;9772253964;B
20240306;101010;7499;10;9772254033;S
20240306;101010;7499;15;9772254034;B
20240306;101012;7499;3;9772254403;B
20240306;101012;7500.5;1;9772254404;B
20240306;101012;7502;36;9772254405;B
20240306;101013;7499;10;9772254606;S
20240306;101013;7498.5;4;9772254607;S
20240306;101013;7499;4;9772254610;S
20240306;101014;7498.5;41;9772254721;S
20240306;101014;7498.5;10;9772254722;S
20240306;101014;7498;140;9772254723;S
20240306;101014;7498;6;9772254724;S
20240306;101014;7497;10;9772254725;S
20240306;101014;7497;6;9772254726;S
20240306;101014;7496.5;1;9772254727;S
20240306;101014;7496.5;4;9772254728;S
20240306;101018;7499.5;10;9772255318;B
20240306;101018;7500;50;9772255319;B
20240306;101018;7500;5;9772255320;B
20240306;101027;7498.5;2;9772256613;S
20240306;101027;7498.5;4;9772256632;S
20240306;101027;7498;20;9772256633;S
20240306;101027;7497.5;10;9772256634;S
20240306;101027;7497;41;9772256635;S
20240306;101027;7496.5;40;9772256636;S
20240306;101027;7496.5;10;9772256637;S
20240306;101027;7496.5;3;9772256638;S
20240306;101027;7496;250;9772256639;S
20240306;101027;7496;33;9772256640;S
20240306;101027;7496;1;9772256641;S
20240306;101027;7495.5;300;9772256642;S
20240306;101027;7495.5;46;9772256643;S
20240306;101029;7497;2;9772256879;B
20240306;101030;7497;8;9772256885;B
20240306;101030;7498;1;9772256940;B
20240306;101039;7498;9;9772258388;B
20240306;101039;7498;1;9772258389;B
20240306;101043;7498;10;9772258874;B
20240306;101044;7498.5;1;9772259022;B
20240306;101045;7498.5;5;9772259279;B
20240306;101054;7498.5;5;9772260507;S
20240306;101058;7498.5;1;9772261051;S
20240306;101100;7499.5;2;9772261206;B
20240306;101100;7499.5;2;9772261207;B
20240306;101101;7499.5;6;9772261503;B
20240306;101103;7499.5;1;9772261844;B
20240306;101117;7499;1;9772263525;S
20240306;101122;7498.5;6;9772264233;S
20240306;101130;7498.5;5;9772265101;S
20240306;101132;7499.5;1;9772265425;B
20240306;101133;7499.5;3;9772265477;B
20240306;101133;7499.5;10;9772265478;B
20240306;101133;7499.5;5;9772265479;B
20240306;101133;7499.5;2;9772265521;S
20240306;101134;7499.5;9;9772265607;S
20240306;101135;7499.5;2;9772265693;S
20240306;101135;7499.5;39;9772265761;S
20240306;101135;7499;5;9772265762;S
20240306;101135;7499;100;9772265763;S
20240306;101135;7498.5;10;9772265764;S
20240306;101135;7498.5;10;9772265765;S
20240306;101135;7498;90;9772265766;S
20240306;101135;7498;46;9772265767;S
20240306;101137;7498;1;9772265958;S
20240306;101141;7498;3;9772266409;S
20240306;101141;7498;1;9772266410;S
20240306;101141;7498;25;9772266411;S
20240306;101143;7499;5;9772266575;B
20240306;101143;7499.5;10;9772266576;B
20240306;101143;7499.5;5;9772266577;B
20240306;101143;7500;1;9772266578;B
20240306;101143;7500;3;9772266579;B
20240306;101143;7500;2;9772266580;B
20240306;101143;7500;60;9772266581;B
20240306;101143;7500;33;9772266582;B
20240306;101144;7500.5;9;9772266743;S
20240306;101149;7499.5;5;9772267492;S
20240306;101149;7499.5;1;9772267493;S
20240306;101149;7499;41;9772267494;S
20240306;101149;7499;40;9772267495;S
20240306;101149;7498.5;10;9772267496;S
20240306;101149;7498.5;10;9772267497;S
20240306;101149;7498;5;9772267498;S
20240306;101149;7498;188;9772267499;S
20240306;101152;7499.5;1;9772267696;B
20240306;101155;7499.5;5;9772268114;B
20240306;101202;7498.5;41;9772268799;S
20240306;101202;7498;112;9772268800;S
20240306;101202;7498;1;9772268801;S
20240306;101202;7498;20;9772268802;S
20240306;101202;7497.5;5;9772268803;S
20240306;101202;7497.5;2;9772268804;S
20240306;101202;7497;50;9772268805;S
20240306;101202;7497;10;9772268806;S
20240306;101202;7496.5;10;9772268807;S
20240306;101202;7496.5;33;9772268808;S
20240306;101202;7496;16;9772268809;S
20240306;101203;7498;5;9772268928;B
20240306;101203;7498;6;9772268929;B
20240306;101205;7498;4;9772269086;B
20240306;101205;7498.5;1;9772269087;B
20240306;101214;7496.5;26;9772270244;S
20240306;101214;7496.5;6;9772270245;S
20240306;101214;7496;47;9772270246;S
20240306;101214;7496;65;9772270247;S
20240306;101214;7496;10;9772270248;S
20240306;101214;7496;1;9772270249;S
20240306;101214;7496;5;9772270250;S
20240306;101214;7496;40;9772270251;S
20240306;101214;7495.5;100;9772270252;S
20240306;101219;7496;10;9772270908;B
20240306;101220;7496;1;9772271039;B
20240306;101226;7495.5;100;9772271840;S
20240306;101226;7495;100;9772271841;S
20240306;101226;7495;10;9772271842;S
20240306;101226;7495;1;9772271843;S
20240306;101226;7495;20;9772271844;S
20240306;101226;7495;1;9772271845;S
20240306;101226;7495;2;9772271846;S
20240306;101226;7494;1;9772271847;S
20240306;101226;7494;1;9772271848;S
20240306;101226;7494;1;9772271849;S
20240306;101226;7494;10;9772271850;S
20240306;101226;7494;3;9772271851;S
20240306;101226;7493;2;9772271852;S
20240306;101226;7493;10;9772271853;S
20240306;101226;7493;10;9772271854;S
20240306;101226;7493;10;9772271855;S
20240306;101226;7493;1;9772271856;S
20240306;101226;7492;18;9772271857;S
20240306;101226;7492;2;9772271858;S
20240306;101226;7491.5;5;9772271859;S
20240306;101226;7491;50;9772271860;S
20240306;101226;7491;30;9772271861;S
20240306;101226;7491;24;9772271862;S
20240306;101226;7491;2;9772271863;S
20240306;101226;7490.5;50;9772271864;S
20240306;101226;7490.5;1;9772271865;S
20240306;101226;7490.5;35;9772271866;S
20240306;101226;7491;10;9772271926;S
20240306;101226;7491;50;9772271927;S
20240306;101226;7491;10;9772271928;S
20240306;101226;7490.5;10;9772271929;S
20240306;101226;7490.5;33;9772271930;S
20240306;101226;7490.5;50;9772271931;S
20240306;101226;7490.5;37;9772271932;S
20240306;101228;7492;3;9772272108;B
20240306;101230;7494;5;9772272379;B
20240306;101230;7494;1;9772272461;B
20240306;101232;7495;1;9772272658;B
20240306;101233;7495;1;9772272797;B
20240306;101235;7495;1;9772273059;B
20240306;101236;7492.5;2;9772273194;S
20240306;101237;7492.5;1;9772273370;S
20240306;101237;7491;10;9772273371;S
20240306;101237;7491;50;9772273372;S
20240306;101237;7490.5;13;9772273373;S
20240306;101237;7490.5;50;9772273374;S
20240306;101237;7490.5;5;9772273375;S
20240306;101237;7490.5;1;9772273376;S
20240306;101242;7490.5;50;9772274000;S
20240306;101243;7492.5;10;9772274041;B
20240306;101243;7493;10;9772274053;B
20240306;101243;7493.5;5;9772274054;B
20240306;101243;7494;12;9772274055;B
20240306;101243;7494.5;50;9772274056;B
20240306;101243;7494.5;1;9772274057;B
20240306;101243;7495;22;9772274058;B
20240306;101246;7492.5;10;9772274403;S
20240306;101246;7492;5;9772274404;S
20240306;101246;7491.5;50;9772274405;S
20240306;101246;7491;30;9772274406;S
20240306;101250;7492;1;9772274807;B
20240306;101251;7490.5;10;9772274861;S
20240306;101251;7490.5;5;9772274895;S
20240306;101251;7490;10;9772274896;S
20240306;101251;7490;1;9772274897;S
20240306;101251;7490;4;9772274898;S
20240306;101251;7490;2;9772274899;S
20240306;101251;7490;3;9772274900;S
20240306;101251;7490;1;9772274935;S
20240306;101251;7490;1;9772274936;S
20240306;101251;7490;1;9772274937;S
20240306;101253;7490.5;1;9772275121;S
20240306;101256;7490;5;9772275615;S
20240306;101256;7490;7;9772275616;S
20240306;101256;7490;1;9772275617;S
20240306;101256;7490;1;9772275618;S
20240306;101256;7490;15;9772275619;S
20240306;101256;7490;16;9772275620;S
20240306;101256;7490;1;9772275621;S
20240306;101256;7490;10;9772275622;S
20240306;101256;7490;4;9772275623;S
20240306;101301;7490;46;9772276167;S
20240306;101301;7490;10;9772276168;S
20240306;101301;7490;29;9772276169;S
20240306;101301;7490;1;9772276170;S
20240306;101301;7490;5;9772276171;S
20240306;101301;7489.5;5;9772276172;S
20240306;101301;7489.5;104;9772276173;S
20240306;101303;7490;1;9772276373;S
20240306;101307;7490;50;9772276766;S
20240306;101310;7490;8;9772277049;S
20240306;101312;7491;10;9772277203;B
20240306;101312;7491;10;9772277204;B
20240306;101312;7491;10;9772277205;B
20240306;101312;7491;10;9772277206;B
20240306;101312;7490.5;1;9772277235;S
20240306;101312;7490.5;5;9772277236;S
20240306;101312;7490;42;9772277237;S
20240306;101312;7490;1;9772277238;S
20240306;101312;7490;5;9772277239;S
20240306;101312;7490;10;9772277240;S
20240306;101312;7490;36;9772277241;S
20240306;101315;7490;1;9772277587;B
20240306;101316;7489.5;1;9772277630;S
20240306;101316;7489.5;2;9772277638;S
20240306;101316;7490;9;9772277642;B
20240306;101316;7490;2;9772277643;B
20240306;101316;7490.5;8;9772277644;B
20240306;101317;7489.5;2;9772277831;S
20240306;101317;7489.5;5;9772277832;S
20240306;101317;7489;26;9772277833;S
20240306;101322;7490;1;9772278415;B
20240306;101323;7489.5;5;9772278560;S
20240306;101323;7489.5;10;9772278561;S
20240306;101323;7489;4;9772278562;S
20240306;101323;7489;5;9772278563;S
20240306;101323;7489;26;9772278564;S
20240306;101325;7489;1;9772278793;S
20240306;101325;7488.5;1;9772278794;S
20240306;101325;7488.5;10;9772278795;S
20240306;101325;7488.5;1;9772278796;S
20240306;101325;7488.5;5;9772278797;S
20240306;101325;7488.5;10;9772278798;S
20240306;101325;7488;5;9772278799;S
20240306;101325;7488;14;9772278800;S
20240306;101325;7488;1;9772278801;S
20240306;101325;7488;2;9772278802;S
20240306;101325;7488;1;9772278803;S
20240306;101325;7488;3;9772278804;S
20240306;101325;7488;46;9772278805;S
20240306;101326;7490;2;9772278875;B
20240306;101326;7488;26;9772278920;B
20240306;101327;7488;1;9772278995;S
20240306;101328;7489;10;9772279243;B
20240306;101330;7489;2;9772279339;B
20240306;101330;7489;1;9772279399;B
20240306;101331;7488;1;9772279472;S
20240306;101332;7489;6;9772279658;B
20240306;101337;7488;3;9772280269;S
20240306;101337;7488;10;9772280270;S
20240306;101337;7488;2;9772280271;S
20240306;101337;7487.5;5;9772280272;S
20240306;101337;7487.5;5;9772280273;S
20240306;101337;7487.5;5;9772280274;S
20240306;101337;7487.5;20;9772280275;S
20240306;101337;7487.5;10;9772280276;S
20240306;101337;7487;1;9772280277;S
20240306;101337;7487;1;9772280278;S
20240306;101337;7487;16;9772280279;S
20240306;101337;7487;1;9772280280;S
20240306;101337;7487;1;9772280281;S
20240306;101337;7486.5;7;9772280282;S
20240306;101337;7486;1;9772280283;S
20240306;101337;7486;50;9772280284;S
20240306;101337;7486;2;9772280285;S
20240306;101337;7486;1;9772280286;S
20240306;101337;7486;25;9772280287;S
20240306;101337;7486;10;9772280288;S
20240306;101337;7486;10;9772280289;S
20240306;101337;7486;5;9772280290;S
20240306;101337;7485.5;2;9772280291;S
20240306;101337;7485.5;1;9772280292;S
20240306;101337;7485.5;6;9772280293;S
20240306;101341;7488;3;9772280844;B
20240306;101341;7488;41;9772280845;B
20240306;101341;7488;10;9772280846;B
20240306;101341;7488.5;5;9772280847;B
20240306;101341;7488.5;10;9772280848;B
20240306;101341;7489;60;9772280849;B
20240306;101341;7489;16;9772280850;B
20240306;101342;7486;10;9772280867;S
20240306;101342;7486;10;9772280868;S
20240306;101345;7486.5;8;9772281173;S
20240306;101347;7488;1;9772281439;S
20240306;101349;7489;10;9772281585;S
20240306;101349;7489;5;9772281586;S
20240306;101349;7488.5;40;9772281587;S
20240306;101349;7487.5;10;9772281588;S
20240306;101349;7487;1;9772281589;S
20240306;101349;7487;41;9772281590;S
20240306;101349;7486.5;60;9772281591;S
20240306;101349;7486;2;9772281592;S
20240306;101349;7486;3;9772281593;S
20240306;101349;7486;33;9772281594;S
20240306;101349;7485.5;22;9772281595;S
20240306;101349;7485.5;30;9772281596;S
20240306;101349;7485;6;9772281597;S
20240306;101349;7485;11;9772281598;S
20240306;101349;7485;7;9772281599;S
20240306;101349;7485;2;9772281600;S
20240306;101349;7485;5;9772281601;S
20240306;101349;7485;10;9772281602;S
20240306;101349;7485;100;9772281603;S
20240306;101349;7485;2;9772281604;S
20240306;101349;7485.5;10;9772281614;S
20240306;101349;7485;8;9772281615;S
20240306;101349;7485;5;9772281616;S
20240306;101349;7485;5;9772281617;S
20240306;101349;7485;1;9772281618;S
20240306;101349;7485;1;9772281619;S
20240306;101349;7485;35;9772281620;S
20240306;101351;7486;2;9772281854;S
20240306;101353;7486;5;9772282062;S
20240306;101353;7486;2;9772282063;S
20240306;101356;7486.5;5;9772282350;S
20240306;101356;7486.5;4;9772282351;S
20240306;101356;7486;8;9772282352;S
20240306;101356;7486;60;9772282353;S
20240306;101358;7486;1;9772282522;B
20240306;101358;7486;104;9772282663;B
20240306;101358;7486;18;9772282664;B
20240306;101358;7486;1;9772282665;B
20240306;101400;7488;3;9772282800;B
20240306;101400;7485.5;5;9772282809;S
20240306;101400;7485.5;30;9772282810;S
20240306;101400;7485.5;1;9772282811;S
20240306;101400;7485;10;9772282812;S
20240306;101400;7485;1;9772282813;S
20240306;101400;7485;10;9772282814;S
20240306;101400;7485;2;9772282815;S
20240306;101400;7485;2;9772282816;S
20240306;101400;7485;10;9772282817;S
20240306;101400;7485;12;9772282818;S
20240306;101400;7485;500;9772282819;S
20240306;101400;7485;2;9772282820;S
20240306;101400;7485;10;9772282821;S
20240306;101400;7485;60;9772282822;S
20240306;101400;7484.5;10;9772282823;S
20240306;101400;7484.5;3;9772282824;S
20240306;101400;7484;62;9772282825;S
20240306;101400;7484;270;9772282826;S
20240306;101401;7484.5;14;9772282912;S
20240306;101401;7484.5;8;9772282916;S
20240306;101403;7484.5;1;9772283121;S
20240306;101405;7486;4;9772283499;B
20240306;101406;7486;1;9772283530;S
20240306;101406;7486;5;9772283531;S
20240306;101406;7485.5;120;9772283532;S
20240306;101406;7485;24;9772283533;S
20240306;101406;7485;1;9772283625;S
20240306;101407;7485;5;9772283769;S
20240306;101407;7485;2;9772283770;S
20240306;101407;7485.5;2;9772283784;S
20240306;101407;7485;48;9772283785;S
20240306;101407;7485;3;9772283786;S
20240306;101407;7485;10;9772283788;S
20240306;101407;7484.5;15;9772283789;S
20240306;101411;7484.5;7;9772284248;S
20240306;101412;7484.5;5;9772284322;S
20240306;101412;7484.5;1;9772284323;S
20240306;101412;7484.5;1;9772284324;S
20240306;101412;7484.5;5;9772284325;S
20240306;101412;7484;230;9772284326;S
20240306;101412;7484;250;9772284327;S
20240306;101412;7484;7;9772284328;S
20240306;101412;7484;1;9772284329;S
20240306;101412;7484;13;9772284330;S
20240306;101412;7484;5;9772284331;S
20240306;101412;7484;5;9772284332;S
20240306;101412;7484;1;9772284333;S
20240306;101412;7484;30;9772284334;S
20240306;101412;7484;20;9772284335;S
20240306;101412;7483.5;1;9772284336;S
20240306;101412;7483.5;10;9772284337;S
20240306;101412;7483.5;10;9772284338;S
20240306;101412;7483.5;60;9772284339;S
20240306;101412;7483;10;9772284340;S
20240306;101412;7483;44;9772284341;S
20240306;101412;7483;3;9772284342;S
20240306;101412;7483;288;9772284343;S
20240306;101412;7484;10;9772284345;B
20240306;101412;7484.5;10;9772284346;B
20240306;101412;7483;1;9772284353;S
20240306;101412;7483;30;9772284354;S
20240306;101412;7483;81;9772284383;S
20240306;101412;7483;1;9772284384;S
20240306;101412;7483;3;9772284385;S
20240306;101412;7483;33;9772284386;S
20240306;101412;7483;10;9772284387;S
20240306;101412;7483;10;9772284388;B
20240306;101412;7483;10;9772284392;B
20240306;101412;7483;10;9772284395;B
20240306;101412;7482.5;1;9772284397;S
20240306;101412;7483;10;9772284398;B
20240306;101412;7482.5;2;9772284407;S
20240306;101413;7482.5;1;9772284465;S
20240306;101413;7482.5;3;9772284466;S
20240306;101413;7482.5;23;9772284513;S
20240306;101413;7482.5;5;9772284514;S
20240306;101413;7482.5;39;9772284515;S
20240306;101413;7483;332;9772284516;B
20240306;101413;7483;5;9772284517;B
20240306;101413;7483;10;9772284518;B
20240306;101413;7483.5;6;9772284519;B
20240306;101413;7483.5;10;9772284520;B
20240306;101413;7484.5;1;9772284521;B
20240306;101413;7485;60;9772284522;B
20240306;101413;7486;41;9772284523;B
20240306;101413;7486.5;33;9772284524;B
20240306;101413;7486.5;2;9772284525;B
20240306;101413;7482.5;5;9772284530;S
20240306;101413;7482.5;33;9772284536;S
20240306;101413;7482.5;3;9772284537;S
20240306;101413;7482.5;41;9772284538;S
20240306;101413;7482;10;9772284539;S
20240306;101413;7482;23;9772284540;S
20240306;101413;7482;45;9772284586;S
20240306;101413;7482;18;9772284591;S
20240306;101413;7482;3;9772284592;S
20240306;101413;7482;5;9772284593;S
20240306;101413;7481.5;1;9772284594;S
20240306;101413;7481.5;1;9772284595;S
20240306;101413;7481.5;1;9772284596;S
20240306;101413;7481.5;37;9772284597;S
20240306;101413;7481.5;3;9772284599;S
20240306;101413;7482.5;10;9772284600;B
20240306;101413;7482;10;9772284608;S
20240306;101413;7481.5;120;9772284609;S
20240306;101413;7481.5;10;9772284610;S
20240306;101413;7481;60;9772284611;S
20240306;101414;7483;10;9772284658;B
20240306;101414;7483;50;9772284659;B
20240306;101414;7483.5;50;9772284660;B
20240306;101414;7483.5;50;9772284661;B
20240306;101414;7484;5;9772284662;B
20240306;101414;7484;35;9772284663;B
20240306;101414;7483.5;10;9772284706;B
20240306;101414;7483.5;50;9772284707;B
20240306;101414;7484;15;9772284708;B
20240306;101414;7484;25;9772284709;B
20240306;101415;7482.5;10;9772284838;B
20240306;101415;7483;1;9772284839;B
20240306;101415;7483;19;9772284840;B
20240306;101416;7483;10;9772284856;B
20240306;101416;7483;1;9772284857;B
20240306;101416;7483;2;9772284907;B
20240306;101416;7481.5;2;9772284938;S
20240306;101416;7481.5;4;9772284939;S
20240306;101419;7483;5;9772285165;S
20240306;101419;7482;1;9772285166;S
20240306;101419;7482;5;9772285167;S
20240306;101419;7481.5;34;9772285168;S
20240306;101419;7481.5;7;9772285186;S
20240306;101419;7481.5;3;9772285218;S
20240306;101419;7481;5;9772285219;S
20240306;101421;7483;3;9772285418;B
20240306;101421;7481;3;9772285516;S
20240306;101422;7482;1;9772285606;S
20240306;101422;7481.5;10;9772285607;S
20240306;101422;7481;32;9772285608;S
20240306;101422;7481;1;9772285609;S
20240306;101422;7481;11;9772285610;S
20240306;101423;7481;1;9772285838;S
20240306;101424;7481;38;9772285886;S
20240306;101424;7481;10;9772285887;S
20240306;101424;7481;1;9772285888;S
20240306;101424;7481;1;9772285889;S
20240306;101424;7481;1;9772285890;S
20240306;101424;7481;5;9772285891;S
20240306;101424;7481;1;9772285892;S
20240306;101424;7481;10;9772285893;S
20240306;101424;7480.5;50;9772285894;S
20240306;101424;7480.5;1;9772285895;S
20240306;101424;7480.5;1;9772285896;S
20240306;101424;7480.5;1;9772285897;S
20240306;101424;7480.5;2;9772285898;S
20240306;101424;7480.5;3;9772285899;S
20240306;101424;7480.5;10;9772285900;S
20240306;101424;7480.5;100;9772285901;S
20240306;101424;7480.5;53;9772285902;S
20240306;101424;7480.5;2;9772285903;S
20240306;101424;7480.5;33;9772285904;S
20240306;101424;7480.5;10;9772285905;S
20240306;101424;7480.5;1;9772285906;S
20240306;101424;7480.5;60;9772285907;S
20240306;101424;7480.5;40;9772285908;S
20240306;101424;7480;3;9772285909;S
20240306;101424;7480;1;9772285910;S
20240306;101424;7480;1;9772285911;S
20240306;101424;7480;61;9772285912;S
20240306;101424;7480.5;10;9772285914;S
20240306;101424;7480;139;9772285915;S
20240306;101424;7480;10;9772285916;S
20240306;101424;7480;5;9772285917;S
20240306;101424;7480;90;9772285918;S
20240306;101424;7480;46;9772285919;S
20240306;101424;7480;7;9772285920;S
20240306;101424;7481;10;9772285925;B
20240306;101424;7480.5;5;9772285929;B
20240306;101424;7481;5;9772285930;B
20240306;101424;7480.5;10;9772285932;B
20240306;101424;7480.5;50;9772285934;B
20240306;101424;7480;47;9772285945;S
20240306;101424;7480;10;9772285946;S
20240306;101424;7480;2;9772285947;S
20240306;101424;7480;4;9772285948;S
20240306;101424;7480;3;9772285949;S
20240306;101424;7480;5;9772285950;S
20240306;101424;7480;15;9772285951;S
20240306;101424;7480;5;9772285952;S
20240306;101424;7480;4;9772285953;S
20240306;101424;7480;5;9772285954;S
20240306;101424;7480;10;9772285955;S
20240306;101424;7480;10;9772285956;S
20240306;101424;7480;350;9772285957;S
20240306;101424;7480;1;9772285958;S
20240306;101424;7480;5;9772285959;S
20240306;101424;7480;1;9772285960;S
20240306;101424;7480;10;9772285961;S
20240306;101424;7480;1;9772285962;S
20240306;101424;7480;3;9772285963;S
20240306;101424;7480;2;9772285964;S
20240306;101424;7480;1;9772285965;S
20240306;101424;7480;6;9772285966;S
20240306;101424;7480;9;9772285967;S
20240306;101424;7480;1;9772285968;S
20240306;101424;7479.5;1;9772285969;S
20240306;101424;7479;2;9772285970;S
20240306;101424;7479;1;9772285971;S
20240306;101424;7478.5;9;9772285972;S
20240306;101424;7478.5;20;9772285973;S
20240306;101424;7479.5;10;9772285974;B
20240306;101424;7480;10;9772285975;B
20240306;101424;7480;10;9772285976;B
20240306;101424;7480.5;10;9772285977;B
20240306;101424;7480;10;9772285979;S
20240306;101424;7478.5;7;9772285981;S
20240306;101424;7480;1;9772285999;S
20240306;101424;7478.5;3;9772286000;S
20240306;101424;7478.5;23;9772286003;S
20240306;101424;7480;1;9772286009;S
20240306;101425;7480;1;9772286010;S
20240306;101425;7480;8;9772286011;S
20240306;101425;7480;24;9772286012;S
20240306;101425;7480;3;9772286013;S
20240306;101425;7479.5;10;9772286014;B
20240306;101425;7479.5;10;9772286015;B
20240306;101425;7478.5;1;9772286018;S
20240306;101425;7478;3;9772286019;S
20240306;101425;7478;7;9772286030;S
20240306;101425;7478;6;9772286031;S
20240306;101425;7478;30;9772286039;S
20240306;101425;7478;15;9772286044;S
20240306;101425;7478.5;1;9772286045;B
20240306;101425;7478.5;5;9772286046;B
20240306;101425;7478;3;9772286060;S
20240306;101425;7478;6;9772286062;S
20240306;101425;7478;5;9772286063;S
20240306;101425;7478;5;9772286064;S
20240306;101425;7478;24;9772286066;S
20240306;101425;7478;5;9772286067;S
20240306;101425;7478;1;9772286068;S
20240306;101425;7478;110;9772286069;S
20240306;101425;7478.5;10;9772286070;B
20240306;101425;7479;40;9772286071;B
20240306;101425;7478;2;9772286072;S
20240306;101425;7477.5;2;9772286084;S
20240306;101425;7478.5;1;9772286088;B
20240306;101425;7478;1;9772286089;S
20240306;101425;7477.5;5;9772286090;S
20240306;101425;7477.5;10;9772286098;S
20240306;101425;7477.5;3;9772286102;S
20240306;101425;7477;4;9772286103;S
20240306;101425;7477;1;9772286121;S
20240306;101425;7477;15;9772286124;S
20240306;101425;7477;14;9772286125;S
20240306;101425;7477;31;9772286126;S
20240306;101425;7478.5;9;9772286159;B
20240306;101425;7479;51;9772286160;B
20240306;101425;7477.5;2;9772286163;S
20240306;101425;7477;19;9772286164;S
20240306;101425;7477;79;9772286165;S
20240306;101426;7478;5;9772286197;S
20240306;101426;7477;45;9772286198;S
20240306;101426;7477;175;9772286215;S
20240306;101426;7477;20;9772286216;S
20240306;101426;7477;10;9772286217;S
20240306;101426;7477;10;9772286218;S
20240306;101426;7477;80;9772286219;S
20240306;101426;7476.5;300;9772286220;S
20240306;101426;7476.5;5;9772286221;S
20240306;101426;7476.5;10;9772286222;S
20240306;101426;7476;15;9772286223;S
20240306;101426;7476;99;9772286224;S
20240306;101426;7475.5;1;9772286225;S
20240306;101426;7475.5;10;9772286226;S
20240306;101426;7475;50;9772286227;S
20240306;101426;7475;5;9772286228;S
20240306;101426;7475;1;9772286229;S
20240306;101426;7475;4;9772286230;S
20240306;101426;7475;25;9772286231;S
20240306;101426;7475;10;9772286232;S
20240306;101426;7475;5;9772286233;S
20240306;101426;7475;10;9772286234;S
20240306;101426;7475;33;9772286235;S
20240306;101426;7474.5;1;9772286236;S
20240306;101426;7474.5;1;9772286237;S
20240306;101426;7474;8;9772286238;S
20240306;101426;7474;103;9772286239;S
20240306;101426;7474;1;9772286240;S
20240306;101426;7474;8;9772286241;S
20240306;101426;7474.5;3;9772286263;S
20240306;101426;7474;1;9772286325;S
20240306;101426;7476.5;1;9772286328;B
20240306;101426;7474;7;9772286350;S
20240306;101426;7474;30;9772286351;S
20240306;101426;7474;2;9772286352;S
20240306;101426;7474;5;9772286353;S
20240306;101426;7474;10;9772286354;S
20240306;101426;7473.5;10;9772286355;S
20240306;101426;7473.5;6;9772286356;S
20240306;101426;7474;43;9772286382;S
20240306;101426;7474.5;10;9772286391;S
20240306;101426;7474;3;9772286392;S
20240306;101426;7474;4;9772286393;S
20240306;101426;7474;2;9772286394;S
20240306;101427;7475;2;9772286414;S
20240306;101427;7475;5;9772286431;S
20240306;101427;7475.5;1;9772286435;B
20240306;101427;7475;1;9772286444;S
20240306;101427;7475;1;9772286450;S
20240306;101427;7475;6;9772286451;S
20240306;101427;7474;3;9772286452;S
20240306;101427;7474;4;9772286473;S
20240306;101428;7474.5;10;9772286511;S
20240306;101428;7476.5;1;9772286551;B
20240306;101429;7476.5;1;9772286701;B
20240306;101429;7476;1;9772286761;S
20240306;101429;7476.5;2;9772286765;B
20240306;101432;7476.5;1;9772287012;B
20240306;101432;7476;9;9772287023;S
20240306;101432;7476;1;9772287024;S
20240306;101432;7475.5;5;9772287025;S
20240306;101432;7475;5;9772287026;S
20240306;101434;7475;1;9772287233;S
20240306;101434;7475;4;9772287235;S
20240306;101434;7475;2;9772287236;S
20240306;101434;7475;3;9772287237;S
20240306;101435;7475;1;9772287380;S
20240306;101435;7475;10;9772287381;S
20240306;101435;7475;5;9772287382;S
20240306;101435;7475;9;9772287383;S
20240306;101436;7477;3;9772287773;B
20240306;101437;7475;5;9772287787;S
20240306;101437;7475;36;9772287796;S
20240306;101437;7475;6;9772287797;S
20240306;101438;7476;1;9772287927;S
20240306;101438;7477;3;9772287968;B
20240306;101439;7476.5;1;9772288191;B
20240306;101439;7476.5;1;9772288195;B
20240306;101439;7476;5;9772288198;S
20240306;101439;7475.5;5;9772288199;S
20240306;101439;7475.5;160;9772288200;S
20240306;101439;7475.5;10;9772288201;S
20240306;101439;7475;1;9772288202;S
20240306;101439;7474.5;50;9772288203;S
20240306;101439;7474.5;60;9772288204;S
20240306;101439;7474;1;9772288205;S
20240306;101439;7473.5;10;9772288206;S
20240306;101439;7473;10;9772288207;S
20240306;101439;7473;10;9772288208;S
20240306;101439;7473;1;9772288209;S
20240306;101439;7473;300;9772288210;S
20240306;101439;7472.5;1;9772288211;S
20240306;101439;7472.5;10;9772288212;S
20240306;101439;7472.5;70;9772288213;S
20240306;101439;7472;107;9772288214;S
20240306;101439;7472;10;9772288215;S
20240306;101439;7472;1;9772288216;S
20240306;101439;7472;72;9772288217;S
20240306;101439;7472;10;9772288218;S
20240306;101439;7471.5;25;9772288219;S
20240306;101439;7471.5;71;9772288220;S
20240306;101440;7475.5;8;9772288317;B
20240306;101440;7472.5;2;9772288319;S
20240306;101441;7474.5;1;9772288435;B
20240306;101441;7474.5;5;9772288437;B
20240306;101441;7475;1;9772288445;B
20240306;101442;7473.5;8;9772288504;S
20240306;101443;7475;1;9772288543;B
20240306;101443;7473.5;5;9772288568;S
20240306;101443;7473;2;9772288569;S
20240306;101443;7473;10;9772288570;S
20240306;101443;7472.5;23;9772288571;S
20240306;101447;7474.5;10;9772289007;B
20240306;101447;7474.5;2;9772289008;B
20240306;101447;7475;27;9772289009;B
20240306;101447;7475;5;9772289010;B
20240306;101447;7475;4;9772289011;B
20240306;101447;7475.5;2;9772289012;B
20240306;101449;7473.5;10;9772289280;S
20240306;101449;7473;5;9772289281;S
20240306;101449;7473;31;9772289282;S
20240306;101450;7476;20;9772289404;B
20240306;101450;7475;60;9772289432;S
20240306;101450;7474.5;10;9772289433;S
20240306;101450;7474;5;9772289434;S
20240306;101450;7473.5;3;9772289435;S
20240306;101450;7473;10;9772289436;S
20240306;101450;7472.5;60;9772289437;S
20240306;101450;7472.5;40;9772289438;S
20240306;101450;7472.5;60;9772289439;S
20240306;101450;7472;50;9772289440;S
20240306;101450;7472;50;9772289441;S
20240306;101450;7472;1;9772289442;S
20240306;101450;7472;5;9772289443;S
20240306;101450;7471.5;50;9772289444;S
20240306;101450;7471.5;10;9772289445;S
20240306;101450;7471;1;9772289446;S
20240306;101450;7471;5;9772289447;S
20240306;101450;7471;1;9772289448;S
20240306;101450;7471;70;9772289449;S
20240306;101450;7470.5;50;9772289450;S
20240306;101450;7470.5;50;9772289451;S
20240306;101450;7470.5;1;9772289452;S
20240306;101450;7470.5;1;9772289453;S
20240306;101450;7470.5;25;9772289454;S
20240306;101450;7470.5;1;9772289455;S
20240306;101450;7470.5;360;9772289456;S
20240306;101450;7470.5;2;9772289457;S
20240306;101450;7470.5;33;9772289458;S
20240306;101450;7470;1;9772289459;S
20240306;101450;7470;4;9772289460;S
20240306;101450;7470;2;9772289461;S
20240306;101450;7470;564;9772289462;S
20240306;101450;7470;10;9772289463;S
20240306;101450;7470;150;9772289464;S
20240306;101450;7470;2;9772289465;S
20240306;101450;7470;112;9772289466;S
20240306;101450;7470;1;9772289467;S
20240306;101450;7470;140;9772289468;S
20240306;101450;7471;2;9772289469;S
20240306;101450;7470;3;9772289470;S
20240306;101451;7470.5;10;9772289533;S
20240306;101451;7470;10;9772289534;S
20240306;101451;7470.5;10;9772289535;S
20240306;101451;7470;5;9772289536;S
20240306;101451;7472;10;9772289537;B
20240306;101451;7472;5;9772289538;B
20240306;101451;7472;5;9772289539;B
20240306;101451;7472;10;9772289540;B
20240306;101451;7472;4;9772289591;S
20240306;101451;7472;4;9772289592;S
20240306;101451;7472;3;9772289594;S
20240306;101453;7473;9;9772289898;S
20240306;101453;7473;5;9772289899;S
20240306;101453;7472.5;10;9772289900;S
20240306;101453;7472;19;9772289901;S
20240306;101453;7472;73;9772289902;S
20240306;101454;7474.5;1;9772289940;B
20240306;101456;7475.5;1;9772290148;B
20240306;101459;7476;1;9772290434;B
20240306;101500;7476;1;9772290479;B
20240306;101500;7476;1;9772290488;B
20240306;101501;7475.5;30;9772290536;S
20240306;101501;7475.5;5;9772290537;S
20240306;101501;7475.5;2;9772290538;S
20240306;101501;7475;2;9772290539;S
20240306;101501;7475;2;9772290540;S
20240306;101501;7475;55;9772290541;S
20240306;101501;7476;1;9772290942;B
20240306;101503;7475;12;9772291253;S
20240306;101503;7476;5;9772291362;B
20240306;101504;7475.5;5;9772291734;S
20240306;101504;7475.5;2;9772291735;S
20240306;101504;7475;28;9772291736;S
20240306;101504;7475;110;9772291790;S
20240306;101504;7474.5;206;9772291791;S
20240306;101504;7474.5;1;9772291792;S
20240306;101504;7474.5;120;9772291793;S
20240306;101504;7474.5;5;9772291794;S
20240306;101504;7474.5;1;9772291795;S
20240306;101504;7474;10;9772291796;S
20240306;101504;7473;10;9772291797;S
20240306;101504;7472.5;2;9772291798;S
20240306;101504;7472;2;9772291799;S
20240306;101504;7472;3;9772291800;S
20240306;101504;7472;10;9772291801;S
20240306;101504;7472;1;9772291802;S
20240306;101504;7471.5;5;9772291803;S
20240306;101504;7471.5;60;9772291804;S
20240306;101504;7471;1;9772291805;S
20240306;101504;7471;1;9772291806;S
20240306;101504;7471;1;9772291807;S
20240306;101504;7470.5;10;9772291808;S
20240306;101504;7470.5;2;9772291809;S
20240306;101504;7470.5;10;9772291810;S
20240306;101504;7470;192;9772291811;S
20240306;101504;7470;150;9772291812;S
20240306;101504;7470;45;9772291813;S
20240306;101504;7470;3;9772291814;S
20240306;101504;7470;3;9772291815;S
20240306;101504;7470;36;9772291816;S
20240306;101504;7472.5;10;9772291817;B
20240306;101504;7473;1;9772291858;B
20240306;101504;7473;1;9772291890;B
20240306;101508;7470.5;1;9772292632;S
20240306;101509;7473;8;9772292770;B
20240306;101509;7473.5;5;9772292827;B
20240306;101510;7474.5;33;9772292931;B
20240306;101510;7474.5;10;9772292932;B
20240306;101510;7475;52;9772292933;B
20240306;101510;7475.5;10;9772292984;B
20240306;101510;7476;21;9772292985;B
20240306;101510;7476.5;18;9772292986;B
20240306;101510;7476.5;1;9772292987;B
20240306;101510;7476;7;9772293017;B
20240306;101511;7476;3;9772293142;B
20240306;101513;7476;25;9772293703;S
20240306;101516;7476.5;1;9772294338;B
20240306;101517;7476;2;9772294463;S
20240306;101518;7477;1;9772294571;B
20240306;101518;7476;14;9772294615;S
20240306;101518;7476;5;9772294616;S
20240306;101518;7476;1;9772294617;S
20240306;101518;7475.5;120;9772294618;S
20240306;101518;7475.5;10;9772294619;S
20240306;101518;7475.5;2;9772294620;S
20240306;101518;7474.5;1;9772294621;S
20240306;101518;7474;10;9772294622;S
20240306;101518;7473;92;9772294623;S
20240306;101518;7473;39;9772294624;S
20240306;101518;7472.5;60;9772294625;S
20240306;101518;7472;1;9772294626;S
20240306;101518;7472;100;9772294627;S
20240306;101518;7471;33;9772294628;S
20240306;101518;7471;10;9772294629;S
20240306;101518;7471;10;9772294630;S
20240306;101518;7471;1;9772294631;S
20240306;101518;7470.5;491;9772294632;S
20240306;101519;7474;15;9772294888;B
20240306;101519;7472;1;9772294961;S
20240306;101520;7475;82;9772295094;B
20240306;101520;7475.5;18;9772295095;B
20240306;101520;7476;3;9772295178;B
20240306;101524;7475.5;6;9772295871;B
20240306;101524;7477;10;9772295916;B
20240306;101524;7477.5;1;9772295917;B
20240306;101524;7477.5;1;9772295918;B
20240306;101524;7477.5;33;9772295919;B
20240306;101524;7477.5;5;9772295920;B
20240306;101524;7477.5;13;9772295921;B
20240306;101524;7477.5;60;9772295922;B
20240306;101524;7478;10;9772295923;B
20240306;101524;7478.5;10;9772295924;B
20240306;101524;7478.5;1;9772295925;B
20240306;101524;7479;56;9772295926;B
20240306;101526;7477;5;9772296177;S
20240306;101526;7476.5;2;9772296178;S
20240306;101526;7476.5;10;9772296179;S
20240306;101526;7476;63;9772296180;S
20240306;101532;7478.5;10;9772297303;B
20240306;101532;7476.5;5;9772297373;S
20240306;101532;7476.5;10;9772297374;S
20240306;101532;7476;1;9772297375;S
20240306;101532;7476;80;9772297376;S
20240306;101532;7476;20;9772297377;S
20240306;101532;7475;5;9772297378;S
20240306;101532;7474.5;82;9772297379;S
20240306;101532;7474;10;9772297380;S
20240306;101532;7474;60;9772297381;S
20240306;101532;7474;1;9772297382;S
20240306;101532;7474;1;9772297383;S
20240306;101532;7474;1;9772297384;S
20240306;101532;7473.5;224;9772297385;S
20240306;101532;7477;8;9772297388;B
20240306;101533;7477;60;9772297525;B
20240306;101533;7477;10;9772297526;B
20240306;101533;7477.5;5;9772297527;B
20240306;101533;7477.5;25;9772297528;B
20240306;101534;7476;5;9772297621;S
20240306;101534;7475;1;9772297680;S
20240306;101534;7476.5;10;9772297688;B
20240306;101534;7474.5;10;9772297722;S
20240306;101534;7474.5;5;9772297723;S
20240306;101534;7474;184;9772297724;S
20240306;101540;7476;7;9772298868;B
20240306;101540;7477;1;9772298904;S
20240306;101543;7476.5;3;9772299433;S
20240306;101543;7476.5;5;9772299434;S
20240306;101543;7476.5;10;9772299435;S
20240306;101543;7476;12;9772299436;S
20240306;101545;7476;500;9772299703;S
20240306;101550;7476.5;2;9772300610;S
20240306;101550;7477.5;5;9772300636;B
20240306;101550;7478.5;2;9772300637;B
20240306;101550;7478.5;7;9772300638;B
20240306;101550;7478.5;6;9772300639;B
20240306;101550;7478.5;4;9772300683;B
20240306;101550;7478.5;10;9772300684;B
20240306;101550;7479;86;9772300685;B
20240306;101551;7476.5;1;9772300768;S
20240306;101553;7478.5;1;9772301107;B
20240306;101555;7478.5;1;9772301444;B
20240306;101556;7476.5;7;9772301645;S
20240306;101556;7476.5;5;9772301646;S
20240306;101556;7476;28;9772301647;S
20240306;101556;7476.5;7;9772301648;S
20240306;101556;7476;7;9772301649;S
20240306;101558;7478.5;1;9772301851;B
20240306;101558;7478.5;1;9772301861;B
20240306;101558;7478.5;1;9772301871;B
20240306;101559;7478.5;1;9772301940;B
20240306;101600;7478.5;4;9772302154;B
20240306;101600;7478.5;6;9772302155;B
20240306;101602;7478;5;9772302488;B
20240306;101604;7478.5;5;9772302715;B
20240306;101606;7477;2;9772302963;S
20240306;101607;7479;10;9772303383;B
20240306;101609;7478;1;9772303660;B
20240306;101611;7477;2;9772304029;S
20240306;101612;7478;1;9772304190;B
20240306;101615;7477.5;5;9772304639;S
20240306;101615;7477;10;9772304640;S
20240306;101615;7477;11;9772304641;S
20240306;101615;7477;160;9772304642;S
20240306;101615;7477;10;9772304643;S
20240306;101615;7476.5;3;9772304644;S
20240306;101615;7476;5;9772304645;S
20240306;101615;7476;1;9772304646;S
20240306;101615;7476;60;9772304647;S
20240306;101615;7475.5;60;9772304648;S
20240306;101615;7475;10;9772304649;S
20240306;101615;7474.5;6;9772304650;S
20240306;101615;7474;1;9772304651;S
20240306;101615;7474;10;9772304652;S
20240306;101615;7474;5;9772304653;S
20240306;101615;7473.5;4;9772304654;S
20240306;101615;7473.5;33;9772304655;S
20240306;101615;7473;4;9772304656;S
20240306;101615;7473;7;9772304657;S
20240306;101615;7473;15;9772304658;S
20240306;101615;7473;1;9772304659;S
20240306;101615;7473;1;9772304660;S
20240306;101615;7473;1;9772304661;S
20240306;101615;7472;35;9772304662;S
20240306;101615;7472;20;9772304663;S
20240306;101615;7472;10;9772304664;S
20240306;101615;7472;10;9772304665;S
20240306;101615;7471.5;2;9772304666;S
20240306;101617;7475;1;9772304851;B
20240306;101617;7475.5;10;9772304893;B
20240306;101621;7475;5;9772305442;B
20240306;101622;7473;1;9772305548;S
20240306;101627;7473;9;9772306296;S
20240306;101627;7472.5;5;9772306297;S
20240306;101627;7472.5;16;9772306298;S
20240306;101629;7473;10;9772306591;S
20240306;101629;7472.5;1;9772306592;S
20240306;101629;7472.5;60;9772306593;S
20240306;101629;7472.5;40;9772306594;S
20240306;101629;7472;10;9772306595;S
20240306;101629;7472;10;9772306596;S
20240306;101629;7472;1;9772306597;S
20240306;101629;7472;5;9772306598;S
20240306;101629;7472;20;9772306599;S
20240306;101629;7471.5;39;9772306600;S
20240306;101629;7471.5;2;9772306601;S
20240306;101629;7471.5;2;9772306602;S
20240306;101629;7471.5;2;9772306603;S
20240306;101629;7471.5;1;9772306604;S
20240306;101629;7471.5;1;9772306605;S
20240306;101629;7471;2;9772306606;S
20240306;101629;7471;5;9772306607;S
20240306;101629;7471;17;9772306608;S
20240306;101629;7471;43;9772306609;S
20240306;101629;7471;15;9772306610;S
20240306;101629;7471;5;9772306611;S
20240306;101629;7471;1;9772306612;S
20240306;101629;7471;1;9772306613;S
20240306;101629;7471;1;9772306614;S
20240306;101629;7471;2;9772306615;S
20240306;101629;7470.5;20;9772306616;S
20240306;101629;7470.5;50;9772306617;S
20240306;101629;7470.5;134;9772306618;S
20240306;101631;7473;1;9772306892;S
20240306;101631;7472;1;9772306893;S
20240306;101631;7471.5;8;9772306894;S
20240306;101631;7471.5;1;9772306984;S
20240306;101632;7473.5;1;9772307058;B
20240306;101633;7471.5;1;9772307169;S
20240306;101633;7471.5;2;9772307170;S
20240306;101633;7473.5;2;9772307249;B
20240306;101634;7473.5;5;9772307309;B
20240306;101634;7474;10;9772307310;B
20240306;101634;7474.5;15;9772307311;B
20240306;101634;7474.5;10;9772307338;B
20240306;101637;7471.5;5;9772307775;S
20240306;101640;7475;20;9772308220;B
20240306;101640;7475;2;9772308221;B
20240306;101640;7475;10;9772308222;B
20240306;101640;7475.5;5;9772308223;B
20240306;101640;7476;65;9772308224;B
20240306;101640;7476.5;1;9772308225;B
20240306;101640;7477;10;9772308226;B
20240306;101640;7477;33;9772308227;B
20240306;101640;7477;4;9772308228;B
20240306;101641;7476.5;10;9772308298;B
20240306;101641;7476.5;1;9772308333;B
20240306;101644;7477.5;3;9772308801;B
20240306;101646;7477.5;1;9772309218;B
20240306;101650;7477.5;9;9772310132;B
20240306;101650;7477.5;1;9772310133;B
20240306;101650;7478;70;9772310134;B
20240306;101650;7478;1;9772310135;B
20240306;101650;7478.5;4;9772310136;B
20240306;101650;7478.5;5;9772310137;B
20240306;101650;7478.5;1;9772310138;B
20240306;101650;7479;9;9772310139;B
20240306;101652;7478.5;2;9772310434;B
