<DATE>;<TIME>;<LAST>;<VOL>;<ID>;<OPER>
20240429;095948;8018;1;10234279792;S
20240429;095948;8018;14;10234279793;S
20240429;095948;8018;1;10234279794;S
20240429;095948;8018;2;10234279795;S
20240429;095948;8018;4;10234279796;S
20240429;095948;8018;1;10234279797;S
20240429;095948;8018;2;10234279798;S
20240429;095948;8018;1;10234279799;S
20240429;095948;8018;56;10234279800;S
20240429;095948;8018;10;10234279801;S
20240429;095948;8018;1;10234279802;S
20240429;095948;8018;1;10234279803;B
20240429;095948;8018;1;10234279804;B
20240429;095948;8018;3;10234279805;B
20240429;095948;8018;10;10234279806;B
20240429;095948;8018;1;10234279807;B
20240429;095948;8018;1;10234279808;B
20240429;095948;8018;10;10234279809;B
20240429;095948;8018;1;10234279810;B
20240429;095948;8018;7;10234279811;B
20240429;095948;8018;2;10234279812;S
20240429;095948;8018;3;10234279813;S
20240429;095948;8018;1;10234279814;S
20240429;095948;8018;9;10234279815;B
20240429;095948;8018;49;10234279816;B
20240429;095948;8018;54;10234279817;B
20240429;095948;8018;46;10234279818;B
20240429;095948;8018;1;10234279819;B
20240429;095948;8018;1;10234279820;B
20240429;095948;8018;52;10234279821;B
20240429;095948;8018;2;10234279822;B
20240429;095948;8018;1;10234279823;B
20240429;095948;8018;2;10234279824;B
20240429;095948;8018;6;10234279825;B
20240429;095948;8018;1;10234279826;B
20240429;095948;8018;5;10234279827;B
20240429;095948;8018;63;10234279828;B
20240429;095948;8018;1;10234279829;B
20240429;095948;8018;1;10234279830;B
20240429;095948;8018;4;10234279831;B
20240429;095948;8018;1;10234279832;B
20240429;095948;8018;2;10234279833;B
20240429;095948;8018;2;10234279834;B
20240429;095948;8018;1;10234279835;B
20240429;095948;8018;3;10234279836;B
20240429;095948;8018;1;10234279837;S
20240429;095948;8018;1;10234279838;S
20240429;095948;8018;10;10234279839;S
20240429;095948;8018;1;10234279840;S
20240429;095948;8018;3;10234279841;S
20240429;095948;8018;1;10234279842;S
20240429;095948;8018;6;10234279843;B
20240429;095948;8018;1;10234279844;B
20240429;095948;8018;1;10234279845;B
20240429;095948;8018;3;10234279846;B
20240429;095948;8018;1;10234279847;B
20240429;095948;8018;10;10234279848;B
20240429;095948;8018;1;10234279849;S
20240429;095948;8018;1;10234279850;B
20240429;095948;8018;1;10234279851;B
20240429;095948;8018;1;10234279852;B
20240429;095948;8018;1;10234279853;B
20240429;095948;8018;1;10234279854;B
20240429;095948;8018;2;10234279855;S
20240429;095948;8018;1;10234279856;B
20240429;095948;8018;1;10234279857;B
20240429;095948;8018;5;10234279858;B
20240429;095948;8018;1;10234279859;B
20240429;095948;8018;1;10234279860;B
20240429;095948;8018;2;10234279861;B
20240429;095948;8018;1;10234279862;B
20240429;095948;8018;1;10234279863;B
20240429;095948;8018;1;10234279864;B
20240429;095948;8018;1;10234279865;B
20240429;095948;8018;1;10234279866;B
20240429;095948;8018;1;10234279867;B
20240429;095948;8018;5;10234279868;S
20240429;095948;8018;1;10234279869;S
20240429;095948;8018;1;10234279870;S
20240429;095948;8018;1;10234279871;B
20240429;095948;8018;6;10234279872;B
20240429;095948;8018;4;10234279873;B
20240429;095948;8018;1;10234279874;B
20240429;095948;8018;4;10234279875;B
20240429;095948;8018;8;10234279876;B
20240429;095948;8018;1;10234279877;B
20240429;095948;8018;5;10234279878;B
20240429;095948;8018;31;10234279879;B
20240429;095948;8018;1;10234279880;B
20240429;095948;8018;5;10234279881;B
20240429;095948;8018;1;10234279882;B
20240429;095948;8018;6;10234279883;B
20240429;095948;8018;4;10234279884;B
20240429;095948;8018;3;10234279885;S
20240429;095948;8018;9;10234279886;S
20240429;095948;8018;10;10234279887;S
20240429;100000;8017.5;28;10234283067;B
20240429;100000;8018;25;10234283069;B
20240429;100000;8018;19;10234283070;B
20240429;100000;8017.5;22;10234283126;S
20240429;100000;8017;10;10234283187;B
20240429;100000;8016.5;1;10234283234;S
20240429;100000;8016;3;10234283235;S
20240429;100000;8017.5;13;10234283443;B
20240429;100000;8017;1;10234283523;S
20240429;100000;8017.5;15;10234283618;B
20240429;100000;8017.5;15;10234283619;B
20240429;100000;8018;35;10234283620;B
20240429;100001;8017.5;28;10234283904;B
20240429;100001;8017.5;10;10234283919;B
20240429;100001;8017;5;10234284106;S
20240429;100001;8018;176;10234284374;B
20240429;100001;8018;47;10234284375;B
20240429;100001;8018;1;10234284376;B
20240429;100001;8018;10;10234284377;B
20240429;100001;8018;2;10234284378;B
20240429;100001;8018;2;10234284379;B
20240429;100001;8018;10;10234284380;B
20240429;100001;8018.5;5;10234284381;B
20240429;100001;8018.5;10;10234284382;B
20240429;100001;8018.5;3;10234284383;B
20240429;100001;8018.5;2;10234284384;B
20240429;100001;8018.5;1;10234284385;B
20240429;100001;8018.5;11;10234284386;B
20240429;100001;8018.5;10;10234284387;B
20240429;100001;8019;2;10234284388;B
20240429;100001;8019;12;10234284389;B
20240429;100001;8019;20;10234284390;B
20240429;100001;8018.5;28;10234284398;S
20240429;100001;8018.5;14;10234284980;B
20240429;100001;8019;40;10234284981;B
20240429;100001;8019;3;10234284982;B
20240429;100001;8019;1;10234284983;B
20240429;100001;8019;1;10234284984;B
20240429;100001;8019.5;4;10234284985;B
20240429;100001;8019.5;1;10234284986;B
20240429;100001;8019.5;20;10234284987;B
20240429;100001;8019.5;1;10234284988;B
20240429;100001;8019.5;39;10234284989;B
20240429;100001;8018.5;70;10234284992;B
20240429;100001;8019.5;2;10234285030;B
20240429;100002;8019;20;10234285377;S
20240429;100002;8019.5;50;10234285399;B
20240429;100002;8019.5;10;10234285421;B
20240429;100002;8020;2;10234285422;B
20240429;100002;8020;1;10234285423;B
20240429;100002;8020;2;10234285424;B
20240429;100002;8020;1;10234285425;B
20240429;100002;8020;1;10234285426;B
20240429;100002;8019;3;10234285543;S
20240429;100002;8019;5;10234285544;S
20240429;100002;8019;12;10234285545;S
20240429;100002;8019.5;1;10234285585;S
20240429;100002;8019.5;1;10234285589;S
20240429;100002;8019.5;1;10234285592;S
20240429;100002;8019.5;1;10234285593;S
20240429;100002;8020;2;10234285613;B
20240429;100002;8020;8;10234285614;B
20240429;100002;8019.5;24;10234285633;S
20240429;100002;8019.5;1;10234285634;S
20240429;100002;8019.5;25;10234285638;S
20240429;100002;8019.5;5;10234285816;B
20240429;100002;8019;1;10234285817;S
20240429;100002;8019;55;10234285818;S
20240429;100002;8019;6;10234285936;S
20240429;100002;8019;3;10234285998;S
20240429;100003;8019;1;10234286177;S
20240429;100003;8019.5;10;10234286184;B
20240429;100003;8019.5;3;10234286192;B
20240429;100004;8019.5;4;10234286791;B
20240429;100004;8019.5;2;10234286803;B
20240429;100004;8019.5;3;10234286811;B
20240429;100004;8019.5;1;10234286812;B
20240429;100004;8019.5;9;10234286829;B
20240429;100004;8020;5;10234287135;B
20240429;100004;8020;1;10234287136;B
20240429;100004;8020;1;10234287137;B
20240429;100004;8020;5;10234287138;B
20240429;100004;8020;3;10234287139;B
20240429;100005;8020;85;10234287681;B
20240429;100005;8020;76;10234287682;B
20240429;100005;8020;1;10234288073;B
20240429;100005;8020;10;10234288081;B
20240429;100005;8019.5;28;10234288082;S
20240429;100005;8019.5;16;10234288083;S
20240429;100005;8020;1;10234288099;B
20240429;100006;8020;1;10234289981;B
20240429;100006;8019.5;1;10234289992;S
20240429;100006;8019.5;1;10234290276;S
20240429;100006;8020;1;10234290280;B
20240429;100006;8020;1;10234290527;B
20240429;100006;8020;1;10234291360;B
20240429;100006;8020;1;10234291362;B
20240429;100006;8020;2;10234291364;B
20240429;100006;8020;2;10234291365;B
20240429;100006;8020;3;10234291398;B
20240429;100006;8020;1;10234291402;B
20240429;100006;8020;1;10234291403;B
20240429;100006;8019.5;42;10234291440;S
20240429;100006;8020;1;10234291546;B
20240429;100006;8020;1;10234291557;B
20240429;100007;8020;25;10234291890;B
20240429;100007;8020;1;10234292459;B
20240429;100007;8019.5;2;10234292546;S
20240429;100007;8020;2;10234293272;B
20240429;100007;8020;1;10234293276;B
20240429;100007;8019.5;4;10234293282;S
20240429;100007;8019.5;6;10234293283;S
20240429;100007;8020;3;10234293401;B
20240429;100007;8019.5;2;10234293689;S
20240429;100007;8020;5;10234293764;B
20240429;100007;8020;1;10234293818;B
20240429;100007;8019.5;1;10234293823;S
20240429;100007;8020;1;10234294286;B
20240429;100007;8019.5;2;10234294287;S
20240429;100007;8020;12;10234294289;B
20240429;100008;8020;1;10234294646;B
20240429;100008;8020;1;10234294649;B
20240429;100008;8020;5;10234294650;B
20240429;100008;8020;1;10234294653;B
20240429;100008;8019.5;15;10234295052;S
20240429;100008;8020;7;10234295053;B
20240429;100008;8020;2;10234295054;B
20240429;100008;8019.5;3;10234295424;S
20240429;100008;8019.5;1;10234295528;S
20240429;100008;8020;1;10234295838;B
20240429;100008;8019.5;17;10234295845;S
20240429;100009;8019.5;2;10234296637;S
20240429;100009;8020;100;10234296705;B
20240429;100009;8020;1639;10234296903;B
20240429;100009;8020;1;10234296904;B
20240429;100009;8020;500;10234296905;B
20240429;100009;8020;44;10234296906;B
20240429;100009;8020;1;10234296907;B
20240429;100009;8020;50;10234296908;B
20240429;100009;8020;23;10234296909;B
20240429;100009;8020;2;10234296910;B
20240429;100009;8020;1;10234296911;B
20240429;100009;8020;1;10234296912;B
20240429;100009;8020;2;10234296913;B
20240429;100009;8020;5;10234296914;B
20240429;100009;8020;3;10234296915;B
20240429;100009;8020;1;10234296916;B
20240429;100009;8020;1;10234296917;B
20240429;100009;8021;3;10234296926;B
20240429;100009;8021;1;10234296927;B
20240429;100009;8021.5;1;10234296928;B
20240429;100009;8022;3;10234296941;B
20240429;100009;8023;1;10234296942;B
20240429;100009;8023;5;10234296943;B
20240429;100009;8023;1;10234296944;B
20240429;100009;8023;1;10234296945;B
20240429;100009;8023.5;1;10234296946;B
20240429;100009;8024;1;10234296950;B
20240429;100009;8024;2;10234296951;B
20240429;100009;8024.5;1;10234296952;B
20240429;100009;8024.5;70;10234296953;B
20240429;100009;8025;1;10234296955;B
20240429;100009;8025;1;10234296956;B
20240429;100009;8025;5;10234296957;B
20240429;100009;8025;5;10234296958;B
20240429;100009;8025;1;10234296959;B
20240429;100009;8025;1;10234296960;B
20240429;100009;8025;1;10234296961;B
20240429;100009;8025;68;10234296965;B
20240429;100009;8025;2;10234296967;B
20240429;100009;8025.5;1;10234296974;B
20240429;100009;8025.5;1;10234296975;B
20240429;100009;8026;5;10234296986;B
20240429;100009;8026;1;10234296987;B
20240429;100009;8026;10;10234296988;B
20240429;100009;8026;38;10234296989;B
20240429;100009;8026;70;10234296990;B
20240429;100009;8026.5;25;10234296996;B
20240429;100009;8026.5;1;10234296997;B
20240429;100009;8027;1;10234297000;B
20240429;100009;8027;1;10234297001;B
20240429;100009;8027;100;10234297002;B
20240429;100009;8027;70;10234297003;B
20240429;100009;8027;90;10234297004;B
20240429;100010;8027;4;10234297007;S
20240429;100010;8026;11;10234297008;S
20240429;100010;8026;6;10234297013;S
20240429;100010;8026;1;10234297023;S
20240429;100010;8027;10;10234297030;B
20240429;100010;8027.5;23;10234297031;B
20240429;100010;8027.5;2;10234297046;B
20240429;100010;8027.5;45;10234297189;B
20240429;100010;8028;1;10234297190;B
20240429;100010;8028;4;10234297191;B
20240429;100010;8027;1;10234297309;S
20240429;100010;8028;5;10234297319;B
20240429;100010;8028;1;10234297321;B
20240429;100010;8028;1;10234297327;B
20240429;100010;8027;1;10234297328;S
20240429;100010;8027;8;10234297329;S
20240429;100010;8026;10;10234297349;S
20240429;100010;8026;15;10234297350;S
20240429;100010;8026;3;10234297383;S
20240429;100010;8027;1;10234297385;B
20240429;100010;8028;6;10234297386;B
20240429;100010;8028;1;10234297387;B
20240429;100010;8027.5;1;10234297544;B
20240429;100010;8027.5;1;10234297589;B
20240429;100010;8027.5;2;10234297607;B
20240429;100010;8026;8;10234297692;S
20240429;100010;8026;2;10234297693;S
20240429;100010;8026;1;10234297694;S
20240429;100010;8026;2;10234297695;S
20240429;100010;8026;7;10234297696;S
20240429;100010;8026;28;10234297697;S
20240429;100010;8025.5;1;10234297700;S
20240429;100010;8026;3;10234297711;B
20240429;100010;8025.5;1;10234297712;S
20240429;100010;8025.5;1;10234297713;S
20240429;100011;8025.5;1;10234297736;S
20240429;100011;8025.5;1;10234297739;S
20240429;100011;8026;12;10234297745;B
20240429;100011;8026;16;10234297746;B
20240429;100011;8027;2;10234297747;B
20240429;100011;8027.5;6;10234297748;B
20240429;100011;8028;29;10234297749;B
20240429;100011;8025.5;1;10234297767;S
20240429;100011;8025.5;10;10234297805;S
20240429;100011;8027.5;5;10234297826;B
20240429;100011;8025.5;1;10234297843;S
20240429;100011;8026.5;1;10234297883;S
20240429;100012;8026;1;10234298067;S
20240429;100013;8026.5;14;10234298305;B
20240429;100014;8026;1;10234298661;S
20240429;100015;8026.5;25;10234299877;B
20240429;100015;8026.5;5;10234299895;B
20240429;100015;8026.5;20;10234299896;B
20240429;100017;8026;5;10234300650;S
20240429;100018;8026.5;24;10234300796;B
20240429;100018;8027;3;10234300797;B
20240429;100018;8027;2;10234300798;B
20240429;100018;8027.5;2;10234300871;S
20240429;100018;8028;15;10234300911;B
20240429;100019;8028;1;10234300984;B
20240429;100019;8028;37;10234301143;B
20240429;100019;8028;1;10234301144;B
20240429;100019;8028;12;10234301145;B
20240429;100020;8028;30;10234301161;B
20240429;100020;8028;10;10234301162;B
20240429;100020;8028;70;10234301163;B
20240429;100020;8028;2;10234301164;B
20240429;100020;8028.5;5;10234301169;B
20240429;100020;8028.5;5;10234301170;B
20240429;100020;8028.5;5;10234301171;B
20240429;100020;8028.5;5;10234301172;B
20240429;100020;8028.5;5;10234301173;B
20240429;100020;8028.5;5;10234301174;B
20240429;100020;8028.5;5;10234301176;B
20240429;100020;8028.5;5;10234301177;B
20240429;100020;8028.5;5;10234301178;B
20240429;100020;8028.5;5;10234301179;B
20240429;100020;8028.5;5;10234301180;B
20240429;100020;8028.5;5;10234301181;B
20240429;100020;8028.5;5;10234301182;B
20240429;100020;8028.5;5;10234301183;B
20240429;100020;8028.5;5;10234301184;B
20240429;100020;8028.5;1;10234301256;S
20240429;100020;8029;2;10234301439;B
20240429;100020;8029;1;10234301454;B
20240429;100020;8029;16;10234301455;B
20240429;100020;8029;54;10234301478;B
20240429;100020;8029.5;1;10234301479;B
20240429;100020;8029.5;2;10234301480;B
20240429;100020;8029.5;9;10234301481;B
20240429;100020;8030;2;10234301482;B
20240429;100020;8030;1;10234301483;B
20240429;100020;8030;1;10234301484;B
20240429;100020;8030;1;10234301485;B
20240429;100020;8030;3;10234301486;B
20240429;100020;8030;12;10234301487;B
20240429;100020;8029.5;1;10234301489;S
20240429;100020;8030;8;10234301630;B
20240429;100020;8030;9;10234301631;B
20240429;100020;8030;10;10234301632;B
20240429;100020;8030;1;10234301633;B
20240429;100020;8030;1;10234301634;B
20240429;100020;8030;50;10234301635;B
20240429;100020;8031;1;10234301636;B
20240429;100020;8032;1;10234301637;B
20240429;100020;8032;10;10234301638;B
20240429;100020;8032.5;10;10234301639;B
20240429;100020;8033;10;10234301640;B
20240429;100020;8033;11;10234301641;B
20240429;100020;8033;7;10234301642;B
20240429;100020;8033;1;10234301643;B
20240429;100020;8033;100;10234301644;B
20240429;100020;8033.5;1;10234301645;B
20240429;100020;8034;12;10234301646;B
20240429;100020;8034.5;2;10234301647;B
20240429;100020;8034.5;21;10234301648;B
20240429;100020;8034.5;34;10234301649;B
20240429;100020;8034;2;10234301686;B
20240429;100020;8031.5;1;10234301687;S
20240429;100020;8031.5;5;10234301688;S
20240429;100021;8031;1;10234301692;S
20240429;100021;8031;1;10234301702;S
20240429;100021;8031;2;10234301712;S
20240429;100021;8031;4;10234301713;S
20240429;100021;8033.5;2;10234301714;B
20240429;100021;8030.5;2;10234301717;S
20240429;100021;8030;20;10234301831;S
20240429;100021;8029.5;4;10234301832;S
20240429;100021;8030;2;10234301843;B
20240429;100021;8030;1;10234301844;B
20240429;100021;8032.5;24;10234301845;B
20240429;100021;8033;1;10234301846;B
20240429;100021;8033;40;10234301847;B
20240429;100021;8033;38;10234301848;B
20240429;100021;8033;10;10234301849;B
20240429;100021;8033;1;10234301857;S
20240429;100021;8033.5;1;10234301862;B
20240429;100021;8033.5;1;10234301868;B
20240429;100021;8033;1;10234301891;S
20240429;100021;8033.5;20;10234301923;B
20240429;100021;8033;5;10234301928;S
20240429;100022;8033;22;10234301993;S
20240429;100022;8033;1;10234302044;S
20240429;100023;8033.5;13;10234302492;B
20240429;100024;8033.5;66;10234302757;B
20240429;100025;8033;200;10234302873;S
20240429;100025;8033;34;10234302888;S
20240429;100025;8033;70;10234302895;S
20240429;100025;8030.5;5;10234302965;B
20240429;100025;8032;10;10234302966;B
20240429;100025;8032.5;17;10234302967;B
20240429;100025;8032.5;3;10234302968;B
20240429;100025;8032;5;10234303083;B
20240429;100028;8032;1;10234303734;B
20240429;100028;8031.5;1;10234303880;S
20240429;100029;8032.5;5;10234304115;B
20240429;100030;8032;7;10234304139;B
20240429;100030;8031.5;300;10234304150;S
20240429;100030;8031.5;28;10234304161;S
20240429;100030;8031;7;10234304170;B
20240429;100030;8031;21;10234304178;B
20240429;100030;8029.5;7;10234304494;S
20240429;100031;8029;3;10234304637;B
20240429;100031;8030.5;3;10234304640;B
20240429;100031;8028.5;1;10234304650;S
20240429;100031;8028.5;1;10234304651;S
20240429;100031;8029;17;10234304809;B
20240429;100031;8029.5;3;10234304810;B
20240429;100034;8029.5;38;10234305399;B
20240429;100034;8030;21;10234305400;B
20240429;100034;8030.5;3;10234305401;B
20240429;100034;8030.5;14;10234305402;B
20240429;100034;8030.5;18;10234305403;B
20240429;100034;8030;109;10234305404;S
20240429;100034;8030;32;10234305405;S
20240429;100035;8027;1;10234305884;S
20240429;100037;8027.5;10;10234306325;S
20240429;100038;8027.5;30;10234306560;S
20240429;100038;8027.5;28;10234306561;S
20240429;100038;8027.5;10;10234306562;S
20240429;100038;8027.5;32;10234306563;S
20240429;100038;8027.5;5;10234306564;S
20240429;100038;8028;1;10234306713;B
20240429;100038;8028;1;10234306714;B
20240429;100040;8028;4;10234307247;B
20240429;100040;8029.5;1;10234307248;B
20240429;100041;8027;1;10234307417;S
20240429;100041;8027;10;10234307418;S
20240429;100041;8026.5;5;10234307419;S
20240429;100041;8026.5;4;10234307420;S
20240429;100042;8027.5;1;10234307695;B
20240429;100042;8028;1;10234307726;B
20240429;100042;8028;2;10234307730;S
20240429;100043;8027.5;1;10234307907;S
20240429;100046;8028;10;10234308733;S
20240429;100046;8027;10;10234308734;B
20240429;100046;8027;3;10234308772;B
20240429;100047;8027;1;10234309107;B
20240429;100049;8027.5;10;10234309570;B
20240429;100049;8028;38;10234309571;B
20240429;100049;8028.5;3;10234309572;B
20240429;100049;8029;10;10234309586;B
20240429;100049;8029.5;28;10234309587;B
20240429;100049;8030;2;10234309607;B
20240429;100049;8030;8;10234309608;B
20240429;100050;8029.5;26;10234309824;S
20240429;100051;8027.5;1;10234310150;B
20240429;100051;8027.5;19;10234310152;B
20240429;100052;8027.5;1;10234310239;B
20240429;100052;8027.5;3;10234310260;B
20240429;100052;8027.5;47;10234310261;B
20240429;100052;8027.5;3;10234310291;B
20240429;100052;8029.5;38;10234310418;B
20240429;100052;8030;32;10234310419;B
20240429;100053;8030;1;10234310476;B
20240429;100054;8030;109;10234310875;B
20240429;100054;8030;91;10234310876;B
20240429;100054;8029;5;10234310976;S
20240429;100056;8029.5;40;10234311243;B
20240429;100056;8029.5;42;10234311244;B
20240429;100057;8029.5;40;10234311800;B
20240429;100057;8029.5;60;10234311801;B
20240429;100058;8029.5;2;10234312025;B
20240429;100058;8029;2;10234312100;S
20240429;100058;8028;1;10234312101;S
20240429;100058;8028;21;10234312102;S
20240429;100058;8027.5;5;10234312103;S
20240429;100058;8027;1;10234312104;S
20240429;100058;8027;1;10234312105;S
20240429;100058;8027;1;10234312106;S
20240429;100058;8027;25;10234312107;S
20240429;100100;8027.5;2;10234312444;S
20240429;100100;8028;1;10234312614;S
20240429;100101;8029.5;1;10234313052;B
20240429;100102;8029.5;2;10234313137;B
20240429;100106;8029;10;10234314190;B
20240429;100107;8029.5;50;10234314524;B
20240429;100108;8029.5;440;10234314659;B
20240429;100108;8029.5;14;10234314660;B
20240429;100108;8029.5;6;10234314661;B
20240429;100108;8030;40;10234314662;B
20240429;100108;8030;25;10234314828;B
20240429;100108;8030;1;10234314847;B
20240429;100108;8030;2;10234314862;B
20240429;100109;8030;1;10234315026;B
20240429;100110;8029.5;28;10234315124;S
20240429;100110;8029.5;10;10234315125;S
20240429;100110;8029.5;18;10234315126;S
20240429;100112;8030;1;10234315526;B
20240429;100115;8029.5;1;10234316020;S
20240429;100116;8030;1;10234316259;B
20240429;100116;8030;1;10234316276;B
20240429;100116;8029.5;1;10234316503;S
20240429;100116;8029.5;2;10234316512;S
20240429;100116;8029.5;30;10234316563;S
20240429;100117;8030;8;10234316686;B
20240429;100117;8030;2;10234316907;B
20240429;100119;8029.5;25;10234317237;S
20240429;100119;8029.5;38;10234317238;S
20240429;100119;8029.5;19;10234317239;S
20240429;100119;8029.5;4;10234317240;S
20240429;100119;8029.5;10;10234317241;S
20240429;100119;8029;15;10234317242;S
20240429;100119;8029;65;10234317243;S
20240429;100119;8028.5;11;10234317244;S
20240429;100119;8028.5;11;10234317245;S
20240429;100119;8028;21;10234317246;S
20240429;100120;8027.5;8;10234317439;S
20240429;100120;8028;79;10234317599;B
20240429;100122;8028;1;10234317838;S
20240429;100123;8028;9;10234318036;S
20240429;100123;8028;15;10234318037;S
20240429;100123;8028;38;10234318038;S
20240429;100123;8028;28;10234318039;S
20240429;100123;8028;10;10234318040;S
20240429;100124;8028.5;2;10234318419;B
20240429;100124;8030;8;10234318420;B
20240429;100124;8030;100;10234318475;B
20240429;100124;8029.5;2;10234318613;S
20240429;100127;8029.5;2;10234319274;S
20240429;100127;8029.5;4;10234319275;S
20240429;100127;8029.5;2;10234319276;S
20240429;100128;8028.5;4;10234319627;S
20240429;100128;8028.5;5;10234319703;S
20240429;100129;8028;4;10234319846;S
20240429;100131;8029;1;10234320068;B
20240429;100131;8029;1;10234320069;B
20240429;100132;8029;1;10234320365;B
20240429;100137;8029;1;10234321100;B
20240429;100137;8029;5;10234321163;B
20240429;100137;8028.5;10;10234321165;S
20240429;100137;8029;10;10234321356;B
20240429;100139;8029;170;10234321741;B
20240429;100139;8029.5;15;10234321742;B
20240429;100139;8029.5;6;10234321743;B
20240429;100139;8030;229;10234321744;B
20240429;100139;8029;17;10234321747;S
20240429;100139;8029;22;10234321748;S
20240429;100139;8028.5;38;10234321749;S
20240429;100139;8028.5;1;10234321750;S
20240429;100139;8028.5;33;10234321751;S
20240429;100139;8028.5;12;10234321758;S
20240429;100139;8030;100;10234321839;B
20240429;100140;8030;10;10234322065;B
20240429;100141;8029;2;10234322144;S
20240429;100143;8029;13;10234322566;S
20240429;100145;8030;2;10234322745;B
20240429;100146;8030;1;10234322853;B
20240429;100146;8029.5;1;10234322968;S
20240429;100146;8029.5;4;10234322969;S
20240429;100146;8030;116;10234323000;B
20240429;100146;8030;10;10234323001;B
20240429;100146;8030;1;10234323002;B
20240429;100146;8030;29;10234323003;B
20240429;100146;8030;15;10234323004;B
20240429;100146;8030;2;10234323005;B
20240429;100146;8030;125;10234323006;B
20240429;100146;8030;2;10234323007;B
20240429;100147;8030;1;10234323110;B
20240429;100147;8030;1;10234323111;B
20240429;100147;8030;2;10234323180;B
20240429;100147;8030;1;10234323181;B
20240429;100149;8030.5;1;10234323429;B
20240429;100149;8030.5;149;10234323430;B
20240429;100150;8030.5;5;10234323630;B
20240429;100150;8030.5;346;10234323683;B
20240429;100150;8030.5;1;10234323684;B
20240429;100150;8031;3;10234323685;B
20240429;100150;8031.5;22;10234323686;B
20240429;100150;8031.5;278;10234323687;B
20240429;100150;8032;50;10234323688;B
20240429;100150;8032;100;10234323689;B
20240429;100150;8032;1;10234323690;B
20240429;100150;8032;1;10234323691;B
20240429;100150;8032;19;10234323692;B
20240429;100150;8032;2;10234323693;B
20240429;100150;8032.5;1;10234323694;B
20240429;100152;8033.5;11;10234323939;B
20240429;100152;8033.5;7;10234323941;B
20240429;100153;8034;1;10234324080;B
20240429;100153;8033.5;3;10234324176;S
20240429;100153;8034;6;10234324208;B
20240429;100153;8034;9;10234324209;B
20240429;100153;8034;50;10234324210;B
20240429;100153;8034;15;10234324211;B
20240429;100153;8034.5;1;10234324212;B
20240429;100153;8035;500;10234324213;B
20240429;100153;8035;1;10234324214;B
20240429;100153;8035;50;10234324215;B
20240429;100153;8035;2;10234324216;B
20240429;100153;8035;20;10234324217;B
20240429;100153;8035;10;10234324218;B
20240429;100153;8035;1;10234324219;B
20240429;100153;8035;10;10234324220;B
20240429;100153;8035;5;10234324221;B
20240429;100153;8035;12;10234324222;B
20240429;100153;8036;20;10234324224;B
20240429;100153;8036.5;1;10234324225;B
20240429;100153;8037;2;10234324231;B
20240429;100153;8037.5;1;10234324232;B
20240429;100153;8037.5;1;10234324233;B
20240429;100153;8037.5;2;10234324234;B
20240429;100153;8038;1;10234324235;B
20240429;100153;8038;2;10234324236;B
20240429;100153;8038;4;10234324237;B
20240429;100153;8038;6;10234324241;B
20240429;100153;8038.5;2;10234324242;B
20240429;100153;8039;1;10234324243;B
20240429;100153;8039;3;10234324244;B
20240429;100153;8039;1;10234324245;B
20240429;100153;8039;15;10234324246;B
20240429;100153;8039.5;2;10234324247;B
20240429;100154;8038;4;10234324278;S
20240429;100154;8039;1;10234324330;S
20240429;100154;8039;13;10234324335;S
20240429;100154;8039;9;10234324336;S
20240429;100154;8038;1;10234324337;S
20240429;100154;8038;2;10234324338;S
20240429;100156;8038.5;1;10234324650;S
20240429;100159;8038.5;1;10234325051;S
20240429;100202;8039;1;10234325587;B
20240429;100202;8039;1;10234325588;B
20240429;100202;8039;15;10234325589;B
20240429;100202;8039.5;18;10234325590;B
20240429;100202;8039.5;3;10234325591;B
20240429;100202;8040;1;10234325592;B
20240429;100202;8040;1;10234325593;B
20240429;100202;8040;1;10234325594;B
20240429;100202;8040;1;10234325595;B
20240429;100202;8040;2;10234325596;B
20240429;100202;8040;1;10234325597;B
20240429;100202;8040;50;10234325598;B
20240429;100202;8040;1;10234325599;B
20240429;100202;8040;1;10234325600;B
20240429;100202;8040;40;10234325601;B
20240429;100202;8040;10;10234325602;B
20240429;100202;8040.5;21;10234325603;B
20240429;100202;8040.5;40;10234325604;B
20240429;100202;8041;10;10234325605;B
20240429;100202;8041;1;10234325606;B
20240429;100202;8041;40;10234325607;B
20240429;100202;8041.5;5;10234325608;B
20240429;100202;8041.5;11;10234325609;B
20240429;100202;8042;1;10234325610;B
20240429;100202;8042;100;10234325611;B
20240429;100202;8042;15;10234325612;B
20240429;100202;8042;38;10234325613;B
20240429;100202;8042.5;71;10234325614;B
20240429;100202;8040.5;10;10234325639;S
20240429;100202;8042.5;12;10234325649;B
20240429;100202;8042.5;10;10234325650;B
20240429;100202;8043;1;10234325651;B
20240429;100202;8043;27;10234325652;B
20240429;100202;8043;14;10234325653;B
20240429;100202;8044;32;10234325654;B
20240429;100202;8044;2;10234325655;B
20240429;100202;8044;40;10234325656;B
20240429;100202;8044.5;21;10234325657;B
20240429;100202;8044.5;38;10234325658;B
20240429;100202;8044.5;40;10234325659;B
20240429;100202;8044.5;5;10234325660;B
20240429;100202;8045;56;10234325661;B
20240429;100203;8044.5;3;10234325695;B
20240429;100203;8044.5;1;10234325702;B
20240429;100203;8044.5;6;10234325715;B
20240429;100203;8044.5;12;10234325716;B
20240429;100203;8044.5;27;10234325717;B
20240429;100203;8045;444;10234325718;B
20240429;100203;8045;20;10234325719;B
20240429;100203;8045;1;10234325720;B
20240429;100203;8045;10;10234325721;B
20240429;100203;8045;4;10234325722;B
20240429;100203;8045;1;10234325723;B
20240429;100203;8045.5;14;10234325724;B
20240429;100203;8046;2;10234325725;B
20240429;100203;8046;21;10234325726;B
20240429;100203;8046;38;10234325727;B
20240429;100203;8044.5;10;10234325738;S
20240429;100203;8044;1;10234325739;S
20240429;100203;8044.5;2;10234325813;S
20240429;100203;8044.5;2;10234325814;S
20240429;100203;8044.5;6;10234325816;S
20240429;100203;8044;2;10234325817;S
20240429;100203;8047;10;10234325819;B
20240429;100203;8047;12;10234325820;B
20240429;100203;8047.5;33;10234325821;B
20240429;100203;8044.5;2;10234325841;S
20240429;100203;8047;12;10234325853;B
20240429;100203;8047;10;10234325854;B
20240429;100203;8047.5;17;10234325855;B
20240429;100203;8047.5;1;10234325856;B
20240429;100203;8047.5;1;10234325857;B
20240429;100203;8047.5;2;10234325858;B
20240429;100203;8044.5;5;10234325912;S
20240429;100203;8044.5;3;10234325917;S
20240429;100203;8044.5;1;10234325918;S
20240429;100203;8044.5;1;10234325928;S
20240429;100203;8044.5;1;10234325929;S
20240429;100204;8044.5;1;10234325983;S
20240429;100204;8044.5;1;10234326008;S
20240429;100204;8044.5;1;10234326037;S
20240429;100204;8044.5;1;10234326099;S
20240429;100207;8044;5;10234326608;S
20240429;100208;8044.5;1;10234326683;B
20240429;100208;8045;1;10234326684;B
20240429;100208;8045;4;10234326685;B
20240429;100208;8045;5;10234326686;B
20240429;100208;8045;14;10234326687;B
20240429;100208;8045.5;9;10234326688;B
20240429;100208;8045.5;29;10234326753;B
20240429;100208;8045.5;1;10234326754;B
20240429;100208;8045.5;17;10234326755;B
20240429;100208;8045.5;10;10234326756;B
20240429;100208;8045.5;3;10234326757;B
20240429;100208;8045.5;17;10234326806;B
20240429;100208;8045.5;38;10234326807;B
20240429;100208;8045;9;10234326837;S
20240429;100209;8046;1;10234327116;B
20240429;100211;8045;6;10234327458;S
20240429;100211;8046;10;10234327506;B
20240429;100211;8046;10;10234327507;B
20240429;100211;8045;1;10234327538;S
20240429;100212;8045;1;10234327788;S
20240429;100213;8046;13;10234327845;B
20240429;100213;8046;17;10234327846;B
20240429;100213;8046.5;1;10234327928;B
20240429;100214;8046.5;11;10234328208;B
20240429;100214;8046.5;16;10234328209;B
20240429;100215;8045.5;10;10234328293;S
20240429;100215;8045;22;10234328294;S
20240429;100215;8045;46;10234328295;S
20240429;100216;8045;12;10234328436;B
20240429;100216;8045;11;10234328463;B
20240429;100217;8045;3;10234328724;B
20240429;100218;8045;6;10234329002;B
20240429;100219;8045;13;10234329344;B
20240429;100220;8045;1;10234329417;B
20240429;100220;8045;100;10234329434;B
20240429;100220;8045;1;10234329454;B
20240429;100221;8045;1;10234329599;B
20240429;100221;8045;1;10234329697;B
20240429;100223;8044.5;13;10234329969;S
20240429;100223;8044.5;10;10234329970;S
20240429;100223;8044.5;1;10234329971;S
20240429;100223;8044.5;26;10234329973;B
20240429;100223;8045;93;10234329974;B
20240429;100223;8044.5;1;10234330010;S
20240429;100224;8044.5;1;10234330317;B
20240429;100225;8045;10;10234330427;B
20240429;100226;8044.5;10;10234330468;B
20240429;100226;8044;2;10234330513;S
20240429;100226;8045;1;10234330592;B
20240429;100227;8045;138;10234330749;B
20240429;100227;8045;13;10234330750;B
20240429;100227;8045;5;10234330751;B
20240429;100227;8045;50;10234330752;B
20240429;100227;8045;1;10234330753;B
20240429;100227;8045;40;10234330754;B
20240429;100227;8045;10;10234330755;B
20240429;100227;8045.5;40;10234330756;B
20240429;100227;8046;40;10234330757;B
20240429;100227;8046;10;10234330758;B
20240429;100227;8046.5;3;10234330812;B
20240429;100228;8046.5;9;10234331005;B
20240429;100228;8046.5;5;10234331006;B
20240429;100228;8047;1;10234331007;B
20240429;100228;8047;1;10234331008;B
20240429;100228;8047;2;10234331009;B
20240429;100228;8047;2;10234331010;B
20240429;100229;8047;12;10234331194;B
20240429;100230;8047;7;10234331467;B
20240429;100231;8047;3;10234331529;B
20240429;100231;8047;28;10234331632;B
20240429;100231;8047.5;1;10234331633;B
20240429;100231;8047.5;5;10234331634;B
20240429;100231;8047.5;13;10234331635;B
20240429;100231;8048;1;10234331636;B
20240429;100231;8048;1;10234331637;B
20240429;100231;8048;10;10234331638;B
20240429;100231;8048;5;10234331639;B
20240429;100231;8048;10;10234331640;B
20240429;100231;8048;1;10234331641;B
20240429;100231;8048;10;10234331642;B
20240429;100231;8048;1;10234331643;B
20240429;100231;8048.5;1;10234331644;B
20240429;100231;8048.5;1;10234331645;B
20240429;100231;8048.5;12;10234331646;B
20240429;100232;8048.5;1;10234331706;B
20240429;100232;8047.5;13;10234331785;S
20240429;100232;8047;14;10234331786;S
20240429;100232;8046.5;8;10234331797;S
20240429;100232;8046;3;10234331825;S
20240429;100235;8047;3;10234332429;B
20240429;100237;8047;1;10234332773;B
20240429;100237;8047;1;10234332867;S
20240429;100238;8047;1;10234333187;B
20240429;100239;8046.5;1;10234333301;S
20240429;100240;8046.5;22;10234333663;S
20240429;100240;8047;42;10234333669;B
20240429;100240;8047;8;10234333670;B
20240429;100241;8047;3;10234333784;B
20240429;100241;8047.5;1;10234333785;B
20240429;100242;8047.5;169;10234333935;B
20240429;100242;8047.5;40;10234333936;B
20240429;100242;8048;20;10234333937;B
20240429;100242;8048;5;10234333938;B
20240429;100242;8048;16;10234333939;B
20240429;100243;8048;1;10234334084;B
20240429;100245;8047.5;10;10234334315;S
20240429;100245;8047.5;13;10234334316;S
20240429;100245;8047.5;20;10234334317;S
20240429;100245;8047.5;27;10234334378;S
20240429;100245;8047.5;10;10234334379;S
20240429;100245;8047;7;10234334380;S
20240429;100246;8047.5;5;10234334479;S
20240429;100247;8047.5;22;10234334538;S
20240429;100247;8047;11;10234334588;S
20240429;100247;8047;39;10234334589;S
20240429;100247;8047;3;10234334603;B
20240429;100247;8047;35;10234334606;B
20240429;100247;8047.5;23;10234334607;B
20240429;100247;8047.5;10;10234334608;B
20240429;100247;8048;32;10234334609;B
20240429;100247;8047.5;10;10234334616;B
20240429;100248;8048;19;10234334743;B
20240429;100248;8048;2;10234334744;B
20240429;100248;8048;1;10234334745;B
20240429;100248;8048;13;10234334746;B
20240429;100248;8048.5;1;10234334747;B
20240429;100248;8048.5;1;10234334748;B
20240429;100248;8048.5;12;10234334749;B
20240429;100248;8049;1;10234334750;B
20240429;100248;8049;11;10234334751;B
20240429;100248;8049;3;10234334752;B
20240429;100248;8049;20;10234334753;B
20240429;100248;8049;75;10234334754;B
20240429;100248;8049;66;10234334755;B
20240429;100248;8049;1;10234334756;B
20240429;100248;8049;4;10234334757;B
20240429;100248;8049;2;10234334758;B
20240429;100248;8049;6;10234334759;B
20240429;100250;8048;13;10234335192;S
20240429;100250;8048;7;10234335193;S
20240429;100250;8049;5;10234335213;B
20240429;100250;8049;2;10234335214;B
20240429;100250;8049;13;10234335215;B
20240429;100250;8047.5;33;10234335223;S
20240429;100250;8047.5;10;10234335224;S
20240429;100250;8047.5;2;10234335225;S
20240429;100254;8047;2;10234335771;S
20240429;100254;8047.5;10;10234335848;B
20240429;100254;8047.5;12;10234335849;B
20240429;100254;8048;1;10234335850;B
20240429;100254;8048;13;10234335851;B
20240429;100254;8048;14;10234335852;B
20240429;100255;8047.5;10;10234335905;B
20240429;100255;8047.5;12;10234335906;B
20240429;100255;8048;24;10234335907;B
20240429;100255;8048;5;10234335908;B
20240429;100255;8048;27;10234335909;B
20240429;100255;8048.5;2;10234335910;B
20240429;100255;8048.5;17;10234335911;B
20240429;100255;8048.5;40;10234335912;B
20240429;100255;8048.5;13;10234335913;B
20240429;100255;8049;44;10234335914;B
20240429;100255;8049;3;10234335915;B
20240429;100255;8049;40;10234335916;B
20240429;100255;8049;19;10234335917;B
20240429;100255;8049.5;2;10234335918;B
20240429;100255;8049.5;1;10234335919;B
20240429;100255;8049.5;10;10234335920;B
20240429;100255;8049.5;40;10234335921;B
20240429;100255;8049.5;21;10234335922;B
20240429;100255;8049.5;170;10234335923;B
20240429;100255;8047.5;1;10234336033;S
20240429;100258;8047;98;10234336398;S
20240429;100259;8047;10;10234336535;S
20240429;100259;8047;42;10234336600;S
20240429;100259;8047;3;10234336601;S
20240429;100259;8047;44;10234336602;S
20240429;100259;8047;79;10234336603;S
20240429;100300;8046.5;13;10234336685;S
20240429;100300;8046.5;1;10234336715;B
20240429;100301;8046;50;10234336802;S
20240429;100301;8046;12;10234336803;S
20240429;100301;8046;7;10234336804;S
20240429;100301;8045.5;11;10234336805;S
20240429;100301;8045.5;1;10234336846;B
20240429;100302;8045;10;10234336902;S
20240429;100302;8045;20;10234336988;S
20240429;100303;8045;50;10234337096;S
20240429;100305;8045.5;2;10234337511;B
20240429;100306;8045.5;8;10234337544;B
20240429;100306;8045.5;2;10234337556;S
20240429;100306;8045;60;10234337557;S
20240429;100306;8045;5;10234337558;S
20240429;100306;8045;64;10234337559;S
20240429;100306;8045;30;10234337560;S
20240429;100306;8045;3;10234337561;S
20240429;100306;8045;50;10234337562;S
20240429;100306;8045;1;10234337563;S
20240429;100306;8044;30;10234337590;S
20240429;100306;8043.5;13;10234337591;S
20240429;100306;8043;1;10234337592;S
20240429;100306;8042;5;10234337593;S
20240429;100306;8041.5;45;10234337594;S
20240429;100306;8041;1;10234337595;S
20240429;100306;8041;5;10234337596;S
20240429;100307;8040.5;20;10234337681;B
20240429;100307;8040;1;10234337682;S
20240429;100307;8040.5;2;10234337854;B
20240429;100309;8040;10;10234338208;S
20240429;100310;8040;10;10234338431;S
20240429;100310;8040;5;10234338437;S
20240429;100311;8040;175;10234338639;S
20240429;100311;8040;2;10234338640;S
20240429;100311;8040;10;10234338641;S
20240429;100311;8040;40;10234338642;S
20240429;100311;8039.5;45;10234338643;S
20240429;100311;8039.5;13;10234338644;S
20240429;100311;8039.5;40;10234338645;S
20240429;100311;8039;1;10234338646;S
20240429;100311;8039;70;10234338647;S
20240429;100311;8039;40;10234338648;S
20240429;100311;8039;21;10234338649;S
20240429;100311;8038.5;3;10234338650;S
20240429;100311;8038.5;27;10234338651;S
20240429;100311;8037.5;10;10234338711;S
20240429;100311;8037.5;3;10234338712;S
20240429;100311;8038;1;10234338762;S
20240429;100311;8038;8;10234338763;S
20240429;100312;8038;1;10234338775;S
20240429;100312;8038.5;13;10234338863;B
20240429;100312;8038;2;10234338871;S
20240429;100313;8040;10;10234339052;S
20240429;100313;8040;13;10234339053;S
20240429;100313;8040;44;10234339054;S
20240429;100313;8039.5;70;10234339055;S
20240429;100313;8038;27;10234339056;S
20240429;100313;8037.5;40;10234339057;S
20240429;100313;8037.5;21;10234339058;S
20240429;100313;8037;1;10234339059;S
20240429;100313;8037;40;10234339060;S
20240429;100313;8036.5;34;10234339061;S
20240429;100318;8039.5;1;10234339801;B
20240429;100319;8039;1;10234340017;S
20240429;100321;8039;6;10234340311;S
20240429;100321;8038;2;10234340312;S
20240429;100321;8037.5;4;10234340313;S
20240429;100324;8035.5;1;10234340780;B
20240429;100325;8035;12;10234340815;S
20240429;100325;8034.5;8;10234340816;S
20240429;100326;8034.5;1;10234340924;S
20240429;100328;8035;12;10234341164;B
20240429;100328;8035;7;10234341165;B
20240429;100328;8035.5;10;10234341166;B
20240429;100328;8036;21;10234341167;B
20240429;100328;8036;41;10234341168;B
20240429;100328;8037;38;10234341169;B
20240429;100328;8037.5;17;10234341170;B
20240429;100328;8037.5;38;10234341171;B
20240429;100328;8036.5;30;10234341231;B
20240429;100329;8036.5;10;10234341306;B
20240429;100329;8036.5;5;10234341307;B
20240429;100331;8036;1;10234341710;B
20240429;100332;8035;5;10234341842;S
20240429;100332;8034.5;5;10234341976;S
20240429;100333;8036;1;10234342076;B
20240429;100334;8036;2;10234342272;B
20240429;100334;8035;6;10234342296;S
20240429;100335;8036.5;4;10234342621;B
20240429;100341;8035;1;10234343433;S
20240429;100341;8035;12;10234343434;S
20240429;100341;8035;100;10234343435;S
20240429;100341;8035;10;10234343436;S
20240429;100341;8034.5;13;10234343515;S
20240429;100343;8035;50;10234343992;B
20240429;100346;8034.5;13;10234344677;S
20240429;100346;8034.5;37;10234344678;S
20240429;100352;8035;50;10234345423;B
20240429;100353;8035;8;10234345554;B
20240429;100354;8035;4;10234345723;B
20240429;100355;8035;7;10234345855;B
20240429;100355;8035;8;10234345869;B
20240429;100355;8035;41;10234345870;B
20240429;100355;8035;28;10234345871;B
20240429;100355;8035;1;10234345872;B
20240429;100355;8035.5;12;10234345873;B
20240429;100355;8036;1;10234345874;B
20240429;100355;8036;10;10234345875;B
20240429;100355;8036.5;46;10234345876;B
20240429;100355;8036.5;1;10234345877;B
20240429;100355;8037;21;10234345878;B
20240429;100355;8037.5;462;10234345879;B
20240429;100355;8037.5;3;10234345880;B
20240429;100355;8038.5;40;10234345881;B
20240429;100355;8039;31;10234345882;B
20240429;100356;8037;12;10234345995;S
20240429;100356;8036.5;25;10234345996;S
20240429;100356;8036.5;17;10234345997;S
20240429;100401;8036.5;36;10234346556;B
20240429;100401;8036.5;26;10234346557;B
20240429;100401;8036;20;10234346585;S
20240429;100402;8036.5;27;10234346636;B
20240429;100402;8037;3;10234346637;B
20240429;100402;8038.5;4;10234346717;B
20240429;100402;8038.5;23;10234346750;B
20240429;100402;8038.5;10;10234346751;B
20240429;100403;8038.5;27;10234346869;S
20240429;100404;8038;50;10234346939;B
20240429;100404;8037;24;10234346945;S
20240429;100410;8037;1;10234347745;B
20240429;100410;8037;10;10234347746;B
20240429;100410;8037;3;10234347747;B
20240429;100413;8036.5;2;10234348070;S
20240429;100413;8037;1;10234348129;B
20240429;100417;8037;7;10234348563;B
20240429;100417;8037;3;10234348578;B
20240429;100417;8037;39;10234348579;B
20240429;100417;8037;27;10234348580;B
20240429;100418;8037;1;10234348684;S
20240429;100422;8037.5;11;10234349277;B
20240429;100422;8037.5;27;10234349278;B
20240429;100422;8037.5;10;10234349279;B
20240429;100422;8037.5;14;10234349280;B
20240429;100422;8037;1;10234349304;S
20240429;100423;8037;20;10234349390;S
20240429;100423;8037.5;1;10234349407;B
20240429;100423;8037;2;10234349440;S
20240429;100424;8037;3;10234349620;S
20240429;100430;8037.5;5;10234350230;B
20240429;100431;8037.5;1;10234350316;B
20240429;100432;8037;4;10234350476;S
20240429;100432;8037;14;10234350477;S
20240429;100432;8037;100;10234350478;S
20240429;100432;8037;38;10234350479;S
20240429;100432;8037;15;10234350480;S
20240429;100432;8036.5;2;10234350481;S
20240429;100432;8036.5;2;10234350482;S
20240429;100432;8036.5;9;10234350483;S
20240429;100432;8036;9;10234350487;S
20240429;100432;8036;1;10234350488;S
20240429;100432;8036;2;10234350489;S
20240429;100435;8036.5;1;10234350838;B
20240429;100435;8035;24;10234350894;S
20240429;100435;8035;20;10234350895;S
20240429;100436;8034.5;1;10234351001;S
20240429;100437;8034.5;1;10234351007;S
20240429;100437;8035.5;27;10234351009;B
20240429;100437;8035.5;11;10234351010;B
20240429;100437;8035.5;39;10234351011;B
20240429;100437;8035.5;10;10234351012;B
20240429;100437;8035.5;13;10234351013;B
20240429;100438;8035.5;1;10234351115;B
20240429;100440;8035;39;10234351362;B
20240429;100440;8035;28;10234351363;B
20240429;100440;8035.5;7;10234351364;B
20240429;100440;8035.5;11;10234351365;B
20240429;100442;8035.5;15;10234351569;S
20240429;100442;8035;11;10234351570;S
20240429;100442;8035;38;10234351571;S
20240429;100442;8035;10;10234351572;S
20240429;100442;8034.5;91;10234351573;S
20240429;100442;8034.5;1;10234351574;S
20240429;100442;8034;4;10234351575;S
20240429;100443;8034;10;10234351650;B
20240429;100443;8034.5;52;10234351651;B
20240429;100443;8033;3;10234351662;S
20240429;100444;8033;2;10234351848;S
20240429;100445;8033.5;4;10234351903;B
20240429;100445;8033.5;13;10234351938;B
20240429;100446;8034;28;10234351962;B
20240429;100446;8034;12;10234351963;B
20240429;100446;8034.5;31;10234351964;B
20240429;100447;8034.5;10;10234352098;B
20240429;100448;8033;12;10234352175;S
20240429;100448;8033;10;10234352176;S
20240429;100448;8032.5;10;10234352177;S
20240429;100448;8032;5;10234352178;S
20240429;100448;8032;5;10234352179;S
20240429;100448;8031.5;38;10234352180;S
20240429;100448;8031;1;10234352181;S
20240429;100448;8031;19;10234352182;S
20240429;100450;8033.5;1;10234352383;B
20240429;100450;8033.5;1;10234352391;B
20240429;100450;8033.5;1;10234352439;B
20240429;100451;8033.5;4;10234352459;B
20240429;100454;8032.5;1;10234352756;B
20240429;100454;8032.5;27;10234352778;B
20240429;100454;8032.5;39;10234352779;B
20240429;100454;8032.5;34;10234352780;B
20240429;100456;8032.5;28;10234353145;B
20240429;100456;8033;11;10234353146;B
20240429;100456;8033.5;40;10234353147;B
20240429;100456;8033.5;5;10234353148;B
20240429;100457;8033;1;10234353196;S
20240429;100457;8032;38;10234353197;S
20240429;100457;8032;11;10234353198;S
20240429;100457;8031.5;10;10234353199;S
20240429;100457;8031;9;10234353200;S
20240429;100457;8031;13;10234353201;S
20240429;100459;8030.5;17;10234353492;S
20240429;100459;8030.5;10;10234353493;S
20240429;100459;8030.5;23;10234353494;S
20240429;100459;8031;5;10234353502;B
20240429;100501;8030.5;10;10234353687;S
20240429;100504;8031;62;10234354150;B
20240429;100505;8030;10;10234354314;S
20240429;100506;8031;2;10234354409;B
20240429;100506;8031;2;10234354469;B
20240429;100507;8030;9;10234354570;S
20240429;100507;8030;7;10234354571;S
20240429;100507;8030;11;10234354572;S
20240429;100507;8030;100;10234354573;S
20240429;100507;8030;10;10234354574;S
20240429;100507;8029;1;10234354593;S
20240429;100507;8029;19;10234354594;S
20240429;100507;8029;10;10234354595;S
20240429;100507;8029;15;10234354601;S
20240429;100507;8029.5;10;10234354635;B
20240429;100507;8029.5;3;10234354663;B
20240429;100508;8029;2;10234354743;S
20240429;100512;8029.5;1;10234355392;B
20240429;100516;8029;3;10234355980;S
20240429;100517;8029;51;10234356030;S
20240429;100517;8029;115;10234356031;S
20240429;100517;8029;20;10234356032;S
20240429;100517;8029;14;10234356033;S
20240429;100517;8029;3;10234356043;S
20240429;100517;8029;4;10234356044;S
20240429;100517;8029;10;10234356045;S
20240429;100517;8029;11;10234356046;S
20240429;100517;8029;1;10234356047;S
20240429;100517;8028.5;5;10234356050;S
20240429;100517;8028.5;12;10234356051;S
20240429;100517;8028.5;7;10234356052;S
20240429;100517;8028.5;22;10234356053;S
20240429;100517;8028.5;12;10234356057;S
20240429;100517;8028;39;10234356058;S
20240429;100517;8027.5;9;10234356059;S
20240429;100517;8027;10;10234356060;S
20240429;100518;8027;1;10234356203;S
20240429;100518;8028.5;12;10234356252;B
20240429;100520;8028.5;26;10234356477;B
20240429;100520;8029;1;10234356478;B
20240429;100520;8029;23;10234356479;B
20240429;100520;8027;10;10234356486;S
20240429;100520;8027;20;10234356487;S
20240429;100523;8029;2;10234356843;B
20240429;100524;8027.5;10;10234356988;S
20240429;100524;8027.5;12;10234356989;S
20240429;100524;8027;6;10234356990;S
20240429;100524;8027;12;10234356991;S
20240429;100525;8027;6;10234357081;S
20240429;100525;8027.5;2;10234357091;B
20240429;100525;8028;39;10234357092;B
20240429;100525;8029.5;17;10234357093;B
20240429;100525;8029.5;5;10234357094;B
20240429;100526;8027;1;10234357168;S
20240429;100527;8027;1;10234357271;S
20240429;100529;8029.5;10;10234357474;S
20240429;100529;8030;1;10234357511;B
20240429;100529;8030;1;10234357524;B
20240429;100529;8029.5;28;10234357561;S
20240429;100529;8029.5;12;10234357562;S
20240429;100529;8029.5;130;10234357563;S
20240429;100531;8030;3;10234357760;B
20240429;100532;8030;58;10234357850;B
20240429;100532;8030;3;10234357851;B
20240429;100532;8030;1;10234357852;B
20240429;100532;8030.5;53;10234357853;B
20240429;100532;8031;47;10234357854;B
20240429;100532;8031;19;10234357855;B
20240429;100532;8031;15;10234357856;B
20240429;100532;8031;25;10234357857;B
20240429;100532;8031;10;10234357858;B
20240429;100532;8031;27;10234357859;B
20240429;100532;8031;10;10234357860;S
20240429;100532;8031.5;1;10234357861;B
20240429;100532;8033.5;1;10234357920;B
20240429;100532;8032;10;10234357941;S
20240429;100537;8032;1;10234358386;B
20240429;100538;8032.5;12;10234358417;B
20240429;100544;8032;1;10234359257;B
20240429;100546;8032.5;46;10234359360;B
20240429;100546;8032.5;10;10234359361;B
20240429;100546;8033;6;10234359362;B
20240429;100547;8032.5;1;10234359464;B
20240429;100549;8031.5;1;10234359679;S
20240429;100549;8032;1;10234359688;B
20240429;100550;8031.5;12;10234359796;S
20240429;100550;8031;1;10234359797;S
20240429;100554;8032;38;10234360035;B
20240429;100554;8032;17;10234360036;B
20240429;100554;8032.5;10;10234360037;B
20240429;100554;8032.5;35;10234360038;B
20240429;100554;8033;11;10234360039;B
20240429;100557;8031.5;1;10234360386;S
20240429;100557;8032.5;1;10234360410;B
20240429;100603;8032;28;10234361092;B
20240429;100603;8032.5;2;10234361093;B
20240429;100604;8031.5;5;10234361209;S
20240429;100604;8031;3;10234361210;S
20240429;100604;8032.5;14;10234361220;B
20240429;100604;8032.5;38;10234361221;B
20240429;100604;8032.5;3;10234361222;B
20240429;100607;8031.5;28;10234361668;B
20240429;100607;8032;17;10234361669;B
20240429;100607;8032;10;10234361670;B
20240429;100607;8032;7;10234361671;B
20240429;100610;8031;1;10234362005;S
20240429;100613;8031.5;3;10234362410;B
20240429;100613;8031.5;7;10234362442;B
20240429;100614;8032;1;10234362555;B
20240429;100614;8032.5;7;10234362556;B
20240429;100618;8031;1;10234363049;S
20240429;100618;8031;10;10234363099;B
20240429;100620;8031;10;10234363385;B
20240429;100620;8031;1;10234363386;B
20240429;100621;8030.5;2;10234363550;S
20240429;100621;8030.5;8;10234363551;S
20240429;100622;8030.5;35;10234363651;B
20240429;100622;8030.5;50;10234363652;B
20240429;100622;8030.5;15;10234363653;B
20240429;100624;8030.5;1;10234363840;B
20240429;100625;8030.5;1;10234363893;S
20240429;100625;8031.5;7;10234363991;B
20240429;100627;8031.5;6;10234364214;B
20240429;100628;8030;15;10234364259;S
20240429;100628;8031.5;32;10234364309;B
20240429;100628;8032;10;10234364310;B
20240429;100628;8032;5;10234364311;B
20240429;100628;8032;15;10234364312;B
20240429;100630;8031.5;1;10234364605;B
20240429;100636;8033;2;10234365446;B
20240429;100637;8032.5;50;10234365543;S
20240429;100639;8032.5;6;10234365772;S
20240429;100639;8033;10;10234365832;B
20240429;100640;8033;1;10234365940;B
20240429;100641;8032.5;5;10234366015;S
20240429;100641;8033;1;10234366076;B
20240429;100644;8033;50;10234366432;B
20240429;100644;8032.5;2;10234366456;S
20240429;100645;8033;2;10234366538;B
20240429;100645;8033;3;10234366539;B
20240429;100647;8033;11;10234366870;B
20240429;100649;8033;63;10234367046;B
20240429;100649;8033;46;10234367047;B
20240429;100649;8033;1;10234367048;B
20240429;100649;8033.5;14;10234367049;B
20240429;100649;8034.5;241;10234367050;B
20240429;100649;8035;1;10234367051;B
20240429;100650;8035;1;10234367153;S
20240429;100651;8035;10;10234367335;S
20240429;100651;8035.5;10;10234367427;B
20240429;100651;8036;2;10234367428;B
20240429;100651;8036;13;10234367429;B
20240429;100651;8036.5;97;10234367430;B
20240429;100652;8036.5;2;10234367487;B
20240429;100652;8036.5;1;10234367623;B
20240429;100653;8036.5;3;10234367700;B
20240429;100653;8036.5;11;10234367704;B
20240429;100653;8036;17;10234367727;S
20240429;100653;8036;13;10234367728;S
20240429;100659;8036.5;40;10234368622;B
20240429;100702;8036.5;15;10234368918;B
20240429;100702;8036.5;12;10234368920;B
20240429;100703;8036.5;15;10234369006;B
20240429;100706;8036.5;5;10234369301;B
20240429;100707;8036;17;10234369426;S
20240429;100707;8036;83;10234369427;S
20240429;100707;8036.5;3;10234369429;B
20240429;100707;8036.5;170;10234369471;B
20240429;100710;8036.5;18;10234370076;B
20240429;100710;8036.5;62;10234370113;B
20240429;100711;8036;2;10234370230;S
20240429;100711;8036;1;10234370293;S
20240429;100712;8036;1;10234370324;S
20240429;100714;8036.5;10;10234370627;B
20240429;100716;8036;9;10234370840;S
20240429;100716;8036;38;10234370841;S
20240429;100716;8036;13;10234370842;S
20240429;100716;8036.5;161;10234370858;B
20240429;100719;8037;579;10234371256;B
20240429;100719;8037;10;10234371257;B
20240429;100719;8037;17;10234371258;B
20240429;100719;8037;7;10234371259;B
20240429;100721;8037.5;1;10234371527;B
20240429;100721;8038;49;10234371528;B
20240429;100722;8037.5;2;10234371629;S
20240429;100723;8037.5;15;10234371706;S
20240429;100723;8037.5;10;10234371707;S
20240429;100723;8038;14;10234371718;B
20240429;100723;8038.5;17;10234371719;B
20240429;100723;8039;1;10234371720;B
20240429;100723;8039;2;10234371721;B
20240429;100723;8039.5;29;10234371722;B
20240429;100725;8039.5;81;10234371882;B
20240429;100727;8038.5;38;10234372150;S
20240429;100727;8038.5;12;10234372151;S
20240429;100731;8039;17;10234372627;B
20240429;100731;8039.5;45;10234372628;B
20240429;100737;8039;1;10234373204;S
20240429;100745;8039.5;1;10234373917;B
20240429;100746;8039.5;46;10234373946;B
20240429;100748;8039;1;10234374150;S
20240429;100750;8039.5;10;10234374354;B
20240429;100752;8039;1;10234374553;S
20240429;100752;8039.5;38;10234374585;B
20240429;100752;8039.5;3;10234374586;B
20240429;100752;8040;3;10234374587;B
20240429;100752;8040;5;10234374588;B
20240429;100752;8040;10;10234374589;B
20240429;100752;8040;1;10234374590;B
20240429;100752;8040;2;10234374591;B
20240429;100753;8039.5;2;10234374653;S
20240429;100753;8040;10;10234374661;B
20240429;100753;8040;1;10234374662;B
20240429;100753;8040.5;12;10234374663;B
20240429;100753;8040.5;19;10234374664;B
20240429;100753;8040.5;1;10234374676;B
20240429;100753;8041.5;1;10234374677;B
20240429;100753;8042;28;10234374678;B
20240429;100758;8041.5;1;10234375127;S
20240429;100800;8041.5;10;10234375433;S
20240429;100802;8041.5;1;10234375829;S
20240429;100803;8041.5;1;10234375913;S
20240429;100806;8042;50;10234376091;B
20240429;100807;8042.5;42;10234376229;B
20240429;100808;8042.5;1;10234376344;B
20240429;100809;8042.5;1;10234376451;B
20240429;100813;8042;5;10234376922;S
20240429;100813;8042.5;6;10234376949;B
20240429;100813;8042.5;16;10234376950;B
20240429;100813;8042.5;40;10234376951;B
20240429;100814;8042;10;10234377015;S
20240429;100817;8042.5;2;10234377292;B
20240429;100822;8042.5;2;10234377903;B
20240429;100822;8042;10;10234377906;S
20240429;100822;8042;3;10234377942;S
20240429;100822;8042;1;10234377943;S
20240429;100822;8042;6;10234377944;S
20240429;100831;8042.5;1;10234378689;B
20240429;100831;8042.5;1;10234378690;B
20240429;100831;8042.5;38;10234378691;B
20240429;100832;8042;10;10234378797;S
20240429;100832;8042.5;12;10234378815;B
20240429;100834;8043.5;1;10234378969;B
20240429;100834;8043.5;50;10234379013;B
20240429;100834;8043.5;13;10234379014;B
20240429;100835;8043.5;4;10234379056;B
20240429;100836;8043;38;10234379146;S
20240429;100836;8043;10;10234379147;S
20240429;100836;8043;10;10234379162;S
20240429;100836;8043;38;10234379163;S
20240429;100836;8043;17;10234379164;S
20240429;100836;8042.5;226;10234379165;S
20240429;100836;8042.5;16;10234379166;S
20240429;100836;8042.5;10;10234379167;S
20240429;100836;8042;7;10234379168;S
20240429;100836;8042;15;10234379169;S
20240429;100836;8042;1;10234379170;S
20240429;100836;8042;21;10234379171;S
20240429;100836;8041.5;20;10234379172;S
20240429;100836;8043;1;10234379217;B
20240429;100840;8043;18;10234379574;B
20240429;100843;8043;1;10234380005;S
20240429;100844;8043;4;10234380128;S
20240429;100844;8043;5;10234380146;S
20240429;100844;8043;25;10234380147;S
20240429;100845;8043.5;5;10234380322;B
20240429;100846;8044;1;10234380378;B
20240429;100846;8044;1;10234380379;B
20240429;100846;8044;28;10234380380;B
20240429;100846;8044;34;10234380417;B
20240429;100846;8044;57;10234380418;B
20240429;100846;8044;9;10234380419;B
20240429;100846;8044;5;10234380422;B
20240429;100848;8044;10;10234380566;B
20240429;100850;8044;58;10234380767;B
20240429;100851;8044;6;10234380816;B
20240429;100851;8044;6;10234380826;B
20240429;100851;8044;6;10234380827;B
20240429;100851;8044;6;10234380828;B
20240429;100851;8044;12;10234380838;B
20240429;100853;8043.5;3;10234380929;S
20240429;100853;8044;3;10234381002;B
20240429;100854;8044;5;10234381120;B
20240429;100855;8044;1;10234381227;B
20240429;100855;8044;23;10234381247;B
20240429;100855;8044;1;10234381248;B
20240429;100855;8044.5;38;10234381249;B
20240429;100858;8044.5;3;10234381564;B
20240429;100859;8044.5;1;10234381612;B
20240429;100859;8044.5;8;10234381627;B
20240429;100859;8044.5;1;10234381628;B
20240429;100900;8045;1;10234381787;B
20240429;100902;8045;1;10234381964;B
20240429;100902;8044.5;41;10234381970;S
20240429;100902;8044.5;21;10234381971;S
20240429;100902;8044.5;38;10234381972;S
20240429;100902;8044;16;10234381973;S
20240429;100902;8044;27;10234381974;S
20240429;100902;8044;2;10234381975;S
20240429;100902;8043.5;17;10234381976;S
20240429;100902;8043.5;50;10234381977;S
20240429;100902;8043.5;10;10234381978;S
20240429;100902;8043.5;10;10234381979;S
20240429;100902;8043;69;10234381980;S
20240429;100902;8043;50;10234381981;S
20240429;100902;8043;5;10234381982;S
20240429;100902;8042.5;170;10234381983;S
20240429;100902;8042.5;12;10234381984;S
20240429;100905;8042;2;10234382277;B
20240429;100907;8041.5;3;10234382551;S
20240429;100912;8041.5;20;10234383176;S
20240429;100914;8042;150;10234383567;B
20240429;100914;8042;3;10234383587;B
20240429;100914;8042;1;10234383604;B
20240429;100914;8041.5;2;10234383631;S
20240429;100916;8042;62;10234383878;B
20240429;100918;8041.5;17;10234384197;S
20240429;100918;8041.5;12;10234384198;S
20240429;100918;8041.5;3;10234384199;S
20240429;100918;8041.5;10;10234384200;S
20240429;100918;8041.5;8;10234384201;S
20240429;100918;8041.5;19;10234384326;S
20240429;100918;8041.5;12;10234384327;S
20240429;100918;8041;40;10234384328;S
20240429;100918;8041;10;10234384329;S
20240429;100918;8041;2;10234384331;S
20240429;100919;8041.5;19;10234384463;B
20240429;100919;8041.5;46;10234384464;B
20240429;100920;8041.5;3;10234384491;B
20240429;100923;8041.5;1;10234384853;B
20240429;100923;8041.5;2;10234384854;B
20240429;100923;8041.5;10;10234384936;B
20240429;100924;8041;20;10234384974;S
20240429;100925;8041.5;1;10234385071;B
20240429;100926;8041;12;10234385108;S
20240429;100926;8041;1;10234385109;S
20240429;100926;8041;1;10234385110;S
20240429;100926;8041;1;10234385111;S
20240429;100926;8041;1;10234385112;S
20240429;100926;8041;1;10234385113;S
20240429;100926;8041;1;10234385114;S
20240429;100926;8041;1;10234385115;S
20240429;100926;8040.5;9;10234385116;S
20240429;100926;8040.5;16;10234385117;S
20240429;100926;8040;5;10234385118;S
20240429;100926;8040;17;10234385119;S
20240429;100926;8039.5;40;10234385120;S
20240429;100926;8039.5;13;10234385121;S
20240429;100926;8039.5;10;10234385122;S
20240429;100926;8039;204;10234385123;S
20240429;100926;8039.5;10;10234385141;S
20240429;100927;8040.5;2;10234385329;B
20240429;100928;8040.5;1;10234385482;B
20240429;100929;8040.5;1;10234385628;B
20240429;100930;8040;2;10234385826;S
20240429;100931;8040;1;10234385875;S
20240429;100931;8040;2;10234385929;S
20240429;100931;8039.5;2;10234385936;S
20240429;100934;8040;2;10234386172;B
20240429;100936;8040;1;10234386619;B
20240429;100937;8040;20;10234386772;B
20240429;100937;8040;62;10234386821;B
20240429;100938;8039.5;16;10234386845;S
20240429;100938;8039.5;12;10234386846;S
20240429;100938;8039.5;21;10234386847;S
20240429;100938;8039.5;10;10234386848;S
20240429;100938;8039.5;16;10234386849;S
20240429;100938;8040;6;10234386939;B
20240429;100939;8039.5;2;10234386962;S
20240429;100939;8040;3;10234386977;B
20240429;100940;8039.5;1;10234387084;S
20240429;100942;8039.5;1;10234387415;S
20240429;100942;8039.5;8;10234387426;S
20240429;100942;8039.5;12;10234387427;S
20240429;100942;8040;16;10234387438;B
20240429;100944;8040;5;10234387595;B
20240429;100945;8039.5;9;10234387651;S
20240429;100945;8039.5;1;10234387652;S
20240429;100945;8039.5;10;10234387699;S
20240429;100947;8039.5;10;10234387929;S
20240429;100947;8039.5;10;10234387952;S
20240429;100948;8040;19;10234388014;B
20240429;100948;8040;3;10234388020;B
20240429;100949;8040;1;10234388179;B
20240429;100950;8039.5;2;10234388246;S
20240429;100952;8040;1;10234388589;B
20240429;100953;8040;1;10234388664;B
20240429;100955;8040;2;10234388936;B
20240429;100958;8039.5;2;10234389358;S
20240429;100959;8040;62;10234389437;B
20240429;101005;8040;6;10234390422;B
20240429;101007;8039.5;10;10234390617;S
20240429;101008;8040;1;10234390793;B
20240429;101009;8040;4;10234390810;B
20240429;101015;8039.5;1;10234391686;S
20240429;101020;8040;49;10234392114;B
20240429;101020;8040;10;10234392115;B
20240429;101020;8040;4;10234392116;B
20240429;101020;8040;2;10234392203;B
20240429;101021;8039.5;8;10234392426;S
20240429;101021;8039.5;12;10234392427;S
20240429;101024;8039.5;12;10234392955;S
20240429;101024;8039.5;50;10234392956;S
20240429;101024;8039.5;21;10234392957;S
20240429;101024;8039.5;9;10234392958;S
20240429;101024;8039;44;10234392959;S
20240429;101024;8039;3;10234392960;S
20240429;101024;8039;17;10234392961;S
20240429;101024;8039;10;10234392962;S
20240429;101024;8039;16;10234392963;S
20240429;101024;8038.5;1;10234392964;S
20240429;101024;8038.5;50;10234392965;S
20240429;101024;8038.5;8;10234392966;S
20240429;101024;8038.5;27;10234392967;S
20240429;101024;8038;50;10234392968;S
20240429;101024;8038;40;10234392969;S
20240429;101024;8037.5;50;10234392970;S
20240429;101024;8037.5;40;10234392971;S
20240429;101024;8037.5;38;10234392972;S
20240429;101024;8037;5;10234392973;S
20240429;101024;8037;40;10234392974;S
20240429;101024;8036.5;69;10234392975;S
20240429;101024;8037.5;1;10234392979;S
20240429;101033;8038.5;2;10234394257;B
20240429;101033;8038.5;1;10234394280;B
20240429;101034;8038.5;6;10234394324;B
20240429;101036;8038;1;10234394703;S
20240429;101041;8038.5;50;10234395442;B
20240429;101041;8038.5;10;10234395443;B
20240429;101041;8038.5;2;10234395444;B
20240429;101041;8038.5;1;10234395460;B
20240429;101047;8038.5;10;10234396377;B
20240429;101049;8038;11;10234396598;S
20240429;101049;8038;1;10234396599;S
20240429;101050;8038.5;16;10234396698;B
20240429;101051;8038;1;10234396867;S
20240429;101052;8038.5;1;10234397027;B
20240429;101101;8038;2;10234398243;S
20240429;101101;8038;30;10234398244;S
20240429;101101;8037.5;50;10234398245;S
20240429;101101;8037;1;10234398246;S
20240429;101101;8037;10;10234398247;S
20240429;101101;8036.5;7;10234398248;S
20240429;101102;8038;16;10234398274;B
20240429;101102;8038;21;10234398275;B
20240429;101102;8038.5;8;10234398276;B
20240429;101102;8038.5;17;10234398277;B
20240429;101104;8038;10;10234398525;S
20240429;101106;8038.5;1;10234398799;B
20240429;101107;8038;2;10234398895;S
20240429;101108;8038.5;2;10234399110;B
20240429;101108;8038.5;4;10234399111;B
20240429;101109;8038;20;10234399206;S
20240429;101112;8038.5;2;10234399460;B
20240429;101114;8038;333;10234399660;S
20240429;101116;8038.5;4;10234399982;B
20240429;101116;8038.5;10;10234399983;B
20240429;101116;8038.5;5;10234399984;B
20240429;101120;8038;1;10234400618;S
20240429;101120;8038.5;12;10234400693;B
20240429;101122;8038.5;4;10234400900;B
20240429;101122;8038.5;10;10234400901;B
20240429;101122;8038.5;28;10234400902;B
20240429;101122;8038.5;27;10234400903;B
20240429;101122;8038.5;31;10234400904;B
20240429;101123;8038.5;10;10234400985;B
20240429;101123;8038.5;21;10234400986;B
20240429;101123;8039;10;10234400987;B
20240429;101123;8039;16;10234400988;B
20240429;101123;8039;5;10234400989;B
20240429;101131;8038.5;3;10234401925;S
20240429;101131;8039;1;10234401949;B
20240429;101131;8039;5;10234401976;B
20240429;101132;8039;5;10234402058;B
20240429;101136;8038.5;3;10234402446;S
20240429;101141;8038.5;3;10234403100;S
20240429;101141;8038.5;1;10234403103;S
20240429;101141;8038;12;10234403104;S
20240429;101141;8038;1;10234403105;S
20240429;101141;8037.5;1;10234403106;S
20240429;101141;8037.5;5;10234403107;S
20240429;101141;8037;15;10234403108;S
20240429;101141;8037;15;10234403109;S
20240429;101141;8036.5;266;10234403110;S
20240429;101141;8036.5;7;10234403111;S
20240429;101141;8036.5;10;10234403112;S
20240429;101141;8036;2;10234403113;S
20240429;101141;8036;3;10234403114;S
20240429;101141;8035.5;1;10234403115;S
20240429;101141;8035.5;10;10234403116;S
20240429;101141;8035.5;5;10234403117;S
20240429;101141;8035.5;38;10234403118;S
20240429;101141;8035;87;10234403119;S
20240429;101144;8035.5;50;10234403451;B
20240429;101144;8035.5;12;10234403452;B
20240429;101148;8035.5;1;10234403968;B
20240429;101150;8035.5;8;10234404193;B
20240429;101150;8035.5;16;10234404194;B
20240429;101150;8036;26;10234404195;B
20240429;101152;8036;1;10234404409;B
20240429;101153;8036;3;10234404636;B
20240429;101154;8035.5;16;10234404711;S
20240429;101154;8035;84;10234404712;S
20240429;101202;8035;79;10234405938;S
20240429;101202;8035;2;10234405939;S
20240429;101202;8035;10;10234405940;S
20240429;101202;8035;1;10234405941;S
20240429;101202;8035;70;10234405942;S
20240429;101202;8035;28;10234405943;S
20240429;101202;8035;10;10234405944;S
20240429;101202;8035;16;10234405945;S
20240429;101203;8034;10;10234405975;B
20240429;101204;8033.5;5;10234406096;S
20240429;101205;8034;63;10234406149;B
20240429;101206;8034;2;10234406223;B
20240429;101210;8034;4;10234406729;B
20240429;101211;8034;2;10234406842;B
20240429;101212;8034;1;10234406915;B
20240429;101214;8033.5;2;10234407058;S
20240429;101215;8034;2;10234407183;B
20240429;101215;8034;3;10234407184;B
20240429;101215;8034;5;10234407260;B
20240429;101220;8033.5;3;10234407707;S
20240429;101221;8034;1;10234407819;B
20240429;101222;8033.5;25;10234407883;S
20240429;101223;8033.5;1;10234407960;S
20240429;101223;8034;30;10234407977;B
20240429;101223;8033.5;34;10234408001;S
20240429;101223;8033.5;28;10234408002;S
20240429;101224;8034;4;10234408064;B
20240429;101226;8034;1;10234408199;B
20240429;101226;8034;56;10234408221;B
20240429;101226;8034;6;10234408222;B
20240429;101236;8034;94;10234409130;B
20240429;101236;8034;100;10234409131;B
20240429;101237;8033.5;10;10234409192;S
20240429;101237;8033.5;50;10234409193;S
20240429;101237;8033.5;38;10234409194;S
20240429;101237;8033.5;2;10234409195;S
20240429;101237;8033.5;8;10234409215;S
20240429;101237;8033.5;2;10234409216;S
20240429;101240;8034;4;10234409537;B
20240429;101240;8034;300;10234409538;B
20240429;101240;8034;222;10234409539;B
20240429;101242;8033.5;3;10234410003;S
20240429;101242;8033.5;3;10234410004;S
20240429;101246;8033.5;25;10234410289;S
20240429;101246;8033.5;21;10234410290;S
20240429;101246;8033.5;50;10234410291;S
20240429;101246;8033.5;4;10234410292;S
20240429;101246;8033.5;1;10234410297;S
20240429;101246;8033.5;4;10234410298;S
20240429;101246;8033.5;14;10234410299;S
20240429;101246;8034;1;10234410321;B
20240429;101246;8034;2;10234410366;B
20240429;101247;8034;62;10234410431;B
20240429;101247;8034;11;10234410472;B
20240429;101248;8034;2;10234410552;B
20240429;101248;8034;1;10234410553;B
20240429;101250;8034;1;10234410737;B
20240429;101252;8034;5;10234410881;B
20240429;101253;8033.5;6;10234410984;S
20240429;101254;8034;3;10234411054;B
20240429;101255;8033.5;5;10234411114;S
20240429;101257;8033.5;69;10234411409;S
20240429;101257;8033.5;30;10234411410;S
20240429;101258;8034;500;10234411510;B
20240429;101258;8034;500;10234411511;B
20240429;101300;8034;56;10234411661;B
20240429;101302;8033.5;1;10234411793;S
20240429;101302;8033.5;1;10234411794;S
20240429;101305;8034;7;10234412186;B
20240429;101308;8034;27;10234412348;B
20240429;101308;8034;35;10234412349;B
20240429;101314;8033;1;10234413075;S
20240429;101314;8033;1;10234413076;S
20240429;101314;8033;1;10234413077;S
20240429;101319;8032.5;2;10234414079;B
20240429;101320;8033;1;10234414096;S
20240429;101320;8033.5;12;10234414145;B
20240429;101320;8033.5;2;10234414152;B
20240429;101324;8033.5;2;10234414485;B
20240429;101329;8033.5;30;10234414957;B
20240429;101329;8033.5;4;10234415036;B
20240429;101329;8034;59;10234415037;B
20240429;101329;8033.5;5;10234415059;S
20240429;101334;8033.5;7;10234415474;S
20240429;101339;8033.5;14;10234416009;S
20240429;101340;8033.5;5;10234416074;S
20240429;101342;8033.5;1;10234416299;S
20240429;101344;8034;5;10234416512;B
20240429;101345;8033.5;44;10234416703;S
20240429;101345;8033.5;15;10234416704;S
20240429;101345;8033.5;21;10234416705;S
20240429;101345;8032.5;1;10234416706;S
20240429;101345;8032;20;10234416707;S
20240429;101345;8032;12;10234416708;S
20240429;101345;8031.5;1;10234416709;S
20240429;101345;8031.5;40;10234416710;S
20240429;101345;8031.5;7;10234416711;S
20240429;101345;8031.5;10;10234416712;S
20240429;101345;8031;50;10234416713;S
20240429;101345;8031;10;10234416714;S
20240429;101345;8031;20;10234416715;S
20240429;101345;8031;40;10234416716;S
20240429;101345;8030.5;100;10234416717;S
20240429;101345;8030.5;1;10234416718;S
20240429;101345;8030.5;1;10234416719;S
20240429;101345;8030.5;40;10234416720;S
20240429;101345;8030.5;6;10234416721;S
20240429;101345;8030.5;13;10234416722;S
20240429;101345;8030;10;10234416723;S
20240429;101345;8030;1;10234416724;S
20240429;101345;8030;1;10234416725;S
20240429;101345;8030;1;10234416726;S
20240429;101345;8030;1;10234416727;S
20240429;101345;8030;300;10234416728;S
20240429;101345;8030;100;10234416729;S
20240429;101345;8030;634;10234416730;S
20240429;101346;8030.5;10;10234416732;S
20240429;101347;8031;16;10234416889;B
20240429;101347;8031;10;10234416890;B
20240429;101347;8031.5;4;10234416891;B
20240429;101350;8031.5;53;10234417292;B
20240429;101350;8031.5;9;10234417293;B
20240429;101356;8030.5;8;10234417882;B
20240429;101356;8031;1;10234417958;B
20240429;101358;8031;1;10234418077;B
20240429;101359;8030.5;50;10234418205;S
20240429;101359;8030.5;21;10234418206;S
20240429;101359;8030.5;10;10234418207;S
20240429;101359;8030;12;10234418208;S
20240429;101359;8031;53;10234418266;B
20240429;101359;8031;7;10234418267;B
20240429;101402;8030.5;3;10234418533;S
20240429;101405;8030.5;18;10234418801;S
20240429;101405;8030.5;50;10234418802;S
20240429;101405;8030.5;10;10234418803;S
20240429;101405;8030.5;50;10234418804;S
20240429;101405;8030;110;10234418805;S
20240429;101406;8031;3;10234418933;B
20240429;101406;8031;1;10234418934;B
20240429;101407;8031;1;10234419045;B
20240429;101407;8030;2;10234419306;S
20240429;101411;8030.5;16;10234419827;B
20240429;101411;8030.5;46;10234419828;B
20240429;101415;8030;42;10234420108;S
20240429;101415;8030;1;10234420109;S
20240429;101415;8030;1;10234420110;S
20240429;101415;8030;1;10234420111;S
20240429;101416;8029;2;10234420193;S
20240429;101417;8028.5;3;10234420365;S
20240429;101419;8029;3;10234420506;B
20240429;101419;8029;12;10234420512;B
20240429;101419;8029;8;10234420513;B
20240429;101422;8029;5;10234420779;B
20240429;101425;8028.5;3;10234421234;S
20240429;101428;8029;10;10234421767;B
20240429;101428;8029;3;10234421768;B
20240429;101429;8029;10;10234421817;S
20240429;101429;8029;38;10234421818;S
20240429;101429;8029;21;10234421819;S
20240429;101429;8029;50;10234421820;S
20240429;101429;8029;50;10234421821;S
20240429;101429;8029;12;10234421822;S
20240429;101429;8029;17;10234421823;S
20240429;101429;8028.5;56;10234421824;S
20240429;101429;8028.5;46;10234421825;S
20240429;101430;8029.5;1;10234422018;B
20240429;101432;8030;1;10234422228;B
20240429;101432;8030;48;10234422229;B
20240429;101432;8030;10;10234422230;B
20240429;101432;8030.5;3;10234422231;B
20240429;101438;8031;23;10234422822;B
20240429;101438;8031;15;10234422823;B
20240429;101438;8032;40;10234422824;B
20240429;101438;8032.5;40;10234422825;B
20240429;101438;8032.5;10;10234422826;B
20240429;101438;8033;3;10234422827;B
20240429;101438;8033;5;10234422828;B
20240429;101438;8033;29;10234422829;B
20240429;101438;8033;25;10234422830;B
20240429;101439;8032.5;1;10234422909;B
20240429;101440;8032.5;9;10234422978;B
20240429;101440;8033;50;10234422979;B
20240429;101440;8033;50;10234422980;B
20240429;101440;8033.5;16;10234422981;B
20240429;101443;8033;5;10234423324;B
20240429;101445;8032;38;10234423529;S
20240429;101445;8032;15;10234423530;S
20240429;101445;8031.5;1;10234423531;S
20240429;101445;8031.5;21;10234423532;S
20240429;101445;8031;10;10234423533;S
20240429;101445;8030.5;6;10234423534;S
20240429;101448;8030.5;4;10234423745;B
20240429;101448;8030.5;10;10234423764;B
20240429;101448;8030;1;10234423773;S
20240429;101449;8030;22;10234423911;S
20240429;101453;8030.5;63;10234424346;B
20240429;101454;8030;27;10234424477;S
20240429;101454;8030;50;10234424478;S
20240429;101454;8030;10;10234424479;S
20240429;101454;8030;21;10234424480;S
20240429;101454;8030;38;10234424481;S
20240429;101454;8030;4;10234424482;S
20240429;101500;8030.5;2;10234425368;B
20240429;101503;8030;10;10234426092;S
20240429;101503;8030;12;10234426093;S
20240429;101503;8030;6;10234426102;S
20240429;101506;8030.5;10;10234427369;B
20240429;101510;8030.5;6;10234428309;B
20240429;101512;8030.5;37;10234428658;B
20240429;101513;8030;2;10234428812;S
20240429;101514;8030.5;90;10234429052;B
20240429;101514;8030.5;62;10234429218;B
20240429;101516;8030.5;7;10234429565;B
20240429;101517;8030;1;10234429647;S
20240429;101521;8030.5;2;10234430588;B
20240429;101522;8030.5;3;10234430714;B
20240429;101525;8030.5;111;10234431332;B
20240429;101525;8030.5;2;10234431333;B
20240429;101531;8032.5;1;10234432663;B
20240429;101531;8033;10;10234432664;B
20240429;101531;8033.5;6;10234432665;B
20240429;101535;8033.5;28;10234433757;B
20240429;101535;8033.5;10;10234433758;B
20240429;101535;8033.5;24;10234433759;B
20240429;101538;8032.5;1;10234434547;B
20240429;101540;8033;1;10234434857;B
20240429;101542;8033.5;2;10234435391;B
20240429;101542;8033.5;8;10234435453;B
20240429;101542;8034;1;10234435454;B
20240429;101542;8034;24;10234435455;B
20240429;101542;8034;1;10234435456;B
20240429;101545;8033;1;10234436228;S
20240429;101551;8033.5;8;10234437201;B
20240429;101551;8033.5;10;10234437345;B
20240429;101551;8034;17;10234437346;B
20240429;101551;8034;93;10234437347;B
20240429;101552;8034;57;10234437603;B
20240429;101552;8034;1;10234437604;B
20240429;101552;8034;750;10234437605;B
20240429;101552;8034;300;10234437606;B
20240429;101552;8034;44;10234437607;B
20240429;101552;8034;10;10234437608;B
20240429;101552;8034.5;15;10234437609;B
20240429;101552;8035;150;10234437610;B
20240429;101552;8035;5;10234437611;B
20240429;101552;8035;1;10234437612;B
20240429;101552;8035;5;10234437613;B
20240429;101552;8036;40;10234437614;B
20240429;101552;8036.5;40;10234437615;B
20240429;101552;8036.5;21;10234437616;B
20240429;101552;8036.5;28;10234437617;B
20240429;101552;8037;5;10234437618;B
20240429;101552;8037;5;10234437619;B
20240429;101552;8037;40;10234437620;B
20240429;101552;8037.5;12;10234437621;B
20240429;101552;8038;15;10234437622;B
20240429;101552;8038.5;30;10234437623;B
20240429;101552;8038.5;14;10234437624;B
20240429;101552;8038.5;30;10234437625;B
20240429;101552;8039;1;10234437626;B
20240429;101552;8039;1;10234437627;B
20240429;101552;8039;300;10234437628;B
20240429;101552;8039;10;10234437629;B
20240429;101552;8039;5;10234437630;B
20240429;101552;8039.5;5;10234437631;B
20240429;101552;8039.5;140;10234437632;B
20240429;101552;8040;50;10234437633;B
20240429;101552;8038.5;50;10234437640;B
20240429;101552;8039;10;10234437641;B
20240429;101552;8039.5;32;10234437642;B
20240429;101552;8038;1;10234437699;S
20240429;101553;8038;3;10234437841;S
20240429;101555;8039.5;18;10234438200;B
20240429;101555;8039.5;12;10234438201;B
20240429;101556;8039;1;10234438491;S
20240429;101556;8039;1;10234438601;S
20240429;101557;8039.5;38;10234438630;B
20240429;101557;8039.5;12;10234438631;B
20240429;101557;8039.5;12;10234438632;B
20240429;101558;8039.5;5;10234439074;B
20240429;101601;8039.5;4;10234439472;B
20240429;101601;8039;1;10234439640;S
20240429;101603;8039.5;3;10234440004;B
20240429;101605;8039;35;10234440411;S
20240429;101605;8039;25;10234440412;S
20240429;101611;8039;6;10234441515;S
20240429;101613;8039.5;1;10234441843;B
20240429;101613;8039.5;1;10234441875;B
20240429;101613;8039.5;6;10234441914;B
20240429;101615;8039;1;10234442192;S
20240429;101616;8039.5;1;10234442284;B
20240429;101616;8039.5;4;10234442285;B
20240429;101618;8039.5;8;10234442538;B
20240429;101618;8039.5;50;10234442539;B
20240429;101618;8039.5;4;10234442540;B
20240429;101636;8039;1;10234445567;S
20240429;101638;8039.5;21;10234445885;B
20240429;101638;8039.5;1;10234445886;B
20240429;101638;8039.5;50;10234445887;B
20240429;101638;8039.5;28;10234445888;B
20240429;101639;8039.5;22;10234446078;B
20240429;101639;8039.5;1;10234446079;B
20240429;101639;8039.5;29;10234446080;B
20240429;101639;8039.5;10;10234446081;B
20240429;101639;8039.5;1;10234446082;B
20240429;101639;8039;10;10234446170;S
20240429;101647;8039;1;10234447679;S
20240429;101647;8039.5;10;10234447721;B
20240429;101648;8039.5;9;10234447982;B
20240429;101649;8039.5;30;10234448158;B
20240429;101649;8039.5;4;10234448159;B
20240429;101652;8039.5;1;10234448678;B
20240429;101652;8039.5;4;10234448679;B
20240429;101653;8040;1;10234448742;B
20240429;101654;8039.5;38;10234448999;S
20240429;101654;8039.5;17;10234449000;S
20240429;101654;8039.5;10;10234449001;S
20240429;101654;8039;6;10234449002;S
20240429;101654;8039;29;10234449003;S
20240429;101700;8040;62;10234449947;B
20240429;101701;8039.5;4;10234450223;S
20240429;101706;8039.5;3;10234451209;S
20240429;101708;8040;20;10234451576;B
20240429;101708;8040;10;10234451577;B
20240429;101708;8040;3;10234451578;B
20240429;101708;8040;1;10234451579;B
20240429;101708;8040;1;10234451580;B
20240429;101708;8040;1;10234451581;B
20240429;101709;8039.5;3;10234451765;S
20240429;101711;8040;25;10234452293;B
20240429;101712;8039.5;28;10234452371;S
20240429;101712;8039.5;17;10234452372;S
20240429;101712;8039.5;50;10234452373;S
20240429;101712;8039.5;10;10234452374;S
20240429;101712;8039.5;1;10234452379;B
20240429;101713;8039.5;6;10234452505;B
20240429;101719;8039.5;1;10234453813;B
20240429;101719;8039.5;1;10234453858;B
20240429;101719;8039.5;1;10234453875;B
20240429;101720;8039.5;1;10234453902;B
20240429;101720;8039.5;27;10234453935;B
20240429;101720;8039.5;21;10234453936;B
20240429;101720;8040;11;10234453937;B
20240429;101720;8040;1;10234453962;B
20240429;101720;8040;1;10234454067;B
20240429;101721;8040;61;10234454124;B
20240429;101721;8040;1;10234454125;B
20240429;101724;8039.5;10;10234454569;S
20240429;101724;8039.5;50;10234454570;S
20240429;101724;8039.5;38;10234454571;S
20240429;101724;8039.5;17;10234454572;S
20240429;101724;8039.5;2;10234454573;S
20240429;101724;8039;13;10234454574;S
20240429;101724;8040;1;10234454649;B
20240429;101725;8040;1;10234454767;B
20240429;101725;8040;9;10234454768;B
20240429;101725;8040;3;10234454791;B
20240429;101725;8040;1;10234454792;B
20240429;101725;8040;21;10234454793;B
20240429;101725;8041;1;10234454794;B
20240429;101725;8041;6;10234454795;B
20240429;101725;8041;2;10234454796;B
20240429;101725;8041;14;10234454797;B
20240429;101725;8041.5;1;10234454798;B
20240429;101725;8042;1;10234454799;B
20240429;101733;8041.5;1;10234455949;B
20240429;101734;8041.5;2;10234456178;B
20240429;101737;8041.5;10;10234456509;B
20240429;101737;8041.5;2;10234456516;B
20240429;101737;8041.5;35;10234456547;B
20240429;101737;8041.5;21;10234456548;B
20240429;101737;8041.5;27;10234456549;B
20240429;101737;8041.5;6;10234456550;B
20240429;101739;8040.5;1;10234456811;S
20240429;101742;8041.5;50;10234457226;B
20240429;101742;8041.5;12;10234457227;B
20240429;101742;8041.5;5;10234457295;B
20240429;101743;8040;10;10234457418;S
20240429;101743;8040;1;10234457419;S
20240429;101743;8040;10;10234457420;S
20240429;101743;8040;28;10234457421;S
20240429;101743;8040;16;10234457422;S
20240429;101745;8041.5;4;10234457606;B
20240429;101745;8041.5;9;10234457607;B
20240429;101749;8041.5;41;10234458217;B
20240429;101749;8041.5;9;10234458218;B
20240429;101750;8041.5;10;10234458289;B
20240429;101750;8041.5;21;10234458290;B
20240429;101750;8042;8;10234458291;B
20240429;101750;8042;50;10234458350;B
20240429;101756;8041.5;1;10234459084;B
20240429;101759;8041;1;10234459661;B
20240429;101800;8041;1;10234459767;B
20240429;101800;8041;2;10234459849;B
20240429;101800;8041;1;10234459855;B
20240429;101801;8041;1;10234460115;B
20240429;101801;8041;21;10234460116;B
20240429;101801;8041;10;10234460117;B
20240429;101801;8041.5;18;10234460118;B
20240429;101803;8040.5;1;10234460751;B
20240429;101803;8040.5;21;10234460752;B
20240429;101803;8041.5;31;10234460753;B
20240429;101803;8041.5;9;10234460754;B
20240429;101803;8041.5;3;10234460781;B
20240429;101804;8041.5;1;10234461028;B
20240429;101805;8041.5;5;10234461234;B
20240429;101806;8041.5;12;10234461269;B
20240429;101806;8041.5;13;10234461270;B
20240429;101806;8041.5;21;10234461350;B
20240429;101806;8042;41;10234461351;B
20240429;101806;8042;20;10234461352;B
20240429;101806;8042;1;10234461353;B
20240429;101806;8042;15;10234461354;B
20240429;101806;8042;74;10234461355;B
20240429;101811;8040.5;1;10234462195;S
20240429;101813;8041;27;10234462560;B
20240429;101813;8041;21;10234462561;B
20240429;101813;8041.5;7;10234462562;B
20240429;101818;8041;4;10234463095;S
20240429;101821;8041;12;10234463600;S
20240429;101821;8041;8;10234463601;S
20240429;101824;8041;38;10234463931;B
20240429;101824;8041;21;10234463932;B
20240429;101824;8041;4;10234463933;B
20240429;101825;8041;1;10234464251;B
20240429;101826;8040.5;6;10234464446;S
20240429;101827;8041;1;10234464495;B
20240429;101827;8041;2;10234464510;B
20240429;101828;8040.5;1;10234464715;S
20240429;101832;8040.5;10;10234465131;S
20240429;101832;8040.5;50;10234465132;S
20240429;101832;8040.5;40;10234465133;S
20240429;101836;8040.5;10;10234465803;S
20240429;101836;8040.5;5;10234465804;S
20240429;101836;8040;13;10234465805;S
20240429;101836;8040;15;10234465806;S
20240429;101836;8040;5;10234465807;S
20240429;101836;8040;1;10234465808;S
20240429;101836;8040;51;10234465809;S
20240429;101837;8040;100;10234465867;S
20240429;101838;8040.5;2;10234466024;B
20240429;101839;8040;2;10234466176;S
20240429;101845;8040.5;1;10234467019;B
20240429;101845;8040.5;18;10234467029;B
20240429;101845;8040.5;17;10234467030;B
20240429;101845;8041;9;10234467031;B
20240429;101845;8041;18;10234467032;B
20240429;101846;8041;3;10234467215;B
20240429;101847;8040.5;11;10234467411;B
20240429;101849;8041;14;10234467721;B
20240429;101849;8041;11;10234467722;B
20240429;101850;8041;10;10234467797;B
20240429;101850;8041.5;88;10234467798;B
20240429;101850;8041.5;10;10234467799;B
20240429;101850;8041.5;10;10234467800;B
20240429;101850;8041.5;2;10234467801;B
20240429;101850;8041.5;250;10234467802;B
20240429;101850;8041.5;3;10234467803;B
20240429;101850;8042;176;10234467804;B
20240429;101850;8042;1;10234467805;B
20240429;101850;8042;50;10234467806;B
20240429;101850;8042;100;10234467807;B
20240429;101850;8042;3;10234467808;B
20240429;101850;8042;10;10234467809;B
20240429;101850;8042;14;10234467810;B
20240429;101850;8042.5;15;10234467811;B
20240429;101850;8042.5;38;10234467812;B
20240429;101850;8043;58;10234467813;B
20240429;101850;8043;1;10234467814;B
20240429;101850;8043;2;10234467815;B
20240429;101850;8043.5;1;10234467816;B
20240429;101850;8043.5;40;10234467817;B
20240429;101850;8043.5;27;10234467818;B
20240429;101850;8044;10;10234467819;B
20240429;101850;8044;1;10234467820;B
20240429;101850;8044;12;10234467821;B
20240429;101850;8044;5;10234467822;B
20240429;101850;8044;40;10234467823;B
20240429;101850;8044;10;10234467824;B
20240429;101850;8044.5;1;10234467825;B
20240429;101850;8044.5;12;10234467826;B
20240429;101851;8043;2;10234468073;S
20240429;101856;8043;3;10234468834;S
20240429;101901;8043;4;10234469733;S
20240429;101901;8043;1;10234469734;S
20240429;101903;8042.5;1;10234470053;B
20240429;101906;8042.5;37;10234470397;B
20240429;101906;8042.5;21;10234470398;B
20240429;101906;8043;4;10234470399;B
20240429;101907;8043;25;10234470499;B
20240429;101908;8043;1;10234470640;B
20240429;101908;8043;1;10234470853;B
20240429;101910;8043;3;10234471190;B
20240429;101911;8043;16;10234471419;B
20240429;101911;8043;21;10234471420;B
20240429;101911;8043;2;10234471421;B
20240429;101911;8043;10;10234471422;B
20240429;101911;8043;10;10234471423;B
20240429;101911;8043.5;14;10234471424;B
20240429;101911;8044;1;10234471425;B
20240429;101911;8044;50;10234471426;B
20240429;101911;8044.5;43;10234471427;B
20240429;101911;8044.5;50;10234471428;B
20240429;101911;8045;7;10234471429;B
20240429;101911;8045;5;10234471430;B
20240429;101911;8045;5;10234471431;B
20240429;101911;8045;1;10234471432;B
20240429;101911;8045;2;10234471433;B
20240429;101911;8045;2;10234471434;B
20240429;101911;8045;1;10234471435;B
20240429;101911;8045;2;10234471436;B
20240429;101911;8045;1;10234471437;B
20240429;101911;8045;1;10234471438;B
20240429;101911;8045;5;10234471439;B
20240429;101911;8045;1;10234471440;B
20240429;101911;8045;100;10234471441;B
20240429;101911;8045;24;10234471442;B
20240429;101911;8045;50;10234471443;B
20240429;101911;8045;50;10234471444;B
20240429;101911;8046;5;10234471445;B
20240429;101911;8046;1;10234471446;B
20240429;101911;8046;1;10234471447;B
20240429;101911;8046;5;10234471448;B
20240429;101911;8046;17;10234471449;B
20240429;101911;8046.5;2;10234471450;B
20240429;101911;8046.5;300;10234471451;B
20240429;101911;8046.5;30;10234471452;B
20240429;101911;8046.5;40;10234471453;B
20240429;101911;8046.5;27;10234471454;B
20240429;101911;8046.5;38;10234471455;B
20240429;101911;8047;11;10234471456;B
20240429;101911;8047;16;10234471457;B
20240429;101911;8047;1;10234471458;B
20240429;101911;8047;2;10234471459;B
20240429;101911;8047;12;10234471460;B
20240429;101911;8047;18;10234471461;B
20240429;101911;8045;6;10234471533;B
20240429;101911;8045;14;10234471534;B
20240429;101913;8045.5;1;10234472410;B
20240429;101914;8045.5;1;10234472790;B
20240429;101915;8045.5;12;10234472898;B
20240429;101915;8045.5;21;10234472899;B
20240429;101918;8046;1;10234473422;B
20240429;101923;8046;9;10234474181;B
20240429;101927;8046;1;10234474716;B
20240429;101927;8046;40;10234474773;B
20240429;101927;8046;21;10234474774;B
20240429;101927;8046;1;10234474775;B
20240429;101929;8046;4;10234475190;B
20240429;101929;8046;14;10234475191;B
20240429;101929;8046;14;10234475192;B
20240429;101930;8045.5;5;10234475419;S
20240429;101932;8045.5;13;10234475756;S
20240429;101933;8045.5;2;10234475884;S
20240429;101933;8045.5;1;10234475885;S
20240429;101933;8045.5;38;10234475886;S
20240429;101934;8045.5;1;10234476180;B
20240429;101935;8045.5;5;10234476209;B
20240429;101935;8045.5;3;10234476210;B
20240429;101938;8045.5;18;10234477181;B
20240429;101938;8045.5;50;10234477182;B
20240429;101938;8046;2;10234477183;B
20240429;101939;8046;18;10234477515;B
20240429;101939;8046;4;10234477713;B
20240429;101943;8046;1;10234478503;B
20240429;101944;8045.5;4;10234478689;B
20240429;101947;8045.5;1;10234479085;B
20240429;101948;8045.5;5;10234479122;B
20240429;101948;8046;62;10234479224;B
20240429;101957;8045.5;3;10234480927;S
20240429;101959;8046;20;10234481297;B
20240429;101959;8046;8;10234481354;B
20240429;102002;8046;1;10234481939;B
20240429;102002;8045.5;25;10234481954;S
20240429;102004;8045.5;20;10234482465;S
20240429;102007;8046;1;10234482858;B
20240429;102009;8045;2;10234483272;S
20240429;102009;8045;3;10234483273;S
20240429;102009;8046;19;10234483289;B
20240429;102009;8046;2;10234483290;B
20240429;102009;8046;20;10234483291;B
20240429;102009;8046;10;10234483292;B
20240429;102009;8046;4;10234483293;B
20240429;102009;8046;16;10234483380;B
20240429;102009;8046;2;10234483381;B
20240429;102009;8046;1;10234483382;B
20240429;102009;8046;1;10234483383;B
20240429;102009;8046;1;10234483384;B
20240429;102009;8046;1;10234483385;B
20240429;102009;8046;1;10234483386;B
20240429;102009;8046;1;10234483387;B
20240429;102009;8046;1;10234483388;B
20240429;102009;8046.5;13;10234483389;B
20240429;102009;8047;24;10234483390;B
20240429;102014;8045.5;1;10234484144;S
20240429;102014;8045.5;4;10234484145;S
20240429;102014;8046;1;10234484203;B
20240429;102016;8046;1;10234484527;B
20240429;102016;8046;1;10234484528;B
20240429;102016;8046;1;10234484529;B
20240429;102016;8046;1;10234484530;B
20240429;102016;8046;1;10234484531;B
20240429;102016;8046;1;10234484532;B
20240429;102016;8046;1;10234484533;B
20240429;102016;8046;1;10234484534;B
20240429;102016;8046;1;10234484535;B
20240429;102016;8046;1;10234484536;B
20240429;102016;8046;1;10234484537;B
20240429;102016;8046;1;10234484538;B
20240429;102016;8046;1;10234484539;B
20240429;102016;8046;1;10234484540;B
20240429;102016;8046;1;10234484541;B
20240429;102016;8046.5;13;10234484542;B
20240429;102016;8047;26;10234484543;B
20240429;102016;8047;1;10234484544;B
20240429;102016;8047;9;10234484545;B
20240429;102016;8046;2;10234484559;S
20240429;102016;8046;1;10234484568;S
20240429;102016;8046;1;10234484570;S
20240429;102016;8046;1;10234484571;S
20240429;102016;8046;1;10234484572;S
20240429;102016;8046;1;10234484573;S
20240429;102016;8046;1;10234484574;S
20240429;102016;8046;1;10234484575;S
20240429;102016;8046;1;10234484576;S
20240429;102016;8046;1;10234484577;S
20240429;102016;8046;1;10234484579;S
20240429;102016;8046;1;10234484580;S
20240429;102016;8046;1;10234484581;S
20240429;102016;8046;2;10234484595;S
20240429;102016;8046;1;10234484596;S
20240429;102016;8046;1;10234484598;S
20240429;102016;8046;1;10234484600;S
20240429;102016;8046;1;10234484604;S
20240429;102016;8046;1;10234484605;S
20240429;102016;8046;1;10234484606;S
20240429;102016;8046;1;10234484608;S
20240429;102016;8046;1;10234484609;S
20240429;102016;8046;2;10234484629;S
20240429;102016;8046;1;10234484630;S
20240429;102016;8046;1;10234484632;S
20240429;102016;8046;1;10234484633;S
20240429;102016;8046;1;10234484634;S
20240429;102016;8046;1;10234484635;S
20240429;102016;8046;1;10234484636;S
20240429;102016;8046;2;10234484644;S
20240429;102016;8045.5;2;10234484731;S
20240429;102020;8046;1;10234487335;B
20240429;102020;8046;14;10234487336;B
20240429;102023;8046;1;10234488888;B
20240429;102023;8046;35;10234489269;B
20240429;102023;8046;50;10234489270;B
20240429;102023;8046;50;10234489271;B
20240429;102023;8046;10;10234489272;B
20240429;102023;8046;1;10234489273;B
20240429;102023;8046;1;10234489274;B
20240429;102023;8046;1;10234489275;B
20240429;102023;8046;1;10234489276;B
20240429;102023;8046;1;10234489277;B
20240429;102027;8045.5;1;10234492112;S
20240429;102030;8045.5;93;10234493930;S
20240429;102030;8045.5;13;10234493931;S
20240429;102030;8045.5;2;10234493932;S
20240429;102030;8045;80;10234493933;S
20240429;102030;8045;2;10234493934;S
20240429;102030;8045;1;10234493935;S
20240429;102030;8045;1;10234493936;S
20240429;102030;8045;1;10234493937;S
20240429;102030;8045;1;10234493938;S
20240429;102030;8045;1;10234493939;S
20240429;102030;8045;1;10234493940;S
20240429;102030;8045;1;10234493941;S
20240429;102030;8045;1;10234493942;S
20240429;102030;8045;1;10234493943;S
20240429;102030;8045;27;10234493944;S
20240429;102030;8044.5;30;10234493945;S
20240429;102030;8044.5;5;10234493946;S
20240429;102030;8044.5;40;10234493947;S
20240429;102030;8044.5;10;10234493948;S
20240429;102030;8044;40;10234493949;S
20240429;102030;8044;224;10234493950;S
20240429;102030;8043.5;6;10234493951;S
20240429;102030;8043;31;10234493952;S
20240429;102030;8043.5;1;10234493960;B
20240429;102030;8043.5;1;10234493961;B
20240429;102030;8043.5;1;10234493962;B
20240429;102030;8044;1;10234493963;B
20240429;102030;8044;1;10234493965;B
20240429;102030;8044;1;10234493966;B
20240429;102030;8044;1;10234493967;B
20240429;102030;8044;1;10234493969;B
20240429;102030;8044;1;10234493972;B
20240429;102030;8044;1;10234493977;B
20240429;102030;8045.5;50;10234494272;B
20240429;102030;8045.5;2;10234494273;B
20240429;102030;8045.5;10;10234494274;B
20240429;102032;8045.5;1;10234496010;B
20240429;102033;8045.5;12;10234496098;B
20240429;102033;8045.5;50;10234496099;B
20240429;102033;8045.5;10;10234496100;B
20240429;102033;8045.5;18;10234496101;B
20240429;102034;8045;1;10234496659;S
20240429;102034;8045;1;10234496660;S
20240429;102034;8045;1;10234496661;S
20240429;102034;8045;1;10234496662;S
20240429;102034;8045;1;10234496663;S
20240429;102034;8045;4;10234496664;S
20240429;102034;8044;13;10234496665;S
20240429;102034;8043.5;10;10234496666;S
20240429;102034;8043;38;10234496667;S
20240429;102034;8043;17;10234496668;S
20240429;102034;8043;27;10234496669;S
20240429;102034;8042.5;50;10234496670;S
20240429;102034;8042.5;34;10234496671;S
20240429;102034;8042;50;10234496672;S
20240429;102034;8042;2;10234496673;S
20240429;102034;8044.5;1;10234496680;B
20240429;102034;8044.5;1;10234496681;B
20240429;102034;8044.5;1;10234496682;B
20240429;102034;8044.5;1;10234496683;B
20240429;102034;8044.5;1;10234496688;B
20240429;102034;8044.5;1;10234496689;B
20240429;102034;8044.5;1;10234496690;B
20240429;102034;8044.5;1;10234496707;B
20240429;102034;8044.5;1;10234496708;B
20240429;102034;8044.5;1;10234496717;B
20240429;102034;8044.5;1;10234496719;B
20240429;102034;8044.5;1;10234496734;B
20240429;102034;8044.5;1;10234496735;B
20240429;102035;8044.5;1;10234496751;B
20240429;102035;8044.5;1;10234496753;B
20240429;102035;8044.5;1;10234496773;B
20240429;102035;8044.5;1;10234496774;B
20240429;102035;8044.5;2;10234496780;B
20240429;102035;8044.5;1;10234496786;B
20240429;102035;8044.5;1;10234496789;B
20240429;102035;8044.5;1;10234496807;B
20240429;102036;8044.5;10;10234497022;B
20240429;102036;8044.5;18;10234497050;B
20240429;102036;8045;9;10234497051;B
20240429;102037;8045;2;10234497778;B
20240429;102040;8045;18;10234499512;B
20240429;102041;8045;1;10234499600;B
20240429;102042;8045;2;10234499870;B
20240429;102048;8044.5;8;10234503136;B
20240429;102051;8045;18;10234503770;B
20240429;102051;8045;13;10234503771;B
20240429;102051;8045;32;10234503772;B
20240429;102052;8045;68;10234503794;B
20240429;102052;8045;3;10234503795;B
20240429;102052;8045;1;10234503796;B
20240429;102052;8045.5;18;10234503797;B
20240429;102054;8045.5;7;10234505070;B
20240429;102055;8045;1;10234505186;S
20240429;102057;8044.5;1;10234506311;S
20240429;102100;8045;2;10234507719;B
20240429;102103;8044.5;1;10234508704;S
20240429;102104;8045;6;10234508888;B
20240429;102105;8045;1;10234509021;B
20240429;102112;8045;1;10234512010;B
20240429;102112;8045;19;10234512028;B
20240429;102112;8045;43;10234512029;B
20240429;102113;8045;1;10234512091;B
20240429;102113;8045;1;10234512094;B
20240429;102117;8045;25;10234513076;B
20240429;102117;8045;1;10234513180;B
20240429;102118;8045;1;10234513203;B
20240429;102119;8045;1;10234513553;B
20240429;102119;8045;12;10234513600;B
20240429;102120;8044.5;10;10234514603;S
20240429;102121;8045;15;10234514752;B
20240429;102121;8045;50;10234514753;B
20240429;102121;8045;3;10234514754;B
20240429;102121;8045;3;10234514755;B
20240429;102121;8045;27;10234514756;B
20240429;102121;8045.5;2;10234514757;B
20240429;102124;8045;1;10234516340;B
20240429;102126;8045;50;10234517761;B
20240429;102126;8045;100;10234517762;B
20240429;102126;8045;10;10234517763;B
20240429;102126;8045;79;10234517764;B
20240429;102126;8045;17;10234517765;B
20240429;102126;8045;20;10234517766;B
20240429;102126;8045.5;1;10234517767;B
20240429;102127;8045;79;10234517935;S
20240429;102127;8045.5;1;10234518006;B
20240429;102127;8045.5;1;10234518007;B
20240429;102128;8045;79;10234518111;S
20240429;102128;8045.5;4;10234518201;B
20240429;102128;8045;79;10234518240;S
20240429;102128;8045.5;3;10234518543;B
20240429;102130;8045;18;10234519797;S
20240429;102131;8045.5;1;10234519858;B
20240429;102133;8045;1;10234520554;S
20240429;102133;8045.5;29;10234520564;B
20240429;102133;8045.5;17;10234520565;B
20240429;102133;8046;2;10234520566;B
20240429;102133;8046;2;10234520567;B
20240429;102133;8046;1;10234520568;B
20240429;102133;8046;1;10234520569;B
20240429;102133;8046;1;10234520570;B
20240429;102133;8046;1;10234520571;B
20240429;102133;8046;3;10234520572;B
20240429;102133;8046;1;10234520573;B
20240429;102133;8046;4;10234520574;B
20240429;102134;8045.5;6;10234520575;B
20240429;102134;8045;100;10234520640;S
20240429;102134;8045.5;2;10234521492;B
20240429;102136;8045.5;6;10234521676;B
20240429;102136;8045;1;10234521745;S
20240429;102136;8045.5;8;10234521754;B
20240429;102138;8045;1;10234522198;S
20240429;102139;8045.5;1;10234523102;B
20240429;102140;8045.5;2;10234523268;B
20240429;102142;8045.5;1;10234523552;B
20240429;102142;8045.5;1;10234523567;B
20240429;102142;8045.5;1;10234523961;B
20240429;102142;8045.5;2;10234524004;B
20240429;102143;8045.5;7;10234524188;B
20240429;102143;8045.5;1;10234524862;B
20240429;102144;8045.5;1;10234524922;B
20240429;102146;8045.5;1;10234525659;B
20240429;102148;8045.5;35;10234525804;B
20240429;102148;8045.5;5;10234525805;B
20240429;102148;8045.5;17;10234525806;B
20240429;102148;8046;23;10234525807;B
20240429;102148;8046;20;10234525813;B
20240429;102148;8045.5;7;10234525830;S
20240429;102148;8045.5;3;10234525831;S
20240429;102148;8046;20;10234525832;B
20240429;102148;8045.5;1;10234525842;S
20240429;102148;8046;2;10234525871;B
20240429;102149;8046;1;10234525994;B
20240429;102150;8046;1;10234526117;B
20240429;102150;8046;1;10234526118;B
20240429;102150;8046;1;10234526119;B
20240429;102151;8046;1;10234526346;B
20240429;102151;8046;6;10234526362;B
20240429;102152;8046;1;10234526551;B
20240429;102152;8046;1;10234526598;B
20240429;102153;8046;2;10234526636;B
20240429;102153;8046;8;10234526660;B
20240429;102153;8046;1;10234526699;B
20240429;102153;8046;1;10234526738;B
20240429;102155;8046;11;10234527917;B
20240429;102155;8046;45;10234527919;B
20240429;102155;8046;1;10234527920;B
20240429;102155;8046;1;10234527921;B
20240429;102155;8046;1;10234527922;B
20240429;102155;8046;1;10234527923;B
20240429;102155;8046;1;10234527924;B
20240429;102155;8046;1;10234527925;B
20240429;102155;8046;1;10234527926;B
20240429;102155;8046;1;10234527927;B
20240429;102155;8046;1;10234527928;B
20240429;102155;8046;1;10234527929;B
20240429;102155;8046;1;10234527930;B
20240429;102155;8046;2;10234527931;B
20240429;102155;8046;1;10234527932;B
20240429;102155;8046;1;10234527933;B
20240429;102155;8046;1;10234527934;B
20240429;102155;8046;1;10234527935;B
20240429;102155;8046;1;10234528047;B
20240429;102155;8046;1;10234528063;B
20240429;102155;8046;1;10234528096;B
20240429;102155;8046;1;10234528130;B
20240429;102156;8046;1;10234528922;B
20240429;102156;8046;1;10234528949;B
20240429;102156;8046;1;10234528982;B
20240429;102156;8046;1;10234528985;B
20240429;102156;8046;1;10234528999;B
20240429;102157;8046;1;10234529405;B
20240429;102157;8046;3;10234529410;B
20240429;102157;8046;1;10234529411;B
20240429;102157;8046;1;10234529412;B
20240429;102157;8046;1;10234529413;B
20240429;102157;8046;1;10234529414;B
20240429;102157;8046;1;10234529415;B
20240429;102157;8046;1;10234529416;B
20240429;102157;8046;1;10234529417;B
20240429;102157;8046;1;10234529418;B
20240429;102157;8046;4;10234529419;B
20240429;102157;8046;1;10234529420;B
20240429;102157;8046;1;10234529421;B
20240429;102157;8046;2;10234529422;B
20240429;102157;8046;1;10234529423;B
20240429;102157;8046;1;10234529424;B
20240429;102157;8046;1;10234529425;B
20240429;102157;8046;1;10234529426;B
20240429;102157;8046;2;10234529427;B
20240429;102157;8046;1;10234529428;B
20240429;102157;8046;1;10234529429;B
20240429;102157;8046;1;10234529430;B
20240429;102157;8046;1;10234529431;B
20240429;102157;8046;1;10234529432;B
20240429;102157;8046;1;10234529433;B
20240429;102157;8046;1;10234529434;B
