<DATE>;<TIME>;<LAST>;<VOL>;<ID>;<OPER>
20240311;095937;7537;2;9807322409;S
20240311;095937;7537;5;9807322410;S
20240311;095937;7537;5;9807322411;S
20240311;095937;7537;35;9807322412;S
20240311;095937;7537;15;9807322413;S
20240311;095937;7537;10;9807322414;S
20240311;095937;7537;8;9807322415;S
20240311;095937;7537;9;9807322416;S
20240311;095937;7537;1;9807322417;S
20240311;095937;7537;1;9807322418;S
20240311;095937;7537;1;9807322419;S
20240311;095937;7537;1;9807322420;S
20240311;095937;7537;1;9807322421;S
20240311;095937;7537;5;9807322422;S
20240311;095937;7537;1;9807322423;S
20240311;095937;7537;40;9807322424;S
20240311;095937;7537;4;9807322425;B
20240311;095937;7537;21;9807322426;S
20240311;095937;7537;15;9807322427;S
20240311;095937;7537;10;9807322428;S
20240311;095937;7537;15;9807322429;S
20240311;095937;7537;2;9807322430;S
20240311;095937;7537;7;9807322431;B
20240311;095937;7537;8;9807322432;B
20240311;095937;7537;1;9807322433;S
20240311;095937;7537;2;9807322434;S
20240311;095937;7537;1;9807322435;S
20240311;095937;7537;1;9807322436;S
20240311;095937;7537;3;9807322437;S
20240311;095937;7537;2;9807322438;S
20240311;095937;7537;2;9807322439;S
20240311;095937;7537;1;9807322440;S
20240311;095937;7537;1;9807322441;S
20240311;095937;7537;1;9807322442;S
20240311;095937;7537;4;9807322443;B
20240311;095937;7537;3;9807322444;S
20240311;095937;7537;1;9807322445;S
20240311;095937;7537;1;9807322446;B
20240311;095937;7537;2;9807322447;B
20240311;095937;7537;1;9807322448;B
20240311;095937;7537;1;9807322449;B
20240311;095937;7537;3;9807322450;B
20240311;095937;7537;10;9807322451;S
20240311;095937;7537;2;9807322452;B
20240311;095937;7537;1;9807322453;S
20240311;095937;7537;8;9807322454;B
20240311;095937;7537;20;9807322455;B
20240311;095937;7537;1;9807322456;B
20240311;095937;7537;3;9807322457;S
20240311;095937;7537;1;9807322458;B
20240311;095937;7537;1;9807322459;B
20240311;095937;7537;1;9807322460;B
20240311;095937;7537;1;9807322461;B
20240311;095937;7537;2;9807322462;B
20240311;095937;7537;1;9807322463;B
20240311;095937;7537;1;9807322464;B
20240311;095937;7537;4;9807322465;B
20240311;095937;7537;6;9807322466;B
20240311;095937;7537;1;9807322467;B
20240311;095937;7537;1;9807322468;B
20240311;095937;7537;1;9807322469;B
20240311;095937;7537;1;9807322470;B
20240311;095937;7537;2;9807322471;S
20240311;095937;7537;1;9807322472;S
20240311;095937;7537;2;9807322473;S
20240311;095937;7537;38;9807322474;S
20240311;095937;7537;15;9807322475;S
20240311;095937;7537;7;9807322476;S
20240311;095937;7537;2;9807322477;B
20240311;095937;7537;3;9807322478;B
20240311;095937;7537;1;9807322479;B
20240311;095937;7537;1;9807322480;B
20240311;095937;7537;1;9807322481;B
20240311;095937;7537;1;9807322482;B
20240311;095937;7537;2;9807322483;B
20240311;095937;7537;2;9807322484;B
20240311;095937;7537;2;9807322485;B
20240311;095937;7537;1;9807322486;B
20240311;095937;7537;5;9807322487;B
20240311;095937;7537;3;9807322488;B
20240311;095937;7537;1;9807322489;B
20240311;095937;7537;12;9807322490;B
20240311;095937;7537;1;9807322491;B
20240311;095937;7537;1;9807322492;B
20240311;095937;7537;6;9807322493;B
20240311;095937;7537;1;9807322494;B
20240311;095937;7537;3;9807322495;B
20240311;095937;7537;60;9807322496;B
20240311;095937;7537;1;9807322497;B
20240311;095937;7537;1;9807322498;S
20240311;095937;7537;20;9807322499;B
20240311;095937;7537;3;9807322500;B
20240311;095937;7537;103;9807322501;B
20240311;095937;7537;2;9807322502;B
20240311;095937;7537;4;9807322503;B
20240311;095937;7537;50;9807322504;B
20240311;095937;7537;1;9807322505;B
20240311;095937;7537;2;9807322506;B
20240311;095937;7537;1;9807322507;B
20240311;095937;7537;10;9807322508;B
20240311;095937;7537;21;9807322509;B
20240311;095937;7537;50;9807322510;B
20240311;095937;7537;15;9807322511;B
20240311;095937;7537;20;9807322512;B
20240311;095937;7537;1;9807322513;B
20240311;095937;7537;15;9807322514;B
20240311;095937;7537;1;9807322515;B
20240311;095937;7537;110;9807322516;B
20240311;095937;7537;20;9807322517;B
20240311;095937;7537;1;9807322518;B
20240311;095937;7537;3;9807322519;B
20240311;095937;7537;1;9807322520;B
20240311;095937;7537;7;9807322521;B
20240311;095937;7537;1;9807322522;B
20240311;095937;7537;3;9807322523;B
20240311;095937;7537;4;9807322524;B
20240311;095937;7537;1;9807322525;B
20240311;095937;7537;7;9807322526;B
20240311;095937;7537;1;9807322527;B
20240311;095937;7537;1;9807322528;S
20240311;095937;7537;1;9807322529;S
20240311;095937;7537;1;9807322530;B
20240311;095937;7537;1;9807322531;B
20240311;095937;7537;10;9807322532;B
20240311;095937;7537;1;9807322533;B
20240311;095937;7537;1;9807322534;B
20240311;095937;7537;14;9807322535;B
20240311;095937;7537;2;9807322536;B
20240311;095937;7537;7;9807322537;B
20240311;095937;7537;5;9807322538;B
20240311;095937;7537;13;9807322539;B
20240311;095937;7537;5;9807322540;B
20240311;095937;7537;2;9807322541;B
20240311;095937;7537;1;9807322542;B
20240311;095937;7537;1;9807322543;B
20240311;095937;7537;10;9807322544;B
20240311;095937;7537;2;9807322545;B
20240311;095937;7537;1;9807322546;B
20240311;095937;7537;1;9807322547;B
20240311;095937;7537;1;9807322548;B
20240311;095937;7537;31;9807322549;S
20240311;095937;7537;18;9807322550;S
20240311;095937;7537;2;9807322551;B
20240311;095937;7537;17;9807322552;B
20240311;095937;7537;1;9807322553;B
20240311;095937;7537;3;9807322554;S
20240311;095937;7537;7;9807322555;B
20240311;095937;7537;7;9807322556;B
20240311;095937;7537;1;9807322557;B
20240311;095937;7537;3;9807322558;B
20240311;095937;7537;3;9807322559;B
20240311;095937;7537;1;9807322560;B
20240311;095937;7537;1;9807322561;B
20240311;095937;7537;127;9807322562;S
20240311;095937;7537;21;9807322563;S
20240311;095937;7537;1;9807322564;S
20240311;095937;7537;10;9807322565;S
20240311;095937;7537;3;9807322566;S
20240311;095937;7537;9;9807322567;S
20240311;095937;7537;10;9807322568;S
20240311;095937;7537;1;9807322569;S
20240311;095937;7537;1;9807322570;S
20240311;095937;7537;1;9807322571;S
20240311;095937;7537;4;9807322572;S
20240311;095937;7537;8;9807322573;S
20240311;095937;7537;1;9807322574;S
20240311;095937;7537;8;9807322575;S
20240311;095937;7537;13;9807322576;S
20240311;095937;7537;3;9807322577;S
20240311;095937;7537;1;9807322578;S
20240311;095937;7537;4;9807322579;S
20240311;095937;7537;1;9807322580;S
20240311;095937;7537;2;9807322581;S
20240311;095937;7537;10;9807322582;S
20240311;095937;7537;1;9807322583;S
20240311;095937;7537;1;9807322584;S
20240311;095937;7537;5;9807322585;S
20240311;095937;7537;1;9807322586;S
20240311;095937;7537;53;9807322587;S
20240311;095937;7537;15;9807322588;S
20240311;095937;7537;5;9807322589;B
20240311;095937;7537;5;9807322590;B
20240311;095937;7537;1;9807322591;B
20240311;100000;7536.5;3;9807331958;B
20240311;100000;7537;8;9807331959;B
20240311;100000;7537;2;9807331960;B
20240311;100000;7537;10;9807331980;B
20240311;100000;7536.5;7;9807332026;S
20240311;100000;7536.5;10;9807332027;S
20240311;100000;7536.5;10;9807332028;S
20240311;100000;7536;6;9807332031;B
20240311;100000;7536.5;7;9807332043;S
20240311;100000;7536.5;7;9807332044;S
20240311;100000;7536.5;7;9807332045;S
20240311;100000;7536.5;17;9807332066;S
20240311;100000;7536.5;6;9807332067;S
20240311;100000;7536.5;11;9807332068;S
20240311;100000;7536.5;17;9807332070;S
20240311;100000;7536.5;17;9807332071;S
20240311;100000;7536.5;5;9807332072;S
20240311;100000;7536.5;27;9807332080;S
20240311;100000;7536.5;23;9807332081;S
20240311;100000;7536.5;27;9807332102;S
20240311;100000;7536.5;23;9807332103;S
20240311;100000;7536.5;4;9807332104;S
20240311;100000;7536.5;44;9807332107;S
20240311;100000;7536.5;5;9807332132;S
20240311;100000;7536.5;1;9807332134;S
20240311;100000;7536.5;33;9807332260;B
20240311;100000;7537;5;9807332261;B
20240311;100000;7537;27;9807332262;B
20240311;100000;7537;51;9807332263;B
20240311;100000;7537.5;2;9807332264;B
20240311;100000;7538;5;9807332265;B
20240311;100000;7538.5;20;9807332266;B
20240311;100000;7539;10;9807332267;B
20240311;100000;7539;50;9807332268;B
20240311;100000;7539;1;9807332269;B
20240311;100000;7539;5;9807332270;B
20240311;100000;7539.5;50;9807332271;B
20240311;100000;7539.5;4;9807332272;B
20240311;100000;7540;1;9807332273;B
20240311;100000;7540;5;9807332274;B
20240311;100000;7540;78;9807332275;B
20240311;100000;7540;20;9807332276;B
20240311;100000;7540;3;9807332277;B
20240311;100000;7540;1;9807332278;B
20240311;100000;7540;137;9807332279;B
20240311;100000;7534;1;9807332303;S
20240311;100000;7536.5;10;9807332309;B
20240311;100000;7537;1;9807332379;B
20240311;100000;7537;1;9807332381;B
20240311;100000;7535.5;11;9807332431;S
20240311;100000;7536.5;1;9807332464;B
20240311;100000;7536.5;1;9807332699;S
20240311;100000;7537;2;9807332720;B
20240311;100000;7537;12;9807332721;B
20240311;100000;7537;1;9807332722;B
20240311;100000;7537;48;9807332723;B
20240311;100000;7537;12;9807332724;B
20240311;100000;7536.5;3;9807332895;S
20240311;100000;7537;8;9807332896;B
20240311;100000;7536.5;6;9807332917;S
20240311;100000;7536.5;44;9807332918;S
20240311;100000;7536.5;1;9807332946;S
20240311;100000;7536.5;5;9807332958;S
20240311;100000;7536.5;20;9807332959;S
20240311;100000;7536.5;4;9807332966;S
20240311;100001;7537;13;9807333067;B
20240311;100001;7537;20;9807333162;B
20240311;100001;7538.5;1;9807333329;B
20240311;100001;7538.5;10;9807333467;S
20240311;100001;7538;1;9807333482;S
20240311;100001;7539;50;9807333499;B
20240311;100001;7539;39;9807333645;B
20240311;100001;7539;1;9807333706;B
20240311;100001;7538.5;50;9807333836;S
20240311;100001;7538.5;50;9807333837;S
20240311;100001;7538.5;26;9807333838;S
20240311;100001;7538.5;10;9807333839;S
20240311;100001;7538.5;49;9807333840;S
20240311;100001;7538.5;10;9807333841;S
20240311;100001;7537.5;4;9807334051;S
20240311;100001;7535;10;9807334052;S
20240311;100001;7534.5;7;9807334053;S
20240311;100001;7534;8;9807334054;S
20240311;100001;7538;10;9807334158;B
20240311;100001;7538.5;40;9807334159;B
20240311;100001;7539;33;9807334160;B
20240311;100001;7539;60;9807334161;B
20240311;100001;7539.5;7;9807334162;B
20240311;100001;7540;150;9807334163;B
20240311;100001;7538.5;20;9807334167;B
20240311;100001;7534.5;10;9807334280;S
20240311;100001;7534.5;1;9807334281;S
20240311;100001;7535;7;9807334283;B
20240311;100001;7534.5;5;9807334284;S
20240311;100001;7535;7;9807334286;B
20240311;100001;7535;1;9807334287;B
20240311;100001;7534.5;10;9807334290;S
20240311;100001;7534.5;7;9807334291;S
20240311;100001;7535;7;9807334297;S
20240311;100001;7539;3;9807334316;S
20240311;100001;7534.5;10;9807334370;S
20240311;100002;7539;10;9807334536;B
20240311;100002;7539.5;5;9807334537;B
20240311;100002;7534.5;10;9807334554;S
20240311;100002;7534.5;4;9807334577;S
20240311;100002;7534.5;4;9807334604;S
20240311;100002;7539;8;9807334610;B
20240311;100002;7534.5;1;9807334643;S
20240311;100002;7539.5;34;9807334730;B
20240311;100002;7539.5;26;9807334817;B
20240311;100002;7539.5;10;9807334818;B
20240311;100002;7540;13;9807334819;B
20240311;100002;7540;1;9807334820;B
20240311;100002;7540;1;9807334821;B
20240311;100002;7540;16;9807334822;B
20240311;100002;7540;6;9807334823;B
20240311;100002;7540.5;1;9807334824;B
20240311;100002;7541;1;9807334825;B
20240311;100002;7541;25;9807334826;B
20240311;100002;7541;20;9807334827;B
20240311;100002;7541.5;33;9807334828;B
20240311;100002;7542;1;9807334829;B
20240311;100002;7542;60;9807334830;B
20240311;100002;7543;1;9807334831;B
20240311;100002;7543;1;9807334832;B
20240311;100002;7543;14;9807334833;B
20240311;100002;7543;30;9807334834;B
20240311;100002;7543.5;16;9807334835;B
20240311;100002;7544;10;9807334836;B
20240311;100002;7544;10;9807334837;B
20240311;100002;7544;2;9807334838;B
20240311;100002;7544;5;9807334839;B
20240311;100002;7544;1;9807334840;B
20240311;100002;7545;1;9807334841;B
20240311;100002;7545;1;9807334842;B
20240311;100002;7545;15;9807334843;B
20240311;100002;7545;2;9807334844;B
20240311;100002;7545.5;40;9807334845;B
20240311;100002;7546;30;9807334846;B
20240311;100002;7546;40;9807334847;B
20240311;100002;7546;20;9807334848;B
20240311;100002;7546.5;4;9807334849;B
20240311;100002;7546.5;10;9807334850;B
20240311;100002;7546.5;100;9807334851;B
20240311;100002;7546.5;14;9807334852;B
20240311;100002;7547;1;9807334853;B
20240311;100002;7547;33;9807334854;B
20240311;100002;7547;130;9807334855;B
20240311;100002;7546.5;10;9807334872;B
20240311;100002;7544;1;9807335006;B
20240311;100002;7537.5;1;9807335127;S
20240311;100002;7540.5;10;9807335330;B
20240311;100002;7541;10;9807335482;B
20240311;100002;7541.5;5;9807335483;B
20240311;100002;7536;6;9807335503;S
20240311;100003;7537;10;9807335815;S
20240311;100003;7537;1;9807335837;S
20240311;100003;7537;9;9807335897;S
20240311;100003;7536.5;6;9807335898;S
20240311;100003;7537;1;9807335902;S
20240311;100003;7537;1;9807336038;S
20240311;100003;7537;8;9807336044;S
20240311;100003;7536.5;12;9807336045;S
20240311;100003;7539.5;10;9807336246;B
20240311;100003;7537;10;9807336440;S
20240311;100003;7536.5;3;9807336441;S
20240311;100003;7539.5;10;9807336579;B
20240311;100003;7539.5;40;9807336580;B
20240311;100003;7540;40;9807336581;B
20240311;100003;7539;109;9807336585;S
20240311;100003;7538.5;50;9807336600;S
20240311;100003;7536.5;10;9807336609;S
20240311;100003;7536;7;9807336610;S
20240311;100003;7535.5;20;9807336611;S
20240311;100003;7535.5;1;9807336632;S
20240311;100003;7535.5;12;9807336645;S
20240311;100003;7535.5;5;9807336670;S
20240311;100003;7539;7;9807336689;B
20240311;100003;7539;6;9807336690;B
20240311;100003;7539;4;9807336719;B
20240311;100003;7539.5;1;9807336720;B
20240311;100003;7535.5;10;9807336743;S
20240311;100004;7539;10;9807336816;B
20240311;100004;7539.5;10;9807336817;B
20240311;100004;7539;10;9807336882;B
20240311;100004;7539.5;8;9807336883;B
20240311;100004;7536.5;1;9807337013;S
20240311;100004;7536.5;9;9807337062;S
20240311;100004;7536;1;9807337063;S
20240311;100004;7536;2;9807337064;S
20240311;100004;7535.5;1;9807337116;S
20240311;100004;7535.5;2;9807337121;S
20240311;100004;7535.5;7;9807337173;S
20240311;100004;7535;33;9807337174;S
20240311;100004;7537;20;9807337268;B
20240311;100004;7537;10;9807337276;B
20240311;100004;7536.5;50;9807337277;S
20240311;100004;7536.5;10;9807337278;B
20240311;100004;7538.5;10;9807337289;B
20240311;100004;7535.5;5;9807337390;S
20240311;100004;7536;1;9807337465;B
20240311;100004;7537.5;10;9807337473;B
20240311;100004;7538;21;9807337483;B
20240311;100005;7538;4;9807337663;B
20240311;100005;7538;18;9807337679;B
20240311;100005;7537.5;15;9807337682;S
20240311;100005;7538;6;9807337696;B
20240311;100005;7538;10;9807337714;B
20240311;100005;7538.5;10;9807337715;B
20240311;100005;7538;10;9807337717;B
20240311;100005;7538.5;30;9807337718;B
20240311;100005;7539;7;9807337719;B
20240311;100005;7539;3;9807337720;B
20240311;100005;7539;50;9807337722;S
20240311;100005;7538.5;10;9807337727;S
20240311;100005;7539;11;9807337924;B
20240311;100005;7539;2;9807338020;B
20240311;100005;7538.5;40;9807338175;S
20240311;100005;7536;1;9807338182;S
20240311;100005;7538;8;9807338216;B
20240311;100005;7538;2;9807338370;B
20240311;100005;7538.5;7;9807338371;B
20240311;100005;7538.5;40;9807338372;B
20240311;100005;7538.5;60;9807338373;B
20240311;100005;7539;31;9807338374;B
20240311;100005;7536;2;9807338497;S
20240311;100005;7538;16;9807338516;B
20240311;100005;7538.5;10;9807338517;B
20240311;100005;7538.5;40;9807338518;B
20240311;100005;7539;60;9807338519;B
20240311;100005;7540;15;9807338520;B
20240311;100005;7540;2;9807338521;B
20240311;100005;7540;15;9807338522;B
20240311;100005;7540;20;9807338523;B
20240311;100005;7540.5;22;9807338524;B
20240311;100006;7538;3;9807338681;S
20240311;100006;7538;1;9807338708;B
20240311;100006;7538;2;9807338775;B
20240311;100006;7538;3;9807339041;B
20240311;100006;7536;1;9807339306;S
20240311;100006;7538;1;9807339342;B
20240311;100006;7538;1;9807339345;B
20240311;100007;7537.5;8;9807340265;B
20240311;100007;7537.5;1;9807340293;B
20240311;100007;7537.5;1;9807340316;B
20240311;100007;7537.5;1;9807340330;B
20240311;100007;7538;1;9807341004;B
20240311;100007;7536;1;9807341392;S
20240311;100007;7536;2;9807341394;S
20240311;100007;7538;3;9807341724;B
20240311;100007;7536;1;9807341729;S
20240311;100007;7538;1;9807341731;B
20240311;100007;7536;4;9807341735;S
20240311;100008;7536;1;9807342498;S
20240311;100008;7535.5;5;9807342499;S
20240311;100008;7536;1;9807342945;S
20240311;100008;7537.5;1;9807342948;B
20240311;100008;7537.5;1;9807342949;B
20240311;100008;7537.5;3;9807343439;B
20240311;100008;7537.5;1;9807343446;B
20240311;100008;7538;2;9807343447;B
20240311;100008;7538;10;9807343448;B
20240311;100008;7539;40;9807343449;B
20240311;100008;7539;14;9807343450;B
20240311;100008;7536;1;9807343451;S
20240311;100008;7539.5;3;9807343453;B
20240311;100008;7538.5;2;9807343455;B
20240311;100009;7538.5;2;9807344912;B
20240311;100009;7536;1;9807344918;S
20240311;100009;7538.5;1;9807344942;B
20240311;100009;7538.5;2;9807344943;B
20240311;100009;7538.5;1;9807344954;B
20240311;100009;7536;1;9807344960;S
20240311;100009;7536;1;9807344962;S
20240311;100009;7538.5;1;9807344963;B
20240311;100009;7538.5;1;9807344966;B
20240311;100009;7539;1;9807345728;B
20240311;100009;7539;1;9807345729;B
20240311;100009;7540;1;9807345731;B
20240311;100009;7540;1;9807345732;B
20240311;100009;7535.5;3;9807345764;S
20240311;100009;7535.5;1;9807346392;S
20240311;100009;7539.5;10;9807346394;B
20240311;100009;7540;15;9807346395;B
20240311;100010;7539.5;5;9807347577;B
20240311;100010;7539.5;1;9807347690;B
20240311;100010;7539.5;2;9807347705;B
20240311;100010;7535.5;4;9807347736;S
20240311;100010;7535.5;2;9807347759;S
20240311;100010;7535.5;4;9807347760;S
20240311;100010;7535.5;3;9807347763;S
20240311;100010;7539.5;2;9807347764;B
20240311;100010;7540;25;9807347765;B
20240311;100010;7540;7;9807347766;B
20240311;100010;7540.5;166;9807347767;B
20240311;100010;7540;10;9807347768;B
20240311;100010;7540.5;78;9807347769;B
20240311;100010;7540;1;9807347864;B
20240311;100010;7540;1;9807347945;B
20240311;100010;7540;2;9807348189;B
20240311;100010;7537.5;1;9807348192;S
20240311;100010;7537.5;1;9807348199;S
20240311;100010;7537.5;1;9807348204;S
20240311;100010;7540;1;9807348212;B
20240311;100010;7537.5;10;9807348423;S
20240311;100010;7537;1;9807348424;S
20240311;100010;7535.5;1;9807348425;S
20240311;100010;7540;5;9807348442;B
20240311;100010;7539.5;4;9807348489;B
20240311;100010;7536;3;9807348517;S
20240311;100010;7538.5;1;9807348519;B
20240311;100010;7538;2;9807348572;B
20240311;100010;7538;1;9807348594;B
20240311;100010;7538;37;9807348909;B
20240311;100010;7538.5;179;9807348910;B
20240311;100010;7539;10;9807348911;B
20240311;100010;7540;60;9807348912;B
20240311;100010;7540.5;14;9807348913;B
20240311;100011;7540;4;9807349156;B
20240311;100011;7540;4;9807349203;B
20240311;100011;7540;1;9807349229;B
20240311;100011;7536.5;9;9807349287;S
20240311;100011;7540;1;9807349297;B
20240311;100011;7536.5;1;9807349661;S
20240311;100011;7536;1;9807349662;S
20240311;100011;7540;2;9807349863;B
20240311;100011;7540;2;9807349870;B
20240311;100011;7540;1;9807349951;B
20240311;100011;7540;14;9807349956;B
20240311;100011;7540;1;9807350084;B
20240311;100011;7540;2;9807350230;B
20240311;100011;7540;1;9807350375;B
20240311;100011;7536.5;6;9807350381;S
20240311;100011;7536.5;4;9807350384;S
20240311;100011;7536;1;9807350385;S
20240311;100011;7536;13;9807350390;S
20240311;100011;7540;11;9807350808;B
20240311;100011;7540;2;9807350908;B
20240311;100011;7536.5;3;9807350941;S
20240311;100011;7536.5;1;9807351028;S
20240311;100011;7540;2;9807351037;B
20240311;100011;7540;2;9807351038;B
20240311;100011;7540;3;9807351045;B
20240311;100011;7535.5;3;9807351056;S
20240311;100011;7540;6;9807351059;B
20240311;100011;7540;4;9807351063;B
20240311;100011;7540;10;9807351064;B
20240311;100011;7540.5;6;9807351065;B
20240311;100011;7540.5;1;9807351108;B
20240311;100011;7536.5;3;9807351166;S
20240311;100011;7540.5;12;9807351199;B
20240311;100011;7540.5;7;9807351292;B
20240311;100011;7535.5;10;9807351414;S
20240311;100012;7540;3;9807351725;B
20240311;100012;7535.5;1;9807351726;S
20240311;100012;7535.5;5;9807351759;S
20240311;100012;7540;2;9807351767;B
20240311;100012;7535.5;4;9807351875;S
20240311;100012;7535.5;3;9807352403;S
20240311;100012;7535.5;5;9807352448;S
20240311;100012;7535.5;29;9807352450;S
20240311;100012;7535.5;10;9807352451;S
20240311;100012;7535;37;9807352452;S
20240311;100014;7536.5;6;9807353325;S
20240311;100016;7540;5;9807353946;B
20240311;100016;7540.5;85;9807353947;B
20240311;100018;7540.5;9;9807354398;B
20240311;100018;7540.5;11;9807354399;B
20240311;100018;7539.5;5;9807354526;S
20240311;100019;7539.5;7;9807354740;S
20240311;100020;7540.5;20;9807355010;B
20240311;100020;7540.5;7;9807355039;B
20240311;100020;7539.5;2;9807355106;S
20240311;100020;7540.5;22;9807355236;B
20240311;100020;7540.5;10;9807355237;B
20240311;100020;7540.5;10;9807355238;B
20240311;100020;7541;5;9807355239;B
20240311;100020;7542;1;9807355240;B
20240311;100020;7542;5;9807355241;B
20240311;100020;7542.5;17;9807355242;B
20240311;100020;7543;10;9807355244;B
20240311;100020;7543;26;9807355245;B
20240311;100022;7543.5;1;9807355877;B
20240311;100024;7540.5;1;9807356298;S
20240311;100024;7539.5;85;9807356299;S
20240311;100024;7539.5;10;9807356300;S
20240311;100024;7539;3;9807356301;S
20240311;100025;7539.5;1;9807356714;S
20240311;100025;7542.5;21;9807356888;B
20240311;100027;7541;1;9807357235;B
20240311;100027;7541.5;5;9807357236;B
20240311;100027;7540;2;9807357242;S
20240311;100027;7540;2;9807357257;S
20240311;100027;7540;1;9807357344;S
20240311;100027;7539.5;66;9807357345;S
20240311;100027;7540.5;10;9807357418;B
20240311;100027;7540;3;9807357432;S
20240311;100028;7540;1;9807357462;S
20240311;100029;7540;5;9807358028;S
20240311;100030;7540.5;5;9807358530;B
20240311;100030;7540;4;9807358560;S
20240311;100031;7540.5;2;9807358957;S
20240311;100031;7541;4;9807358988;B
20240311;100032;7541;6;9807359355;B
20240311;100032;7541;10;9807359489;B
20240311;100032;7541;10;9807359521;B
20240311;100032;7540.5;47;9807359601;S
20240311;100032;7540.5;10;9807359602;S
20240311;100032;7540.5;10;9807359603;S
20240311;100032;7540.5;40;9807359604;S
20240311;100032;7540;37;9807359605;S
20240311;100032;7540;3;9807359606;S
20240311;100032;7540;1;9807359607;S
20240311;100032;7540;10;9807359608;B
20240311;100033;7539.5;3;9807359746;S
20240311;100034;7539.5;6;9807359943;S
20240311;100035;7540;1;9807360316;B
20240311;100036;7540.5;4;9807360512;B
20240311;100036;7541;40;9807360513;B
20240311;100036;7541;10;9807360514;B
20240311;100036;7541.5;60;9807360515;B
20240311;100036;7541.5;10;9807360516;B
20240311;100036;7542;1;9807360517;B
20240311;100036;7542;10;9807360518;B
20240311;100036;7542.5;4;9807360519;B
20240311;100036;7542.5;1;9807360520;B
20240311;100036;7542.5;33;9807360521;B
20240311;100036;7543;10;9807360522;B
20240311;100036;7543;300;9807360523;B
20240311;100036;7543;15;9807360524;B
20240311;100036;7543.5;8;9807360525;B
20240311;100036;7543.5;10;9807360526;B
20240311;100036;7544;2;9807360527;B
20240311;100036;7544;40;9807360528;B
20240311;100036;7544;35;9807360529;B
20240311;100036;7544.5;1;9807360530;B
20240311;100036;7544.5;1;9807360531;B
20240311;100036;7544.5;60;9807360532;B
20240311;100036;7545;1;9807360533;B
20240311;100036;7545;2;9807360534;B
20240311;100036;7545;12;9807360535;B
20240311;100036;7545;1;9807360536;B
20240311;100036;7545;5;9807360537;B
20240311;100036;7545;10;9807360538;B
20240311;100036;7545;2;9807360539;B
20240311;100036;7545;3;9807360540;B
20240311;100036;7545;15;9807360541;B
20240311;100036;7545;3;9807360542;B
20240311;100036;7545.5;171;9807360543;B
20240311;100036;7545;10;9807360660;B
20240311;100036;7545;40;9807360661;B
20240311;100037;7545;20;9807360813;B
20240311;100037;7545;10;9807360814;B
20240311;100037;7545.5;270;9807360815;B
20240311;100037;7545.5;3;9807360854;B
20240311;100037;7540;1;9807361006;S
20240311;100038;7542;5;9807361256;S
20240311;100039;7542;1;9807361439;S
20240311;100039;7545;2;9807361762;B
20240311;100040;7542.5;5;9807362104;S
20240311;100040;7542.5;10;9807362133;S
20240311;100040;7542;19;9807362134;S
20240311;100040;7542;33;9807362135;S
20240311;100040;7541;10;9807362136;S
20240311;100040;7540;10;9807362137;S
20240311;100040;7540;60;9807362138;S
20240311;100040;7539.5;28;9807362139;B
20240311;100041;7543.5;10;9807362399;S
20240311;100041;7543;20;9807362400;S
20240311;100041;7543.5;10;9807362422;S
20240311;100041;7543;8;9807362461;S
20240311;100042;7543.5;10;9807362783;S
20240311;100042;7543;22;9807362784;S
20240311;100042;7543;174;9807362785;S
20240311;100043;7544;10;9807362861;B
20240311;100043;7543;131;9807362950;S
20240311;100043;7543;10;9807362951;S
20240311;100044;7543;5;9807363306;B
20240311;100046;7543;5;9807363871;B
20240311;100046;7543;5;9807363872;B
20240311;100046;7541;10;9807363912;S
20240311;100046;7541;10;9807363913;S
20240311;100046;7540.5;3;9807363914;S
20240311;100046;7540.5;1;9807363915;S
20240311;100046;7540;21;9807363916;S
20240311;100046;7539.5;20;9807363917;S
20240311;100046;7539.5;80;9807363918;S
20240311;100046;7539;1;9807363919;S
20240311;100046;7539;1;9807363920;S
20240311;100046;7539;27;9807363921;S
20240311;100048;7542.5;10;9807364352;B
20240311;100048;7543;5;9807364353;B
20240311;100048;7543;30;9807364354;B
20240311;100048;7543;1;9807364371;B
20240311;100048;7542.5;10;9807364400;B
20240311;100048;7542.5;10;9807364434;B
20240311;100048;7542.5;10;9807364492;B
20240311;100048;7543;8;9807364493;B
20240311;100048;7543;34;9807364494;B
20240311;100048;7543;10;9807364554;B
20240311;100048;7539.5;10;9807364561;S
20240311;100048;7539.5;5;9807364562;S
20240311;100050;7543;1;9807365175;B
20240311;100052;7543;1;9807365641;B
20240311;100052;7543;1;9807365644;B
20240311;100052;7543;5;9807365645;B
20240311;100052;7543;10;9807365646;B
20240311;100052;7543.5;60;9807365647;B
20240311;100052;7544;41;9807365648;B
20240311;100052;7543;1;9807365712;S
20240311;100052;7541;9;9807365713;S
20240311;100052;7540;1;9807365724;S
20240311;100052;7544;6;9807365768;B
20240311;100053;7541;1;9807365873;B
20240311;100053;7544;10;9807365874;B
20240311;100053;7544;10;9807365885;S
20240311;100053;7540.5;5;9807366040;S
20240311;100053;7540.5;1;9807366052;S
20240311;100054;7539.5;1;9807366383;S
20240311;100055;7544;30;9807366560;B
20240311;100056;7541;10;9807366698;S
20240311;100056;7540.5;50;9807366699;S
20240311;100056;7540.5;10;9807366834;S
20240311;100056;7540;33;9807366835;S
20240311;100056;7540;1;9807366836;S
20240311;100056;7540;5;9807366837;S
20240311;100056;7539.5;60;9807366838;S
20240311;100056;7539;123;9807366839;S
20240311;100056;7538;15;9807366840;S
20240311;100056;7538;10;9807366841;S
20240311;100056;7537;8;9807366842;S
20240311;100056;7537;24;9807366843;S
20240311;100056;7536.5;80;9807366844;S
20240311;100056;7536.5;30;9807366845;S
20240311;100056;7536;50;9807366846;S
20240311;100056;7535.5;60;9807366847;S
20240311;100056;7535.5;70;9807366848;S
20240311;100056;7535.5;10;9807366849;S
20240311;100056;7535;62;9807366850;S
20240311;100056;7535;1;9807366851;S
20240311;100056;7535;76;9807366852;S
20240311;100056;7535;30;9807366853;S
20240311;100056;7535;1;9807366854;S
20240311;100056;7534;1;9807366855;S
20240311;100056;7532.5;10;9807366856;S
20240311;100056;7532;300;9807366857;S
20240311;100056;7531.5;10;9807366858;S
20240311;100056;7531;10;9807366859;S
20240311;100056;7530.5;300;9807366860;S
20240311;100056;7530;40;9807366861;S
20240311;100056;7529.5;2;9807366862;S
20240311;100056;7529.5;2;9807366863;S
20240311;100056;7529.5;10;9807366864;S
20240311;100056;7528;2;9807366865;S
20240311;100056;7527.5;14;9807366866;S
20240311;100056;7527;56;9807366867;S
20240311;100056;7526;40;9807366868;S
20240311;100056;7525.5;9;9807366869;S
20240311;100056;7525.5;310;9807366870;S
20240311;100056;7525;100;9807366871;S
20240311;100056;7525;300;9807366872;S
20240311;100056;7524;54;9807366873;S
20240311;100056;7523.5;5;9807366874;S
20240311;100056;7535.5;10;9807366890;S
20240311;100056;7534;33;9807366892;B
20240311;100056;7533;10;9807366894;B
20240311;100056;7534;10;9807366895;S
20240311;100056;7537;40;9807366898;B
20240311;100056;7537;10;9807366900;B
20240311;100056;7537;40;9807366901;B
20240311;100056;7537;10;9807366902;B
20240311;100056;7537;10;9807366903;B
20240311;100056;7537;10;9807366904;B
20240311;100056;7537.5;10;9807366905;B
20240311;100056;7537.5;10;9807366906;B
20240311;100056;7538.5;10;9807366909;S
20240311;100056;7540.5;10;9807366911;B
20240311;100056;7540.5;10;9807366912;B
20240311;100056;7541.5;10;9807366913;B
20240311;100056;7541.5;10;9807366914;S
20240311;100056;7541.5;30;9807366915;S
20240311;100056;7541;10;9807366916;B
20240311;100056;7541.5;50;9807366917;B
20240311;100056;7541;50;9807366922;B
20240311;100057;7530.5;10;9807367153;S
20240311;100057;7530.5;60;9807367154;S
20240311;100057;7530.5;30;9807367155;S
20240311;100057;7530.5;3;9807367234;S
20240311;100057;7530.5;3;9807367235;S
20240311;100057;7535;10;9807367443;B
20240311;100057;7535;10;9807367451;B
20240311;100058;7534;10;9807367511;B
20240311;100058;7533;10;9807367655;B
20240311;100058;7534.5;10;9807367731;B
20240311;100058;7535;30;9807367732;B
20240311;100058;7535;60;9807367733;B
20240311;100059;7534;1;9807367827;B
20240311;100059;7534.5;300;9807367896;B
20240311;100059;7535;24;9807367897;B
20240311;100059;7535.5;10;9807367898;B
20240311;100059;7536;20;9807367899;B
20240311;100059;7540;1;9807367909;B
20240311;100059;7536.5;2;9807368133;S
20240311;100101;7539.5;1;9807368887;B
20240311;100101;7539.5;5;9807368888;B
20240311;100101;7540;10;9807368889;B
20240311;100101;7540.5;34;9807368890;B
20240311;100101;7539;1;9807368987;S
20240311;100101;7540.5;1;9807369009;S
20240311;100101;7539;9;9807369010;S
20240311;100102;7541.5;100;9807369086;B
20240311;100102;7541.5;20;9807369214;B
20240311;100102;7539;4;9807369243;S
20240311;100103;7541.5;61;9807369439;B
20240311;100103;7541.5;39;9807369440;B
20240311;100103;7539.5;1;9807369642;S
20240311;100104;7539.5;1;9807370059;S
20240311;100104;7539.5;1;9807370097;S
20240311;100105;7539.5;1;9807370229;S
20240311;100106;7539.5;3;9807370510;S
20240311;100107;7539.5;1;9807370793;S
20240311;100107;7539;1;9807370843;S
20240311;100108;7539;1;9807371001;S
20240311;100108;7539;108;9807371002;S
20240311;100110;7539.5;3;9807371467;B
20240311;100110;7539.5;10;9807371468;B
20240311;100110;7539.5;4;9807371469;B
20240311;100110;7540;83;9807371470;B
20240311;100111;7540;217;9807371966;B
20240311;100111;7540;9;9807371967;B
20240311;100111;7540.5;33;9807371968;B
20240311;100111;7540.5;10;9807371969;B
20240311;100111;7540.5;10;9807371970;B
20240311;100111;7541.5;3;9807371971;B
20240311;100112;7542;10;9807372103;B
20240311;100112;7542.5;55;9807372104;B
20240311;100112;7542.5;28;9807372105;B
20240311;100112;7542.5;60;9807372106;B
20240311;100112;7542.5;33;9807372107;B
20240311;100112;7543;10;9807372108;B
20240311;100112;7543.5;20;9807372109;B
20240311;100112;7543.5;10;9807372110;B
20240311;100112;7544;4;9807372111;B
20240311;100112;7544;300;9807372112;B
20240311;100112;7544;11;9807372113;B
20240311;100112;7544;7;9807372114;B
20240311;100112;7544;12;9807372115;B
20240311;100112;7545;10;9807372116;B
20240311;100112;7545;1;9807372117;B
20240311;100112;7545;426;9807372118;B
20240311;100112;7545;77;9807372119;B
20240311;100112;7545;10;9807372120;B
20240311;100112;7545;1;9807372121;B
20240311;100112;7545;206;9807372122;S
20240311;100112;7545.5;2;9807372125;B
20240311;100112;7545;206;9807372129;S
20240311;100112;7545.5;2;9807372250;B
20240311;100112;7545.5;250;9807372331;B
20240311;100113;7545.5;243;9807372353;B
20240311;100113;7545.5;2;9807372354;B
20240311;100113;7545.5;5;9807372355;B
20240311;100113;7546;20;9807372356;B
20240311;100113;7546;70;9807372357;B
20240311;100113;7546;10;9807372358;B
20240311;100113;7546;10;9807372359;B
20240311;100113;7546.5;1;9807372360;B
20240311;100113;7547.5;1;9807372361;B
20240311;100113;7547.5;2;9807372362;B
20240311;100113;7547.5;10;9807372363;B
20240311;100113;7548;3;9807372364;B
20240311;100113;7548;1;9807372365;B
20240311;100113;7548;9;9807372366;B
20240311;100113;7548;100;9807372367;B
20240311;100113;7548;1;9807372368;B
20240311;100113;7548;10;9807372369;B
20240311;100113;7548;2;9807372370;B
20240311;100113;7545;2;9807372399;S
20240311;100113;7546;85;9807372529;S
20240311;100113;7547;206;9807372601;B
20240311;100113;7547.5;10;9807372602;B
20240311;100113;7547.5;11;9807372603;B
20240311;100113;7548;1;9807372604;B
20240311;100113;7548;22;9807372605;B
20240311;100114;7546;2;9807372662;S
20240311;100114;7546;50;9807372741;S
20240311;100114;7546;55;9807372764;S
20240311;100115;7547;2;9807373039;B
20240311;100115;7546;1;9807373111;S
20240311;100116;7546;1;9807373415;S
20240311;100118;7546;10;9807373837;S
20240311;100119;7546;20;9807374187;S
20240311;100120;7546;1;9807374337;S
20240311;100120;7546.5;11;9807374360;B
20240311;100120;7547;131;9807374361;B
20240311;100120;7547.5;1;9807374362;B
20240311;100120;7547.5;10;9807374363;B
20240311;100120;7548;1;9807374364;B
20240311;100120;7548;3;9807374365;B
20240311;100120;7548.5;2;9807374366;B
20240311;100120;7549;18;9807374367;B
20240311;100120;7549;10;9807374368;B
20240311;100120;7549;1;9807374369;B
20240311;100120;7549;50;9807374370;B
20240311;100120;7549;2;9807374371;B
20240311;100120;7549;5;9807374372;B
20240311;100120;7549;10;9807374373;B
20240311;100120;7549;10;9807374374;B
20240311;100120;7549;3;9807374375;B
20240311;100120;7549;100;9807374376;B
20240311;100120;7549;50;9807374377;B
20240311;100120;7549;1;9807374378;B
20240311;100120;7549;81;9807374379;B
20240311;100120;7549;10;9807374473;B
20240311;100121;7547.5;1;9807374672;S
20240311;100121;7547.5;4;9807374740;S
20240311;100121;7547;100;9807374741;S
20240311;100121;7547;10;9807374742;S
20240311;100121;7546.5;11;9807374743;S
20240311;100121;7546;9;9807374744;S
20240311;100121;7548;10;9807374820;B
20240311;100121;7548.5;1;9807374821;B
20240311;100121;7549;58;9807374822;B
20240311;100121;7549;10;9807374823;B
20240311;100121;7549.5;1;9807374824;B
20240311;100121;7549.5;1;9807374825;B
20240311;100121;7549.5;10;9807374826;B
20240311;100121;7549.5;1;9807374827;B
20240311;100121;7549.5;1;9807374828;B
20240311;100121;7549.5;33;9807374829;B
20240311;100121;7549.5;50;9807374830;B
20240311;100121;7549.5;3;9807374831;B
20240311;100121;7549.5;1;9807374832;B
20240311;100121;7549.5;1;9807374833;B
20240311;100121;7549.5;11;9807374834;B
20240311;100121;7550;58;9807374835;B
20240311;100121;7549.5;1;9807374837;B
20240311;100121;7549.5;9;9807374927;B
20240311;100121;7550;51;9807374928;B
20240311;100121;7546;16;9807374943;S
20240311;100121;7545.5;11;9807374944;S
20240311;100121;7545.5;23;9807374945;B
20240311;100121;7548.5;1;9807374993;B
20240311;100122;7545.5;4;9807375057;S
20240311;100122;7548.5;9;9807375058;B
20240311;100122;7548.5;10;9807375059;B
20240311;100122;7549;11;9807375060;B
20240311;100122;7549.5;10;9807375061;B
20240311;100122;7549.5;10;9807375062;B
20240311;100122;7549.5;1;9807375063;B
20240311;100122;7549.5;1;9807375064;B
20240311;100122;7549.5;3;9807375065;B
20240311;100122;7550;185;9807375066;B
20240311;100122;7545.5;6;9807375068;S
20240311;100122;7545;16;9807375069;S
20240311;100122;7549.5;2;9807375089;B
20240311;100122;7549.5;1;9807375100;B
20240311;100122;7545.5;2;9807375101;S
20240311;100122;7545.5;8;9807375102;S
20240311;100122;7545.5;2;9807375149;S
20240311;100122;7546;5;9807375196;S
20240311;100123;7549;10;9807375369;B
20240311;100123;7549.5;21;9807375370;B
20240311;100123;7549.5;12;9807375371;B
20240311;100123;7549.5;2;9807375372;B
20240311;100123;7549.5;2;9807375373;B
20240311;100123;7550;8;9807375374;B
20240311;100123;7550;60;9807375419;B
20240311;100123;7546;5;9807375425;S
20240311;100123;7545.5;2;9807375426;S
20240311;100123;7545.5;13;9807375427;S
20240311;100123;7549.5;1;9807375513;B
20240311;100123;7545.5;5;9807375550;S
20240311;100124;7549.5;9;9807375710;B
20240311;100124;7549.5;1;9807375711;B
20240311;100124;7547;7;9807375796;B
20240311;100124;7549.5;12;9807375797;B
20240311;100124;7549.5;12;9807375798;B
20240311;100124;7550;39;9807375799;B
20240311;100125;7546;5;9807375950;S
20240311;100125;7546;6;9807375961;S
20240311;100125;7549.5;10;9807376091;B
20240311;100125;7549.5;40;9807376092;S
20240311;100125;7546;10;9807376093;S
20240311;100125;7546;10;9807376094;S
20240311;100126;7546;10;9807376236;S
20240311;100126;7545.5;80;9807376237;S
20240311;100126;7545;30;9807376238;S
20240311;100126;7547;1;9807376254;S
20240311;100126;7545;476;9807376255;S
20240311;100126;7545;13;9807376256;S
20240311;100126;7545;10;9807376257;S
20240311;100126;7545.5;2;9807376285;S
20240311;100126;7548;10;9807376286;B
20240311;100126;7548.5;10;9807376287;B
20240311;100126;7548.5;10;9807376288;B
20240311;100126;7549.5;2;9807376369;B
20240311;100127;7549.5;8;9807376701;B
20240311;100127;7549.5;10;9807376702;B
20240311;100127;7549.5;10;9807376703;B
20240311;100127;7550;22;9807376704;B
20240311;100127;7549;20;9807376722;S
20240311;100127;7549;2;9807376723;S
20240311;100128;7548.5;10;9807376958;B
20240311;100128;7549;1;9807376979;B
20240311;100130;7549.5;1;9807377294;B
20240311;100130;7548.5;10;9807377301;S
20240311;100131;7548.5;10;9807377531;S
20240311;100131;7548.5;20;9807377603;S
20240311;100131;7548.5;33;9807377623;B
20240311;100131;7548.5;10;9807377624;B
20240311;100131;7549;2;9807377625;B
20240311;100131;7549.5;13;9807377626;B
20240311;100131;7549.5;80;9807377627;B
20240311;100131;7549.5;50;9807377628;S
20240311;100132;7549.5;30;9807377831;S
20240311;100132;7549.5;40;9807377851;S
20240311;100133;7549.5;405;9807378114;S
20240311;100133;7547;1;9807378115;S
20240311;100133;7546.5;80;9807378116;S
20240311;100133;7546;14;9807378117;S
20240311;100134;7549;10;9807378187;B
20240311;100134;7549.5;80;9807378188;B
20240311;100134;7550;410;9807378189;B
20240311;100134;7549.5;10;9807378245;B
20240311;100134;7550;10;9807378246;B
20240311;100135;7547;3;9807378503;S
20240311;100136;7550;1;9807378577;B
20240311;100136;7550;250;9807378597;B
20240311;100136;7550;1;9807378641;B
20240311;100136;7549.5;30;9807378739;B
20240311;100136;7550;69;9807378740;B
20240311;100136;7550;2;9807378741;B
20240311;100136;7550;8;9807378742;B
20240311;100136;7550;5;9807378743;B
20240311;100136;7550;5;9807378744;B
20240311;100136;7550;2;9807378745;B
20240311;100136;7550;13;9807378746;B
20240311;100136;7550;3;9807378747;B
20240311;100136;7550;1;9807378748;B
20240311;100136;7550;5;9807378749;B
20240311;100136;7550;6;9807378750;B
20240311;100136;7550;50;9807378751;B
20240311;100136;7550;6;9807378752;B
20240311;100136;7550;1;9807378753;B
20240311;100136;7550;142;9807378754;B
20240311;100136;7550;5;9807378755;B
20240311;100136;7550;2;9807378756;B
20240311;100136;7550;15;9807378757;B
20240311;100136;7550;11;9807378758;B
20240311;100136;7550;119;9807378759;B
20240311;100137;7549;1;9807378914;B
20240311;100137;7549.5;5;9807378915;B
20240311;100137;7550;194;9807378916;B
20240311;100138;7547.5;1;9807379002;S
20240311;100138;7547.5;2;9807379003;S
20240311;100138;7550;3;9807379027;B
20240311;100138;7550;184;9807379049;B
20240311;100138;7550;3;9807379050;B
20240311;100138;7550;1200;9807379051;B
20240311;100138;7550;1;9807379052;B
20240311;100138;7550;10;9807379053;B
20240311;100138;7550;4;9807379054;B
20240311;100138;7550;1;9807379055;B
20240311;100138;7550;1;9807379056;B
20240311;100138;7550;1;9807379057;B
20240311;100138;7550;30;9807379058;B
20240311;100138;7550;4;9807379059;B
20240311;100138;7550;20;9807379060;B
20240311;100138;7550;15;9807379061;B
20240311;100138;7550;2;9807379062;B
20240311;100138;7550;25;9807379063;B
20240311;100138;7550;1;9807379064;B
20240311;100138;7550;1;9807379065;B
20240311;100138;7550;12;9807379066;B
20240311;100138;7550;1;9807379067;B
20240311;100138;7550;37;9807379068;B
20240311;100138;7550;5;9807379069;B
20240311;100138;7550;5;9807379070;B
20240311;100138;7550;5;9807379071;B
20240311;100138;7550;14;9807379072;B
20240311;100138;7550;4;9807379073;B
20240311;100138;7550;1;9807379074;B
20240311;100138;7550;1;9807379075;B
20240311;100138;7550;3;9807379076;B
20240311;100138;7550;1;9807379077;B
20240311;100138;7550;5;9807379078;B
20240311;100138;7550;1;9807379079;B
20240311;100138;7550;1;9807379080;B
20240311;100138;7550;5;9807379081;B
20240311;100138;7550;5;9807379082;B
20240311;100138;7550;14;9807379083;B
20240311;100138;7550;1;9807379084;B
20240311;100138;7550;20;9807379085;B
20240311;100138;7550;1;9807379086;B
20240311;100138;7550;1;9807379087;B
20240311;100138;7550;1;9807379088;B
20240311;100138;7550;9;9807379089;B
20240311;100138;7550;2;9807379090;B
20240311;100138;7550;1;9807379091;B
20240311;100138;7550;2;9807379092;B
20240311;100138;7550;100;9807379093;B
20240311;100138;7550;7;9807379094;B
20240311;100138;7550;1;9807379095;B
20240311;100138;7550;1;9807379096;B
20240311;100138;7550;1;9807379097;B
20240311;100138;7550;100;9807379098;B
20240311;100138;7550;1;9807379099;B
20240311;100138;7550;1;9807379100;B
20240311;100138;7550;127;9807379101;B
20240311;100138;7550;6;9807379104;B
20240311;100138;7550;20;9807379129;B
20240311;100138;7550.5;5;9807379130;B
20240311;100138;7550.5;12;9807379131;B
20240311;100138;7551;13;9807379132;B
20240311;100138;7551;1;9807379141;B
20240311;100138;7551;1;9807379142;B
20240311;100138;7551;100;9807379250;B
20240311;100138;7551;185;9807379251;B
20240311;100138;7551;8;9807379252;B
20240311;100138;7551;8;9807379253;B
20240311;100138;7551;2;9807379254;B
20240311;100138;7551.5;47;9807379255;B
20240311;100139;7550.5;10;9807379306;S
20240311;100139;7550.5;34;9807379307;S
20240311;100139;7550.5;6;9807379308;S
20240311;100139;7550.5;10;9807379309;S
20240311;100139;7551;1;9807379336;S
20240311;100139;7550.5;10;9807379337;S
20240311;100139;7550.5;1;9807379339;B
20240311;100139;7550;1;9807379393;S
20240311;100139;7550.5;1;9807379449;B
20240311;100140;7550;2;9807379661;S
20240311;100140;7550;10;9807379662;S
20240311;100141;7550;8;9807379788;B
20240311;100141;7550.5;37;9807379789;B
20240311;100141;7551;10;9807379790;B
20240311;100141;7551;5;9807379791;B
20240311;100141;7551.5;3;9807379792;B
20240311;100142;7551;1;9807380161;S
20240311;100142;7551;3;9807380162;S
20240311;100143;7550.5;10;9807380296;S
20240311;100143;7550;90;9807380297;S
20240311;100143;7550;1;9807380298;S
20240311;100143;7549.5;33;9807380299;S
20240311;100143;7549;13;9807380300;S
20240311;100144;7549;10;9807380431;B
20240311;100144;7547;10;9807380440;B
20240311;100144;7547;4;9807380452;B
20240311;100144;7548.5;1;9807380453;B
20240311;100144;7549;7;9807380454;B
20240311;100144;7549;10;9807380501;B
20240311;100144;7546.5;10;9807380573;S
20240311;100144;7549;20;9807380576;B
20240311;100145;7549;6;9807380594;B
20240311;100145;7551.5;12;9807380595;B
20240311;100145;7548;1;9807380761;S
20240311;100145;7550;3;9807380899;B
20240311;100146;7550;2;9807381042;B
20240311;100147;7550;3;9807381238;S
20240311;100149;7550;5;9807381740;S
20240311;100149;7550;5;9807381741;S
20240311;100150;7550.5;18;9807381785;B
20240311;100150;7551.5;12;9807381786;B
20240311;100150;7550;1;9807381849;S
20240311;100150;7550;1;9807381904;S
20240311;100151;7550;3;9807382150;S
20240311;100151;7550;1;9807382151;S
20240311;100151;7550;2;9807382152;S
20240311;100151;7548;14;9807382153;S
20240311;100154;7550;25;9807382711;S
20240311;100154;7549.5;10;9807382712;S
20240311;100154;7549;1;9807382713;S
20240311;100156;7549;2;9807383234;S
20240311;100156;7549;10;9807383235;S
20240311;100156;7549;1;9807383236;S
20240311;100156;7548;33;9807383237;S
20240311;100156;7547.5;114;9807383238;S
20240311;100156;7547.5;10;9807383239;S
20240311;100156;7547;10;9807383240;S
20240311;100156;7547;3;9807383241;S
20240311;100156;7546.5;60;9807383242;S
20240311;100156;7546.5;1;9807383243;S
20240311;100156;7546;12;9807383244;S
20240311;100156;7546;13;9807383245;S
20240311;100156;7546;2;9807383246;S
20240311;100156;7545.5;24;9807383247;S
20240311;100156;7545;205;9807383248;S
20240311;100156;7545.5;1;9807383322;S
20240311;100156;7549.5;1;9807383325;B
20240311;100157;7549.5;8;9807383545;B
20240311;100158;7549.5;6;9807383774;B
20240311;100159;7550;1;9807384204;B
20240311;100200;7549;20;9807384233;S
20240311;100200;7550;2;9807384262;B
20240311;100200;7550;48;9807384263;B
20240311;100200;7549;2;9807384492;S
20240311;100202;7549.5;10;9807384875;S
20240311;100202;7549.5;30;9807384876;S
20240311;100202;7549;60;9807384877;S
20240311;100202;7550;1;9807384943;B
20240311;100204;7549.5;10;9807385287;S
20240311;100204;7549.5;30;9807385288;S
20240311;100204;7549;460;9807385289;S
20240311;100204;7549;2;9807385520;S
20240311;100204;7550;47;9807385528;B
20240311;100204;7550;1;9807385529;B
20240311;100204;7550;20;9807385530;B
20240311;100204;7550;5;9807385531;B
20240311;100204;7550;2;9807385532;B
20240311;100204;7550;20;9807385533;B
20240311;100204;7550;26;9807385534;B
20240311;100204;7550.5;2;9807385535;B
20240311;100204;7550.5;100;9807385536;B
20240311;100204;7550.5;7;9807385537;B
20240311;100204;7550.5;30;9807385538;B
20240311;100204;7550.5;40;9807385539;B
20240311;100205;7549.5;30;9807385572;S
20240311;100205;7549;58;9807385573;S
20240311;100205;7549;30;9807385574;S
20240311;100205;7549;10;9807385575;S
20240311;100205;7548.5;10;9807385576;S
20240311;100205;7548;10;9807385737;S
20240311;100205;7548;5;9807385738;S
20240311;100207;7547.5;4;9807386023;S
20240311;100207;7549.5;1;9807386122;B
20240311;100209;7547.5;1;9807386600;S
20240311;100209;7548;3;9807386614;B
20240311;100210;7548;1;9807386732;B
20240311;100210;7547.5;5;9807386742;S
20240311;100210;7547.5;15;9807386743;S
20240311;100210;7548;45;9807386750;B
20240311;100210;7547.5;10;9807386801;S
20240311;100211;7546.5;6;9807386977;S
20240311;100211;7546.5;25;9807386978;S
20240311;100211;7546.5;19;9807386979;S
20240311;100211;7548;3;9807387074;B
20240311;100211;7548;1;9807387093;B
20240311;100211;7546.5;5;9807387096;S
20240311;100212;7547;1;9807387378;B
20240311;100212;7547.5;1;9807387379;B
20240311;100212;7547.5;11;9807387380;B
20240311;100212;7546.5;30;9807387422;S
20240311;100212;7546.5;300;9807387423;S
20240311;100212;7546.5;10;9807387424;S
20240311;100212;7546;10;9807387425;S
20240311;100212;7546;1;9807387426;S
20240311;100212;7545.5;60;9807387427;S
20240311;100212;7545;89;9807387428;S
20240311;100212;7545.5;10;9807387455;S
20240311;100212;7545;439;9807387456;S
20240311;100212;7545;1;9807387457;S
20240311;100212;7545;17;9807387458;S
20240311;100212;7545;33;9807387459;S
20240311;100213;7545;1;9807387556;S
20240311;100213;7545;490;9807387663;S
20240311;100213;7545;10;9807387664;S
20240311;100213;7546;1;9807387665;B
20240311;100213;7546;4;9807387666;B
20240311;100213;7545.5;1;9807387732;B
20240311;100213;7545;290;9807387754;S
20240311;100213;7545;10;9807387755;S
20240311;100213;7547;10;9807387760;B
20240311;100215;7545.5;2;9807388009;B
20240311;100215;7545.5;5;9807388010;B
20240311;100216;7545;15;9807388202;S
20240311;100216;7545;4;9807388253;S
20240311;100216;7545;2;9807388276;S
20240311;100216;7545;4;9807388348;S
20240311;100217;7545;60;9807388438;S
20240311;100218;7545.5;3;9807388663;B
20240311;100219;7545;5;9807388856;S
20240311;100219;7545;5;9807388910;S
20240311;100219;7545;4;9807388946;S
20240311;100219;7545.5;179;9807389014;B
20240311;100219;7545.5;10;9807389015;B
20240311;100219;7546;20;9807389016;B
20240311;100219;7546.5;1;9807389017;B
20240311;100219;7545.5;1;9807389063;S
20240311;100220;7545.5;1;9807389113;S
20240311;100220;7545.5;1;9807389137;S
20240311;100220;7546.5;8;9807389185;B
20240311;100220;7546.5;1;9807389235;B
20240311;100226;7546.5;2;9807390439;B
20240311;100226;7546.5;1;9807390465;B
20240311;100227;7545.5;9;9807390811;S
20240311;100227;7545.5;21;9807390812;S
20240311;100227;7545.5;20;9807390874;S
20240311;100229;7545.5;9;9807391105;S
20240311;100229;7545.5;1;9807391126;S
20240311;100229;7545.5;30;9807391145;S
20240311;100230;7546;10;9807391334;B
20240311;100230;7546;10;9807391335;B
20240311;100230;7546.5;1;9807391336;B
20240311;100230;7546.5;10;9807391337;B
20240311;100230;7547.5;3;9807391338;B
20240311;100230;7547.5;1;9807391339;B
20240311;100230;7548;7;9807391340;B
20240311;100230;7548;6;9807391341;B
20240311;100230;7548;1942;9807391342;B
20240311;100230;7548;10;9807391343;B
20240311;100230;7545.5;19;9807391363;S
20240311;100230;7545.5;7;9807391364;S
20240311;100230;7545.5;10;9807391365;S
20240311;100230;7545.5;10;9807391366;S
20240311;100230;7545;366;9807391367;S
20240311;100230;7545;50;9807391368;S
20240311;100230;7545;38;9807391369;S
20240311;100231;7545;2;9807391591;S
20240311;100231;7545;38;9807391592;S
20240311;100231;7545;1;9807391623;S
20240311;100232;7545.5;1;9807391687;B
20240311;100232;7545.5;9;9807391723;B
20240311;100232;7546.5;10;9807391724;B
20240311;100232;7546.5;1;9807391725;B
20240311;100232;7547;5;9807391729;S
20240311;100232;7547.5;1;9807391852;B
20240311;100234;7547;8;9807392383;S
20240311;100235;7547;1;9807392420;S
20240311;100235;7547;1;9807392484;S
20240311;100236;7547.5;1;9807392900;B
20240311;100236;7547.5;5;9807392901;B
20240311;100236;7547.5;14;9807392902;B
20240311;100237;7547;465;9807393154;S
20240311;100237;7546.5;25;9807393155;S
20240311;100237;7546.5;10;9807393156;S
20240311;100238;7547;5;9807393507;B
20240311;100238;7547;1;9807393557;B
20240311;100239;7547;4;9807393639;B
20240311;100239;7547;5;9807393832;S
20240311;100240;7547;5;9807394240;S
20240311;100241;7547.5;2;9807394358;B
20240311;100242;7547;6;9807394709;S
20240311;100242;7547;1;9807394710;S
20240311;100242;7546;10;9807394761;S
20240311;100242;7546;1;9807394762;S
20240311;100242;7545.5;2;9807394763;S
20240311;100242;7545.5;18;9807394764;S
20240311;100242;7545.5;19;9807394765;S
20240311;100243;7546.5;5;9807394838;B
20240311;100243;7547;68;9807394839;B
20240311;100244;7546;5;9807395190;S
20240311;100244;7546;1;9807395218;S
20240311;100245;7546.5;2;9807395365;B
20240311;100245;7547;11;9807395366;B
20240311;100245;7546;2;9807395393;S
20240311;100246;7547;4;9807395760;B
20240311;100247;7546.5;2;9807395912;B
20240311;100247;7547;10;9807395913;B
20240311;100247;7547;10;9807395914;B
20240311;100247;7547;1;9807395915;B
20240311;100247;7547.5;2;9807395916;B
20240311;100247;7547.5;2;9807395917;B
20240311;100247;7547.5;3;9807395918;B
20240311;100247;7547;1;9807396043;B
20240311;100247;7546;1;9807396081;S
20240311;100248;7546;2;9807396084;S
20240311;100248;7546;7;9807396085;S
20240311;100248;7546;61;9807396166;B
20240311;100248;7546;2;9807396167;B
20240311;100248;7547;9;9807396168;B
20240311;100248;7547.5;20;9807396169;B
20240311;100248;7547.5;25;9807396170;B
20240311;100248;7547.5;4;9807396171;B
20240311;100248;7548;79;9807396172;B
20240311;100248;7548;10;9807396189;B
20240311;100249;7546;10;9807396384;S
20240311;100249;7546;5;9807396385;S
20240311;100249;7546;50;9807396386;S
20240311;100249;7545.5;140;9807396387;S
20240311;100250;7546;1;9807396755;S
20240311;100251;7547;1;9807396865;B
20240311;100252;7546;9;9807397050;S
20240311;100252;7546;1;9807397051;S
20240311;100252;7547;1;9807397087;B
20240311;100252;7547;40;9807397088;B
20240311;100252;7547.5;1;9807397089;B
20240311;100252;7548;4969;9807397090;B
20240311;100252;7548;10;9807397091;B
20240311;100252;7548.5;10;9807397092;B
20240311;100252;7549;5;9807397093;B
20240311;100252;7549;5;9807397094;B
20240311;100252;7549;1;9807397095;B
20240311;100252;7549.5;12;9807397096;B
20240311;100252;7549.5;3;9807397097;B
20240311;100252;7549.5;9;9807397098;B
20240311;100252;7549.5;1;9807397099;B
20240311;100252;7550;10;9807397100;B
20240311;100252;7550;5;9807397101;B
20240311;100252;7550;2;9807397102;B
20240311;100252;7550;50;9807397103;B
20240311;100252;7550;4;9807397104;B
20240311;100252;7550;6;9807397105;B
20240311;100252;7550;3;9807397106;B
20240311;100252;7550;38;9807397107;B
20240311;100252;7550;1;9807397108;B
20240311;100252;7550;1;9807397109;B
20240311;100252;7550;1;9807397110;B
20240311;100252;7550;30;9807397111;B
20240311;100252;7550;1;9807397112;B
20240311;100252;7550;10;9807397113;B
20240311;100252;7550;18;9807397114;B
20240311;100252;7550;60;9807397115;B
20240311;100252;7550;1;9807397116;B
20240311;100252;7550;10;9807397117;B
20240311;100252;7550;51;9807397118;B
20240311;100252;7550;13;9807397119;B
20240311;100252;7550.5;10;9807397122;B
20240311;100252;7550.5;10;9807397137;B
20240311;100252;7550.5;36;9807397138;B
20240311;100252;7550.5;45;9807397139;B
20240311;100252;7551;104;9807397140;B
20240311;100252;7551;305;9807397141;B
20240311;100252;7550.5;1;9807397174;S
20240311;100253;7550.5;9;9807397248;S
20240311;100253;7550.5;1;9807397249;S
20240311;100253;7550.5;10;9807397303;S
20240311;100253;7550.5;10;9807397304;S
20240311;100253;7550.5;10;9807397305;S
20240311;100253;7550;1;9807397445;S
20240311;100254;7550;5;9807397508;S
20240311;100254;7550;10;9807397676;S
20240311;100255;7550;2;9807397913;S
20240311;100256;7551;7;9807397972;B
20240311;100256;7550.5;2;9807398033;S
20240311;100256;7550;3;9807398034;S
20240311;100257;7551;3;9807398289;B
20240311;100258;7550;9;9807398396;S
20240311;100258;7550;20;9807398438;S
20240311;100258;7551;13;9807398440;B
20240311;100300;7550.5;10;9807399042;B
20240311;100300;7551;30;9807399043;B
20240311;100300;7550;1;9807399112;S
20240311;100300;7550;5;9807399116;S
20240311;100301;7550;12;9807399360;S
20240311;100301;7550;8;9807399361;S
20240311;100301;7551;1;9807399390;B
20240311;100301;7551;10;9807399431;B
20240311;100302;7551;11;9807399555;B
20240311;100302;7550;6;9807399671;S
20240311;100303;7550;7;9807400045;S
20240311;100305;7550.5;1;9807400413;S
20240311;100305;7551;1;9807400457;B
20240311;100305;7551;1;9807400489;B
20240311;100305;7551;405;9807400497;B
20240311;100305;7551;2;9807400498;B
20240311;100305;7551;7;9807400499;B
20240311;100305;7551;1;9807400500;B
20240311;100305;7551;1;9807400501;B
20240311;100305;7551;8;9807400502;B
20240311;100305;7551.5;26;9807400503;B
20240311;100305;7551.5;1;9807400504;B
20240311;100305;7551.5;10;9807400505;B
20240311;100305;7551.5;14;9807400506;B
20240311;100305;7552;1;9807400574;B
20240311;100305;7552;1;9807400575;B
20240311;100305;7552;1;9807400576;B
20240311;100305;7552;1;9807400577;B
20240311;100305;7552;14;9807400578;B
20240311;100305;7552;1;9807400579;B
20240311;100305;7553;1;9807400580;B
20240311;100305;7553;2;9807400581;B
20240311;100305;7553;1;9807400582;B
20240311;100305;7553;10;9807400583;B
20240311;100305;7553.5;110;9807400584;B
20240311;100305;7554;8;9807400585;B
20240311;100305;7554;20;9807400586;B
20240311;100305;7554.5;1;9807400587;B
20240311;100305;7554.5;15;9807400588;B
20240311;100305;7554.5;12;9807400589;B
20240311;100305;7554.5;4;9807400590;B
20240311;100305;7554.5;10;9807400591;B
20240311;100305;7555;1;9807400592;B
20240311;100305;7555;1;9807400593;B
20240311;100305;7555;1;9807400594;B
20240311;100305;7555;5;9807400595;B
20240311;100305;7555;100;9807400596;B
20240311;100305;7555;5;9807400597;B
20240311;100305;7555;10;9807400598;B
20240311;100305;7555;30;9807400599;B
20240311;100305;7555;2;9807400600;B
20240311;100305;7555;50;9807400601;B
20240311;100305;7555;13;9807400602;B
20240311;100305;7555;6;9807400603;B
20240311;100305;7555;2;9807400604;B
20240311;100305;7555;5;9807400605;B
20240311;100305;7555;1;9807400606;B
20240311;100305;7555;55;9807400607;B
20240311;100306;7552.5;1;9807400769;S
20240311;100306;7552;1;9807400786;S
20240311;100306;7553;1;9807400798;B
20240311;100306;7554;13;9807400799;B
20240311;100306;7551.5;1;9807400800;S
20240311;100306;7551.5;4;9807400834;S
20240311;100306;7553;1;9807400872;B
20240311;100306;7552;1;9807400940;B
20240311;100306;7553.5;1;9807400941;B
20240311;100306;7551;1;9807401000;S
20240311;100307;7552;2;9807401159;B
20240311;100307;7552;1;9807401218;B
20240311;100308;7552;1;9807401390;B
20240311;100308;7553.5;2;9807401391;B
20240311;100308;7554;7;9807401392;B
20240311;100308;7551.5;20;9807401461;S
20240311;100308;7551.5;20;9807401568;S
20240311;100309;7551.5;1;9807401715;S
20240311;100310;7551.5;4;9807401992;S
20240311;100311;7551.5;20;9807402127;S
20240311;100311;7553.5;10;9807402155;B
20240311;100311;7554;112;9807402156;B
20240311;100311;7554;1;9807402157;B
20240311;100311;7554;1;9807402158;B
20240311;100311;7554;50;9807402159;S
20240311;100311;7554;1;9807402279;S
20240311;100312;7554;20;9807402480;S
20240311;100312;7554;50;9807402509;S
20240311;100312;7554.5;9;9807402567;B
20240311;100314;7554;5;9807402941;S
20240311;100314;7554;5;9807402942;S
20240311;100315;7551.5;1;9807403110;S
20240311;100315;7553.5;1;9807403196;B
20240311;100315;7553.5;10;9807403197;B
20240311;100316;7554;3;9807403495;B
20240311;100317;7554;3;9807403615;B
20240311;100317;7553.5;1;9807403691;S
20240311;100317;7554;1;9807403708;B
20240311;100318;7553.5;7;9807404008;S
20240311;100319;7554;3;9807404147;B
20240311;100319;7554.5;1;9807404148;B
20240311;100319;7554.5;3;9807404149;B
20240311;100320;7553.5;16;9807404384;S
20240311;100320;7553.5;1;9807404385;S
20240311;100320;7552;13;9807404386;S
20240311;100320;7551.5;5;9807404387;S
20240311;100320;7551.5;25;9807404388;S
20240311;100320;7551.5;10;9807404389;S
20240311;100320;7551.5;1;9807404390;S
20240311;100320;7551.5;1;9807404391;S
20240311;100320;7551;25;9807404392;S
20240311;100320;7551;100;9807404393;S
20240311;100320;7551;30;9807404394;S
20240311;100320;7551;3;9807404395;S
20240311;100320;7551;10;9807404396;S
20240311;100320;7551;40;9807404397;S
20240311;100320;7551;1;9807404398;S
20240311;100320;7551;60;9807404399;S
20240311;100320;7550.5;3;9807404400;S
20240311;100320;7550;54;9807404401;S
20240311;100320;7550.5;10;9807404487;S
20240311;100320;7550;210;9807404488;S
20240311;100320;7550;30;9807404489;S
20240311;100320;7550;30;9807404490;S
20240311;100320;7550;10;9807404491;S
20240311;100320;7550;10;9807404492;S
20240311;100320;7550;10;9807404493;S
20240311;100320;7553;1;9807404503;B
20240311;100321;7553;1;9807404661;B
20240311;100321;7551;1;9807404679;S
20240311;100323;7553;9;9807405061;B
20240311;100323;7553.5;2;9807405062;B
20240311;100325;7553;4;9807405757;B
20240311;100326;7551;2;9807406086;S
20240311;100326;7550.5;3;9807406087;S
20240311;100326;7550.5;1;9807406139;S
20240311;100326;7552.5;2;9807406170;B
20240311;100327;7551;1;9807406321;S
20240311;100327;7550.5;5;9807406333;S
20240311;100331;7550;1;9807407152;S
20240311;100332;7550;3;9807407393;S
20240311;100332;7550.5;1;9807407468;B
20240311;100334;7550;11;9807407937;S
20240311;100334;7550;4;9807407938;S
20240311;100334;7550;5;9807407939;S
20240311;100335;7550.5;1;9807407988;B
20240311;100335;7551;1;9807407989;B
20240311;100336;7550;2;9807408182;S
20240311;100336;7550.5;10;9807408382;B
20240311;100336;7551;4;9807408383;B
20240311;100336;7551.5;1;9807408384;B
20240311;100336;7551.5;6;9807408385;B
20240311;100336;7552;1;9807408386;B
20240311;100337;7551.5;1;9807408468;B
20240311;100338;7550;4;9807408612;S
20240311;100338;7551.5;9;9807408640;B
20240311;100338;7551.5;3;9807408641;B
20240311;100338;7552;138;9807408642;B
20240311;100339;7550.5;2;9807408998;B
20240311;100339;7551.5;8;9807408999;B
20240311;100339;7551.5;2;9807409001;B
20240311;100339;7552;22;9807409002;B
20240311;100340;7551.5;1;9807409160;B
20240311;100341;7551;1;9807409342;B
20240311;100341;7551.5;9;9807409343;B
20240311;100341;7552;68;9807409344;B
20240311;100342;7551.5;2;9807409678;B
20240311;100343;7551.5;5;9807410032;B
20240311;100345;7550.5;1;9807410412;S
20240311;100346;7550.5;9;9807410760;S
20240311;100346;7550.5;33;9807410761;S
20240311;100346;7551;5;9807410808;B
20240311;100346;7552;41;9807410809;B
20240311;100346;7552;10;9807410810;B
20240311;100346;7552.5;1;9807410811;B
20240311;100346;7552.5;20;9807410812;B
20240311;100346;7552.5;1;9807410813;B
20240311;100346;7552.5;1;9807410814;B
20240311;100346;7552.5;10;9807410815;B
20240311;100346;7553;3;9807410816;B
20240311;100346;7553;10;9807410817;B
20240311;100346;7553;98;9807410818;B
20240311;100346;7550.5;2;9807410834;S
20240311;100347;7552;6;9807411003;B
20240311;100348;7550.5;5;9807411363;S
20240311;100349;7550.5;5;9807411432;S
20240311;100349;7550;33;9807411433;S
20240311;100349;7550;8;9807411434;S
20240311;100350;7550.5;10;9807411689;S
20240311;100350;7550;30;9807411690;S
20240311;100351;7550.5;1;9807411780;S
20240311;100351;7550.5;1;9807411781;S
20240311;100351;7550;5;9807411846;S
20240311;100352;7551;8;9807412033;B
20240311;100352;7551.5;10;9807412034;B
20240311;100352;7552;2;9807412035;B
20240311;100352;7551.5;1;9807412056;B
20240311;100352;7552;4;9807412057;B
20240311;100352;7552;4;9807412058;B
20240311;100352;7552;10;9807412059;B
20240311;100352;7552.5;1;9807412060;B
20240311;100353;7550.5;5;9807412188;S
20240311;100354;7552.5;10;9807412432;B
20240311;100354;7552.5;10;9807412433;B
20240311;100354;7553;130;9807412434;B
20240311;100354;7550.5;7;9807412492;S
20240311;100354;7550.5;10;9807412493;S
20240311;100354;7550;57;9807412494;S
20240311;100354;7550;3;9807412495;S
20240311;100354;7550;30;9807412496;S
20240311;100354;7550;10;9807412497;S
20240311;100354;7550;13;9807412498;S
20240311;100354;7552.5;10;9807412534;B
20240311;100356;7552.5;10;9807412795;B
20240311;100356;7552;1;9807412798;B
20240311;100356;7550.5;5;9807412799;S
20240311;100356;7552;9;9807412814;B
20240311;100356;7552.5;4;9807412815;B
20240311;100356;7552.5;10;9807412816;B
20240311;100356;7553;77;9807412817;B
20240311;100357;7550.5;3;9807413196;S
20240311;100357;7550.5;2;9807413197;S
20240311;100358;7552.5;2;9807413208;B
20240311;100400;7552;1;9807413677;S
20240311;100401;7552;4;9807413773;B
20240311;100402;7550;1;9807413961;S
20240311;100402;7550;1;9807414025;S
20240311;100402;7550;7;9807414026;S
20240311;100403;7550;7;9807414072;S
20240311;100403;7550;5;9807414274;S
20240311;100403;7550;80;9807414275;S
20240311;100403;7550;20;9807414276;S
20240311;100403;7550;100;9807414277;S
20240311;100403;7550;1;9807414278;S
20240311;100403;7550;1;9807414293;S
20240311;100403;7550;1;9807414294;S
20240311;100403;7550;100;9807414295;S
20240311;100404;7550.5;1;9807414396;B
20240311;100405;7550.5;2;9807414616;B
20240311;100405;7550;1;9807414686;B
20240311;100405;7550.5;8;9807414773;B
20240311;100405;7551;7;9807414774;B
20240311;100406;7549.5;5;9807414983;S
20240311;100407;7549.5;10;9807415178;B
20240311;100408;7549;5;9807415386;S
20240311;100408;7549.5;1;9807415435;B
20240311;100408;7549;25;9807415436;S
20240311;100408;7549;10;9807415437;S
20240311;100408;7548.5;3;9807415438;S
20240311;100408;7548.5;10;9807415439;S
20240311;100408;7548.5;50;9807415440;S
20240311;100408;7548.5;13;9807415441;S
20240311;100408;7548;300;9807415442;S
20240311;100408;7548;10;9807415443;S
20240311;100408;7548;60;9807415444;S
20240311;100409;7547.5;1;9807415604;S
20240311;100409;7547.5;4;9807415605;S
20240311;100409;7547.5;20;9807415735;S
20240311;100410;7547.5;20;9807415850;S
20240311;100410;7548;17;9807415912;B
20240311;100411;7547.5;1;9807416270;S
20240311;100411;7547.5;1;9807416278;S
20240311;100412;7548;1;9807416367;B
20240311;100413;7548;1;9807416682;B
20240311;100413;7548;3;9807416683;B
20240311;100413;7548;1;9807416684;B
20240311;100413;7548;5;9807416685;B
20240311;100413;7548;5;9807416686;B
20240311;100413;7548;11;9807416687;B
20240311;100413;7547.5;2;9807416690;S
20240311;100414;7547.5;1;9807416787;S
20240311;100415;7548;1;9807416943;B
20240311;100415;7547.5;10;9807416956;S
20240311;100415;7548;1;9807417086;B
20240311;100416;7547.5;1;9807417097;S
20240311;100418;7548;2;9807417550;B
20240311;100418;7548;28;9807417677;B
20240311;100418;7548;13;9807417678;B
20240311;100418;7549;10;9807417679;B
20240311;100418;7549.5;4;9807417680;B
20240311;100418;7549.5;1;9807417681;B
20240311;100418;7549.5;25;9807417682;B
20240311;100418;7549.5;5;9807417683;B
20240311;100418;7549.5;5;9807417684;B
20240311;100418;7549.5;6;9807417685;B
20240311;100418;7550;500;9807417686;B
20240311;100418;7551;4;9807417690;B
20240311;100418;7551.5;6;9807417770;B
20240311;100419;7550.5;13;9807417865;S
20240311;100419;7550;167;9807417866;S
20240311;100419;7550;10;9807417867;S
20240311;100421;7550;6;9807418380;B
20240311;100421;7549;1;9807418421;S
20240311;100423;7550;1;9807418859;B
20240311;100424;7549;10;9807418982;S
20240311;100425;7548;100;9807419177;S
20240311;100425;7548.5;1;9807419253;B
20240311;100426;7548;10;9807419395;S
20240311;100427;7549;2;9807419601;B
20240311;100430;7548.5;33;9807420194;S
20240311;100430;7548;52;9807420195;S
20240311;100430;7549;1;9807420201;B
20240311;100431;7549;3;9807420232;B
20240311;100432;7549;13;9807420505;B
20240311;100432;7549;1;9807420618;B
20240311;100433;7549;1;9807420651;B
20240311;100434;7548;13;9807420844;S
20240311;100434;7548;5;9807420845;S
20240311;100434;7548;1;9807420846;S
20240311;100434;7548;50;9807420847;S
20240311;100434;7548;10;9807420848;S
20240311;100434;7548;1;9807420849;S
20240311;100434;7547.5;20;9807420850;S
20240311;100435;7548.5;5;9807420978;S
20240311;100435;7547.5;20;9807420979;S
20240311;100435;7547.5;1;9807420980;S
20240311;100435;7547.5;24;9807420981;S
20240311;100435;7548;5;9807421114;B
20240311;100435;7548;5;9807421135;B
20240311;100435;7548;5;9807421162;B
20240311;100436;7547.5;15;9807421175;S
20240311;100437;7547.5;3;9807421441;S
20240311;100438;7548;5;9807421540;B
20240311;100440;7548;6;9807421994;B
20240311;100441;7547.5;4;9807422179;S
20240311;100443;7548;1;9807422600;B
20240311;100446;7547.5;2;9807423094;S
20240311;100446;7548;1;9807423170;B
20240311;100446;7548;10;9807423211;B
20240311;100446;7547.5;30;9807423243;S
20240311;100449;7548;10;9807423575;B
20240311;100449;7547.5;9;9807423613;S
20240311;100450;7548;3;9807423785;B
20240311;100450;7547.5;7;9807423840;S
20240311;100450;7547.5;10;9807423908;S
20240311;100451;7547.5;40;9807424068;S
20240311;100451;7547.5;4;9807424105;S
20240311;100452;7547.5;6;9807424238;S
20240311;100452;7547.5;1;9807424302;S
20240311;100452;7547.5;3;9807424303;S
20240311;100453;7547.5;47;9807424479;S
20240311;100453;7547;30;9807424480;S
20240311;100453;7547;50;9807424481;S
20240311;100453;7547;13;9807424482;S
20240311;100455;7547;1;9807424798;B
20240311;100456;7546.5;1;9807425005;S
20240311;100456;7546.5;1;9807425006;S
20240311;100456;7546.5;1;9807425007;S
20240311;100456;7546;26;9807425008;S
20240311;100457;7546.5;8;9807425139;S
20240311;100459;7547;25;9807425526;B
20240311;100459;7547;13;9807425527;B
20240311;100459;7547;50;9807425528;B
20240311;100459;7547;1;9807425529;B
20240311;100459;7547;2;9807425530;B
20240311;100459;7547.5;50;9807425531;B
20240311;100459;7547.5;10;9807425532;B
20240311;100459;7548;119;9807425533;B
20240311;100500;7548;1;9807425617;B
20240311;100500;7547.5;1;9807425702;S
20240311;100500;7548;5;9807425749;B
20240311;100502;7548;2;9807426098;B
20240311;100503;7548;3;9807426191;B
20240311;100503;7548;1;9807426192;B
20240311;100503;7548;1;9807426193;B
20240311;100503;7548;1;9807426194;B
20240311;100503;7548;11;9807426195;B
20240311;100503;7548;3;9807426196;B
20240311;100503;7547;9;9807426275;S
20240311;100504;7547;41;9807426372;S
20240311;100504;7547;13;9807426373;S
20240311;100504;7547;10;9807426374;S
20240311;100504;7546.5;25;9807426375;S
20240311;100504;7546.5;10;9807426456;S
20240311;100504;7547.5;2;9807426484;B
20240311;100504;7547.5;8;9807426485;B
20240311;100505;7546.5;1;9807426584;S
20240311;100507;7547;2;9807427188;B
20240311;100507;7547;8;9807427197;B
20240311;100508;7546.5;50;9807427332;S
20240311;100508;7547;6;9807427391;B
20240311;100510;7547.5;1;9807427703;B
20240311;100510;7546.5;10;9807427710;S
20240311;100511;7547.5;5;9807427996;B
20240311;100511;7546.5;3;9807428043;S
20240311;100514;7547;5;9807428602;S
20240311;100514;7546.5;85;9807428603;S
20240311;100514;7546.5;2;9807428691;S
20240311;100514;7546.5;5;9807428692;S
20240311;100516;7547;1;9807429249;B
20240311;100519;7547.5;2;9807429717;B
20240311;100519;7547;1;9807429900;S
20240311;100519;7547;1;9807429968;S
20240311;100519;7546.5;95;9807429969;S
20240311;100521;7547;31;9807430298;B
20240311;100524;7547;5;9807430807;B
20240311;100525;7546.5;1;9807431008;S
20240311;100527;7547;14;9807431671;B
20240311;100527;7547;11;9807431672;B
20240311;100528;7546.5;2;9807431764;S
20240311;100528;7547;1;9807431991;B
20240311;100529;7546.5;1;9807432265;S
20240311;100530;7547;1;9807432565;B
20240311;100530;7547;1;9807432566;B
20240311;100530;7547;5;9807432567;B
20240311;100530;7546.5;32;9807432628;S
20240311;100532;7547;2;9807433176;B
20240311;100533;7546.5;25;9807433471;S
20240311;100533;7547;1;9807433494;B
20240311;100534;7546.5;1;9807433626;S
20240311;100534;7546.5;2;9807433665;S
20240311;100536;7547;1;9807434214;B
20240311;100536;7547;1;9807434248;B
20240311;100536;7546.5;2;9807434360;S
20240311;100537;7547;1;9807434488;B
20240311;100537;7547;1;9807434518;B
20240311;100537;7547;1;9807434534;B
20240311;100537;7547;1;9807434535;B
20240311;100538;7547;1;9807434787;B
20240311;100538;7547;1;9807434826;B
20240311;100539;7546.5;1;9807434966;S
20240311;100540;7547;1;9807435195;B
20240311;100542;7547;5;9807435789;B
20240311;100543;7546.5;1;9807435914;S
20240311;100545;7546.5;1;9807436415;S
20240311;100546;7547;10;9807436675;B
20240311;100548;7546.5;3;9807436904;S
20240311;100548;7547;5;9807436942;B
20240311;100548;7546.5;2;9807437091;S
20240311;100549;7546.5;10;9807437097;S
20240311;100553;7547;4;9807437871;B
20240311;100553;7546.5;1;9807437888;S
20240311;100555;7546.5;1;9807438351;S
20240311;100557;7546.5;1;9807438717;S
20240311;100558;7546.5;4;9807438862;S
20240311;100558;7546.5;20;9807438951;S
20240311;100600;7547;1;9807439230;B
20240311;100600;7546.5;2;9807439237;S
20240311;100600;7546.5;1;9807439305;S
20240311;100602;7546.5;34;9807439628;S
20240311;100602;7546.5;10;9807439683;S
20240311;100602;7547;9;9807439713;B
20240311;100602;7546.5;7;9807439735;S
20240311;100604;7547;2;9807439952;B
20240311;100605;7546.5;2;9807440424;S
20240311;100607;7546.5;39;9807440600;S
20240311;100607;7546.5;50;9807440601;S
20240311;100607;7546.5;87;9807440602;S
20240311;100607;7546.5;2;9807440807;S
20240311;100607;7547;2;9807440862;B
20240311;100608;7547;1;9807441028;B
20240311;100608;7546.5;2;9807441087;S
20240311;100618;7546.5;1;9807442962;S
20240311;100618;7547;1;9807442965;B
20240311;100620;7546.5;2;9807443308;S
20240311;100621;7546.5;4;9807443457;S
20240311;100623;7547;1;9807444002;B
20240311;100624;7547;5;9807444063;B
20240311;100624;7546.5;64;9807444103;S
20240311;100624;7546.5;1;9807444104;S
20240311;100624;7546.5;66;9807444105;S
20240311;100624;7546.5;8;9807444106;S
20240311;100624;7546.5;10;9807444107;S
20240311;100624;7546.5;1;9807444108;S
20240311;100624;7546.5;10;9807444109;S
20240311;100624;7546.5;2;9807444110;S
20240311;100624;7546.5;3;9807444111;S
20240311;100624;7546.5;3;9807444112;S
20240311;100624;7546.5;1;9807444113;S
20240311;100624;7546.5;1;9807444114;S
20240311;100624;7546.5;5;9807444115;S
20240311;100624;7546.5;5;9807444116;S
20240311;100624;7546.5;5;9807444224;B
20240311;100625;7546;1;9807444300;S
20240311;100627;7546.5;2;9807444775;B
20240311;100629;7546.5;3;9807445041;B
20240311;100629;7546.5;22;9807445196;B
20240311;100630;7546;2;9807445398;S
20240311;100632;7546;8;9807445729;S
20240311;100632;7546;2;9807445730;S
20240311;100632;7546;50;9807445731;S
20240311;100632;7546;15;9807445732;S
20240311;100632;7546;13;9807445733;S
20240311;100632;7546;50;9807445734;S
20240311;100632;7546;2;9807445735;S
20240311;100632;7545.5;30;9807445736;S
20240311;100632;7545.5;50;9807445737;S
20240311;100632;7545.5;5;9807445738;S
20240311;100632;7545.5;1;9807445739;S
20240311;100632;7545.5;10;9807445740;S
20240311;100632;7545;17;9807445741;S
20240311;100632;7545;1;9807445742;S
20240311;100632;7545;246;9807445743;S
20240311;100633;7545;259;9807445924;S
20240311;100633;7545;10;9807445925;S
20240311;100633;7545;30;9807445926;S
20240311;100633;7545;1;9807445927;S
20240311;100633;7545;1;9807446065;S
20240311;100633;7545;200;9807446067;S
20240311;100634;7545.5;1;9807446146;B
20240311;100635;7545;500;9807446307;S
20240311;100635;7545.5;1;9807446385;B
20240311;100635;7545.5;1;9807446411;B
20240311;100635;7545;2;9807446418;S
20240311;100635;7545.5;1;9807446463;B
20240311;100636;7545;500;9807446570;S
20240311;100637;7545.5;1;9807446663;B
20240311;100639;7545;1;9807447027;S
20240311;100641;7545.5;1;9807447421;B
20240311;100641;7545;2;9807447494;S
20240311;100642;7545;942;9807447647;S
20240311;100642;7545;1;9807447651;S
20240311;100642;7545;25;9807447683;S
20240311;100643;7545.5;1;9807447783;B
20240311;100643;7545.5;2;9807447862;B
20240311;100644;7545;500;9807448041;S
20240311;100646;7545;500;9807448427;S
20240311;100647;7545;47;9807448628;S
20240311;100648;7545.5;2;9807448738;B
20240311;100649;7545.5;6;9807448923;B
20240311;100651;7545;6;9807449332;S
20240311;100651;7545.5;10;9807449366;B
20240311;100651;7545.5;1;9807449426;B
20240311;100652;7545;1;9807449554;S
20240311;100652;7545;1;9807449563;S
20240311;100652;7545.5;3;9807449577;B
20240311;100653;7545;1;9807449911;S
20240311;100653;7545.5;10;9807449915;B
20240311;100653;7545.5;5;9807449917;B
20240311;100653;7545.5;5;9807449918;B
20240311;100654;7545;8;9807450052;S
20240311;100655;7545.5;1;9807450318;B
20240311;100657;7545.5;10;9807451107;B
20240311;100657;7545;65;9807451183;S
20240311;100658;7545.5;100;9807451282;B
20240311;100658;7545;5;9807451463;S
20240311;100700;7545.5;92;9807451918;B
20240311;100702;7545;2;9807452314;S
20240311;100702;7545.5;1;9807452347;B
20240311;100703;7545.5;2;9807452589;B
20240311;100704;7545.5;5;9807452881;B
20240311;100706;7545;20;9807453574;S
20240311;100706;7545;2;9807453582;S
20240311;100707;7545;30;9807453663;S
20240311;100707;7545.5;1;9807453779;B
20240311;100708;7545.5;1;9807453981;B
20240311;100709;7545;1;9807454100;S
20240311;100710;7545.5;1;9807454405;B
20240311;100711;7545;6;9807454662;S
20240311;100712;7545.5;2;9807454710;B
20240311;100713;7545.5;5;9807454999;B
20240311;100713;7545;3;9807455001;S
20240311;100714;7545.5;10;9807455085;B
20240311;100716;7545.5;17;9807455806;B
20240311;100716;7545.5;1;9807455814;B
20240311;100717;7545;1;9807455891;S
20240311;100717;7545;443;9807455961;S
20240311;100717;7545;5;9807455962;S
20240311;100717;7545;50;9807455963;S
20240311;100717;7545;1;9807455964;S
20240311;100717;7545;1;9807455965;S
20240311;100720;7545;5;9807456595;S
20240311;100721;7545;83;9807456739;S
20240311;100723;7545.5;2;9807457123;B
20240311;100723;7545.5;8;9807457124;B
20240311;100723;7545;1;9807457140;S
20240311;100724;7545;33;9807457413;S
20240311;100724;7545;9;9807457454;S
20240311;100725;7545.5;1;9807457525;B
20240311;100725;7545.5;5;9807457623;B
20240311;100726;7545.5;2;9807457695;B
20240311;100726;7545;20;9807457726;S
20240311;100727;7545.5;100;9807457977;B
20240311;100727;7545.5;1;9807458074;B
20240311;100728;7545.5;2;9807458184;B
20240311;100729;7545.5;1;9807458538;B
20240311;100729;7545;195;9807458563;S
20240311;100729;7545;10;9807458564;S
20240311;100729;7545;1;9807458565;S
20240311;100730;7545.5;1;9807458591;B
20240311;100730;7545;125;9807458648;S
20240311;100730;7545;1;9807458766;S
20240311;100730;7545.5;1;9807458829;B
20240311;100730;7545;10;9807458837;S
20240311;100732;7545.5;1;9807459210;B
20240311;100732;7545.5;1;9807459248;B
20240311;100733;7545;499;9807459324;S
20240311;100733;7545;1;9807459325;S
20240311;100735;7545.5;6;9807459870;B
20240311;100735;7545.5;50;9807459871;B
20240311;100735;7545.5;1;9807459872;B
20240311;100735;7545.5;10;9807459873;B
20240311;100735;7545.5;70;9807459874;B
20240311;100735;7545;2;9807459885;S
20240311;100736;7545.5;2;9807460022;B
20240311;100737;7545;23;9807460114;S
20240311;100740;7545;1;9807460651;S
20240311;100744;7545.5;3;9807461494;B
20240311;100744;7545.5;2;9807461495;B
20240311;100745;7545;57;9807461601;S
20240311;100745;7545;120;9807461619;S
20240311;100748;7545.5;1;9807462019;B
20240311;100750;7545;24;9807462321;S
20240311;100755;7545.5;2;9807463629;B
20240311;100755;7545.5;3;9807463630;B
20240311;100758;7545;1;9807464189;S
20240311;100758;7545;470;9807464193;S
20240311;100758;7545;1;9807464194;S
20240311;100758;7545;5;9807464195;S
20240311;100758;7545;10;9807464196;S
20240311;100758;7544.5;10;9807464197;S
20240311;100758;7544.5;60;9807464198;S
20240311;100758;7544;1;9807464199;S
20240311;100758;7544;300;9807464200;S
20240311;100758;7544;16;9807464201;S
20240311;100758;7544;100;9807464202;S
20240311;100758;7544;10;9807464203;S
20240311;100758;7543.5;1;9807464204;S
20240311;100758;7543.5;3;9807464205;S
20240311;100758;7543.5;10;9807464206;S
20240311;100758;7543;33;9807464207;S
20240311;100758;7542.5;1;9807464208;S
20240311;100758;7542.5;10;9807464209;S
20240311;100758;7541.5;1;9807464210;S
20240311;100758;7541.5;30;9807464211;S
20240311;100758;7541.5;10;9807464212;S
20240311;100758;7541.5;60;9807464213;S
20240311;100758;7541;1;9807464214;S
20240311;100758;7540.5;1;9807464215;S
20240311;100758;7540.5;1;9807464216;S
20240311;100758;7540.5;10;9807464217;S
20240311;100758;7540.5;4;9807464218;S
20240311;100758;7540;3;9807464219;S
20240311;100758;7540;26;9807464220;S
20240311;100758;7540;1;9807464221;S
20240311;100758;7540;1;9807464222;S
20240311;100758;7540;2;9807464223;S
20240311;100758;7540;2;9807464224;S
20240311;100758;7540;30;9807464225;S
20240311;100758;7540;50;9807464226;S
20240311;100758;7540;1;9807464227;S
20240311;100758;7539.5;10;9807464228;S
20240311;100758;7539;42;9807464229;S
20240311;100758;7539;5;9807464230;S
20240311;100758;7539;1;9807464231;S
20240311;100758;7538.5;1;9807464232;S
20240311;100758;7538.5;80;9807464233;S
20240311;100758;7538;30;9807464234;S
20240311;100758;7537.5;56;9807464235;S
20240311;100758;7538;6;9807464236;S
20240311;100758;7538.5;10;9807464244;S
20240311;100758;7539;10;9807464247;S
20240311;100758;7538.5;8;9807464248;S
20240311;100758;7538.5;1;9807464262;S
20240311;100758;7538.5;1;9807464267;S
20240311;100758;7538.5;8;9807464268;S
20240311;100758;7538;44;9807464269;S
20240311;100758;7538;4;9807464270;S
20240311;100758;7538;17;9807464271;S
20240311;100758;7537.5;100;9807464272;S
20240311;100758;7537;327;9807464273;S
20240311;100758;7537.5;2;9807464274;S
20240311;100758;7537.5;1;9807464282;S
20240311;100758;7537.5;7;9807464285;S
20240311;100758;7537.5;50;9807464286;S
20240311;100758;7537;71;9807464287;S
20240311;100758;7537;30;9807464288;S
20240311;100758;7536.5;10;9807464289;S
20240311;100758;7536.5;33;9807464290;S
20240311;100758;7536.5;49;9807464291;S
20240311;100758;7536;3;9807464303;S
20240311;100801;7538.5;1;9807464951;B
20240311;100802;7536.5;10;9807465164;S
20240311;100802;7536.5;110;9807465165;S
20240311;100802;7538.5;6;9807465226;B
20240311;100802;7539;17;9807465227;B
20240311;100802;7539;10;9807465228;B
20240311;100802;7539.5;10;9807465229;B
20240311;100802;7539.5;50;9807465230;B
20240311;100802;7539.5;13;9807465231;B
20240311;100802;7540;50;9807465232;B
20240311;100802;7540;50;9807465233;B
20240311;100802;7540;10;9807465234;B
20240311;100802;7540;1;9807465235;B
20240311;100802;7540.5;50;9807465236;B
20240311;100802;7541;50;9807465237;B
20240311;100802;7541;10;9807465238;B
20240311;100802;7541.5;50;9807465239;B
20240311;100802;7541.5;33;9807465240;B
20240311;100802;7542;50;9807465241;B
20240311;100802;7542;60;9807465242;B
20240311;100802;7542.5;50;9807465243;B
20240311;100802;7543;50;9807465244;B
20240311;100802;7543;7;9807465245;B
20240311;100802;7543.5;38;9807465246;B
20240311;100802;7540.5;10;9807465304;B
20240311;100802;7541;50;9807465305;B
20240311;100802;7541.5;40;9807465306;B
20240311;100802;7540;10;9807465330;S
20240311;100803;7539;3;9807465378;S
20240311;100804;7539.5;10;9807465701;S
20240311;100804;7539;57;9807465702;S
20240311;100804;7539;10;9807465703;S
20240311;100804;7538.5;17;9807465704;S
20240311;100804;7538;2;9807465716;S
20240311;100805;7538.5;3;9807465847;B
20240311;100806;7538.5;2;9807465987;B
20240311;100807;7538;58;9807466137;S
20240311;100807;7538;10;9807466138;S
20240311;100807;7538;32;9807466139;S
20240311;100809;7538;18;9807466455;S
20240311;100809;7538;5;9807466456;S
20240311;100809;7538;17;9807466457;S
20240311;100809;7538;10;9807466458;S
20240311;100809;7538;50;9807466459;S
20240311;100809;7537.5;50;9807466460;S
20240311;100809;7537;50;9807466461;S
20240311;100809;7538.5;1;9807466574;B
20240311;100811;7539;4;9807466998;B
20240311;100813;7537.5;10;9807467220;S
20240311;100813;7537.5;15;9807467221;S
20240311;100814;7539.5;4;9807467383;B
20240311;100814;7539.5;1;9807467389;B
20240311;100814;7537.5;1;9807467520;S
20240311;100815;7537.5;5;9807467575;S
20240311;100816;7539;5;9807467745;B
20240311;100819;7538.5;2;9807468357;B
20240311;100821;7538;50;9807468903;S
20240311;100821;7538;16;9807468904;S
20240311;100822;7538;3;9807469087;B
20240311;100823;7538;1;9807469129;B
20240311;100826;7538;10;9807469927;S
20240311;100826;7538.5;1;9807469972;B
20240311;100828;7538;10;9807470206;S
20240311;100828;7538;5;9807470208;S
20240311;100829;7538.5;5;9807470505;B
20240311;100830;7538.5;4;9807470703;B
20240311;100830;7539;3;9807470704;B
20240311;100830;7539;3;9807470705;B
20240311;100831;7538.5;2;9807471028;B
20240311;100831;7538;30;9807471065;S
20240311;100831;7538.5;8;9807471083;B
20240311;100831;7539;12;9807471084;B
20240311;100833;7538;1;9807471478;S
20240311;100833;7539;1;9807471494;B
20240311;100834;7538;93;9807471859;S
20240311;100834;7538;7;9807471860;S
20240311;100835;7538.5;1;9807472007;B
20240311;100836;7538;18;9807472186;S
20240311;100836;7538;1;9807472187;S
20240311;100836;7538;1;9807472188;S
20240311;100838;7538;49;9807472661;S
20240311;100838;7538;50;9807472662;S
20240311;100838;7538;16;9807472663;S
20240311;100838;7538;5;9807472664;S
20240311;100838;7538;1;9807472665;S
20240311;100838;7537.5;44;9807472666;S
20240311;100838;7537;60;9807472667;S
20240311;100838;7537;50;9807472668;S
20240311;100838;7537;10;9807472669;S
20240311;100838;7536.5;10;9807472670;S
20240311;100838;7536;7;9807472671;S
20240311;100838;7536;50;9807472672;S
20240311;100838;7536;3;9807472673;S
20240311;100838;7536;2;9807472674;S
20240311;100838;7536;1;9807472675;S
20240311;100838;7536;33;9807472676;S
20240311;100838;7535.5;1;9807472677;S
20240311;100838;7535.5;7;9807472678;S
20240311;100838;7535;200;9807472679;S
20240311;100838;7535;100;9807472680;S
20240311;100838;7535;2;9807472681;S
20240311;100838;7535;10;9807472682;S
20240311;100838;7535;50;9807472683;S
20240311;100838;7535;1;9807472684;S
20240311;100838;7534;5;9807472685;S
20240311;100838;7534;50;9807472686;S
20240311;100838;7533.5;60;9807472687;S
20240311;100838;7533;3;9807472688;S
20240311;100838;7532.5;1;9807472689;S
20240311;100838;7532.5;119;9807472690;S
20240311;100838;7532.5;70;9807472691;S
20240311;100838;7532;8;9807472692;S
20240311;100838;7532;3;9807472693;S
20240311;100838;7531.5;100;9807472694;S
20240311;100838;7531.5;54;9807472695;S
20240311;100838;7531.5;5;9807472696;S
20240311;100838;7531.5;40;9807472697;S
20240311;100838;7531.5;10;9807472698;S
20240311;100838;7531;500;9807472699;S
20240311;100838;7530.5;1;9807472700;S
20240311;100838;7530.5;30;9807472701;S
20240311;100838;7530;116;9807472702;S
20240311;100838;7530;1;9807472703;S
20240311;100838;7530;4;9807472704;S
20240311;100838;7530;1;9807472705;S
20240311;100838;7530;10;9807472706;S
20240311;100838;7530;300;9807472707;S
20240311;100838;7530;5;9807472708;S
20240311;100838;7530;431;9807472709;B
20240311;100838;7530;10;9807472710;B
20240311;100838;7530;16;9807472711;B
20240311;100838;7530.5;10;9807472712;S
20240311;100838;7534;50;9807472728;B
20240311;100838;7534;10;9807472729;B
20240311;100838;7533.5;50;9807472730;B
20240311;100838;7534;10;9807472731;B
20240311;100838;7533.5;50;9807472732;B
20240311;100838;7534;10;9807472733;B
20240311;100838;7532.5;4;9807472829;S
20240311;100839;7531;10;9807472975;S
20240311;100839;7530.5;10;9807472976;S
20240311;100839;7530.5;20;9807472977;S
20240311;100839;7530.5;20;9807472978;S
20240311;100839;7530.5;16;9807472979;S
20240311;100839;7529.5;24;9807472980;S
20240311;100839;7530;10;9807472995;S
20240311;100839;7530;50;9807472996;S
20240311;100839;7529.5;39;9807472997;S
20240311;100839;7529;16;9807472998;S
20240311;100839;7528.5;35;9807472999;S
20240311;100839;7532;1;9807473051;B
20240311;100840;7532;2;9807473262;B
20240311;100840;7532;7;9807473277;B
20240311;100840;7532;10;9807473278;B
20240311;100840;7532.5;28;9807473279;B
20240311;100841;7529;10;9807473466;S
20240311;100841;7529;36;9807473467;S
20240311;100843;7530;5;9807473899;S
20240311;100844;7532;10;9807474112;B
20240311;100844;7532;1;9807474113;B
20240311;100844;7532;1;9807474114;B
20240311;100844;7532.5;22;9807474115;B
20240311;100844;7532.5;60;9807474116;B
20240311;100844;7532.5;14;9807474117;B
20240311;100844;7532.5;5;9807474118;B
20240311;100844;7533;300;9807474119;B
20240311;100844;7533;10;9807474120;B
20240311;100844;7533;90;9807474121;B
20240311;100844;7533.5;20;9807474122;B
20240311;100844;7533.5;1;9807474123;B
20240311;100844;7534;300;9807474124;B
20240311;100844;7534.5;33;9807474125;B
20240311;100844;7534.5;24;9807474126;B
20240311;100844;7535;109;9807474127;B
20240311;100845;7535;1;9807474253;B
20240311;100845;7535;1;9807474262;B
20240311;100845;7535;153;9807474308;B
20240311;100845;7535;3;9807474309;B
20240311;100845;7535;5;9807474310;B
20240311;100846;7537.5;3;9807474459;B
20240311;100847;7537.5;1;9807474609;B
20240311;100847;7537.5;1;9807474649;B
20240311;100847;7537.5;1;9807474659;B
20240311;100847;7537.5;1;9807474681;B
20240311;100847;7537.5;1;9807474732;B
20240311;100850;7536.5;1;9807475277;S
20240311;100850;7537.5;2;9807475341;B
20240311;100850;7537.5;1;9807475342;B
20240311;100850;7538;1;9807475343;B
20240311;100851;7537.5;2;9807475389;B
20240311;100852;7537.5;8;9807475580;B
20240311;100852;7538;49;9807475581;B
20240311;100852;7538;10;9807475582;B
20240311;100852;7538;14;9807475583;B
20240311;100852;7538;41;9807475584;B
20240311;100853;7538;1;9807476074;S
20240311;100854;7538;1;9807476162;B
20240311;100854;7537.5;13;9807476215;S
20240311;100854;7537;21;9807476216;S
20240311;100854;7537.5;1;9807476293;B
20240311;100855;7536.5;10;9807476466;S
20240311;100855;7536.5;40;9807476467;S
20240311;100855;7536;50;9807476468;S
20240311;100855;7536;13;9807476469;S
20240311;100855;7536;1;9807476470;S
20240311;100855;7535.5;50;9807476471;S
20240311;100855;7535.5;10;9807476472;S
20240311;100855;7535;6;9807476473;S
20240311;100855;7536;30;9807476474;S
20240311;100855;7537;3;9807476506;B
20240311;100856;7535.5;1;9807476702;S
20240311;100856;7537;10;9807476850;B
20240311;100856;7537.5;19;9807476851;B
20240311;100856;7537.5;13;9807476852;B
20240311;100856;7538;8;9807476853;B
20240311;100856;7538;50;9807476854;B
20240311;100857;7536.5;1;9807476933;S
20240311;100859;7538;1;9807477243;B
20240311;100859;7538;9;9807477244;B
20240311;100859;7536.5;4;9807477364;S
20240311;100900;7536.5;1;9807477464;S
20240311;100900;7538;1;9807477581;B
20240311;100900;7536.5;35;9807477617;S
20240311;100900;7536;13;9807477618;S
20240311;100900;7536;22;9807477619;S
20240311;100903;7536;78;9807478045;S
20240311;100903;7536;3;9807478046;S
20240311;100903;7535.5;1;9807478070;S
20240311;100904;7537.5;8;9807478183;B
20240311;100904;7535.5;10;9807478286;S
20240311;100907;7536.5;5;9807478829;B
20240311;100908;7535.5;13;9807479080;S
20240311;100908;7535;20;9807479081;S
20240311;100908;7535;60;9807479082;S
20240311;100910;7536.5;10;9807479605;B
20240311;100911;7536.5;1;9807479972;B
20240311;100914;7536;1;9807480471;S
20240311;100915;7536;2;9807480562;S
20240311;100915;7536;3;9807480563;S
20240311;100915;7536.5;2;9807480698;B
20240311;100916;7536;7;9807480890;S
20240311;100920;7536;1;9807481466;B
20240311;100922;7536;2;9807481885;B
20240311;100923;7536;12;9807481984;B
20240311;100923;7536;10;9807481985;B
20240311;100923;7536;1;9807482007;B
20240311;100923;7536;1;9807482030;B
20240311;100923;7536.5;1;9807482031;B
20240311;100923;7536.5;1;9807482032;B
20240311;100923;7536.5;4;9807482033;B
20240311;100923;7536.5;7;9807482034;B
20240311;100924;7536;1;9807482057;S
20240311;100924;7535.5;3;9807482058;S
20240311;100924;7535.5;2;9807482137;S
20240311;100924;7535;15;9807482138;S
20240311;100924;7535;10;9807482140;S
20240311;100927;7535.5;1;9807482419;S
20240311;100927;7535.5;1;9807482425;S
20240311;100927;7536;1;9807482454;B
20240311;100927;7535.5;1;9807482507;S
20240311;100928;7535.5;1;9807482534;S
20240311;100929;7535.5;1;9807482890;S
20240311;100929;7535;16;9807482891;S
20240311;100931;7536;1;9807483086;B
20240311;100931;7536;12;9807483097;B
20240311;100935;7536;1;9807483925;S
20240311;100935;7536;3;9807484002;S
20240311;100940;7536.5;1;9807484599;B
20240311;100941;7536.5;12;9807484779;B
20240311;100941;7536;5;9807484781;S
20240311;100944;7536;6;9807485150;S
20240311;100944;7536;1;9807485259;S
20240311;100946;7536;4;9807485547;S
20240311;100947;7536;51;9807485590;S
20240311;100948;7536.5;4;9807485768;B
20240311;100948;7536;2;9807485832;S
20240311;100950;7536.5;20;9807486184;B
20240311;100952;7536;3;9807486497;S
20240311;100952;7536.5;2;9807486537;B
20240311;100953;7536;1;9807486597;S
20240311;100955;7536;4;9807486871;S
20240311;100955;7536;7;9807486897;S
20240311;100955;7536;3;9807486898;S
20240311;100959;7536;1;9807487421;S
20240311;101000;7536;1;9807487771;S
20240311;101000;7536;1;9807487772;S
20240311;101000;7536;3;9807487773;S
20240311;101000;7536;10;9807487777;S
20240311;101000;7536.5;2;9807487788;B
20240311;101000;7536;1;9807487805;S
20240311;101001;7536.5;2;9807487876;B
20240311;101002;7536.5;50;9807488023;B
20240311;101002;7536.5;2;9807488024;B
20240311;101002;7536.5;8;9807488025;B
20240311;101002;7536.5;21;9807488026;B
20240311;101002;7536.5;2;9807488027;B
20240311;101002;7538;1;9807488080;B
20240311;101002;7538;4;9807488081;B
20240311;101002;7538;6;9807488082;B
20240311;101004;7538.5;1;9807488652;B
20240311;101004;7539;1;9807488676;B
20240311;101004;7539;1;9807488698;B
20240311;101004;7538;10;9807488703;S
20240311;101004;7537.5;13;9807488704;S
20240311;101004;7537.5;17;9807488705;S
20240311;101004;7539;1;9807488720;B
20240311;101005;7539;1;9807488738;B
20240311;101005;7538;10;9807488758;S
20240311;101005;7538;9;9807488759;S
20240311;101005;7538;1;9807488760;S
20240311;101005;7537.5;15;9807488761;S
20240311;101005;7538;1;9807488848;S
20240311;101005;7539;1;9807488854;B
20240311;101005;7539;1;9807488869;B
20240311;101005;7539;1;9807488898;B
20240311;101005;7539;1;9807488913;B
20240311;101006;7538;9;9807489028;S
20240311;101006;7538;40;9807489029;S
20240311;101006;7538;10;9807489030;S
20240311;101006;7538;1;9807489031;S
20240311;101006;7537.5;30;9807489032;S
20240311;101007;7539;1;9807489186;B
20240311;101007;7539;1;9807489223;B
20240311;101007;7539;1;9807489236;B
20240311;101007;7539;1;9807489250;B
20240311;101007;7539;1;9807489266;B
20240311;101008;7538.5;1;9807489377;S
20240311;101008;7538;13;9807489378;S
20240311;101010;7539;5;9807489679;B
20240311;101010;7539;1;9807489717;B
20240311;101010;7539;1;9807489739;B
20240311;101010;7539;1;9807489787;B
20240311;101014;7539;1;9807490358;B
20240311;101021;7538;2;9807491860;S
20240311;101022;7538;25;9807491936;S
20240311;101022;7538;12;9807491937;S
20240311;101022;7538;4;9807491938;S
20240311;101022;7538;5;9807491939;S
20240311;101022;7538;4;9807491940;S
20240311;101022;7539;4;9807492121;B
20240311;101023;7538;1;9807492218;S
20240311;101023;7538;10;9807492219;S
20240311;101023;7537.5;20;9807492220;S
20240311;101023;7537.5;10;9807492221;S
20240311;101023;7537.5;5;9807492222;S
20240311;101023;7537.5;1;9807492223;S
20240311;101023;7537;12;9807492224;S
20240311;101023;7537;21;9807492225;S
20240311;101023;7538.5;3;9807492247;B
20240311;101030;7538;4;9807493961;S
20240311;101030;7538;5;9807493969;S
20240311;101031;7538.5;4;9807494164;B
20240311;101032;7538.5;2;9807494232;B
20240311;101033;7538.5;1;9807494431;B
20240311;101038;7538;7;9807495320;S
20240311;101038;7538;1;9807495321;S
20240311;101038;7537.5;12;9807495322;S
20240311;101038;7537;10;9807495323;S
20240311;101038;7537;5;9807495324;S
20240311;101042;7537.5;20;9807496071;S
20240311;101044;7537.5;1;9807496540;S
20240311;101045;7537.5;5;9807496696;S
20240311;101046;7538.5;1;9807496833;B
20240311;101046;7538.5;2;9807496842;B
20240311;101046;7538.5;3;9807496843;B
20240311;101047;7538;1;9807497220;S
20240311;101048;7538;1;9807497305;S
20240311;101049;7538.5;5;9807497584;B
20240311;101049;7538.5;2;9807497586;B
20240311;101049;7538.5;1;9807497587;B
20240311;101049;7539;46;9807497588;B
20240311;101049;7539;1;9807497589;B
20240311;101049;7539;1;9807497590;B
20240311;101049;7539;25;9807497591;B
20240311;101049;7539;3;9807497592;B
20240311;101049;7539;12;9807497593;B
20240311;101049;7539;1;9807497594;B
20240311;101049;7539;8;9807497595;B
20240311;101052;7539;1;9807498147;B
20240311;101053;7539;1;9807498204;B
20240311;101054;7539;5;9807498494;B
20240311;101054;7539;45;9807498495;B
20240311;101058;7538.5;5;9807499156;S
20240311;101058;7539;1;9807499297;B
20240311;101100;7538.5;1;9807500196;S
20240311;101100;7539;3;9807500226;B
20240311;101100;7538.5;4;9807500231;S
20240311;101100;7539;3;9807500240;B
20240311;101100;7538.5;1;9807500263;S
20240311;101100;7538.5;3;9807500264;S
20240311;101100;7538.5;1;9807500265;S
20240311;101100;7538.5;1;9807500266;S
20240311;101100;7538.5;1;9807500267;S
20240311;101100;7538.5;12;9807500268;S
20240311;101100;7538;2;9807500269;S
20240311;101100;7538;3;9807500270;S
20240311;101100;7537.5;6;9807500271;S
20240311;101100;7537.5;3;9807500272;S
20240311;101100;7537.5;6;9807500273;S
20240311;101100;7537.5;5;9807500275;S
20240311;101100;7537.5;1;9807500276;S
20240311;101100;7537.5;1;9807500279;S
20240311;101100;7539;2;9807500347;B
20240311;101102;7538.5;1;9807500928;S
20240311;101105;7539;1;9807501688;B
20240311;101105;7539;10;9807501689;B
20240311;101105;7539;1;9807501690;B
20240311;101105;7538.5;3;9807501835;S
20240311;101105;7538.5;3;9807501836;S
20240311;101105;7537.5;9;9807501837;S
20240311;101105;7537.5;5;9807501838;S
20240311;101108;7538.5;1;9807502525;B
20240311;101109;7538.5;5;9807502789;S
20240311;101109;7537.5;4;9807502790;S
20240311;101114;7538.5;27;9807503784;S
20240311;101116;7538.5;20;9807503955;S
20240311;101124;7539;2;9807505460;B
20240311;101125;7538.5;20;9807505596;S
20240311;101125;7538;2;9807505597;S
20240311;101125;7538;1;9807505598;S
20240311;101125;7537.5;12;9807505599;S
20240311;101125;7537.5;10;9807505600;S
20240311;101125;7537;10;9807505601;S
20240311;101125;7537;2;9807505602;S
20240311;101125;7537;27;9807505603;S
20240311;101125;7537;29;9807505604;S
20240311;101136;7537.5;3;9807507429;S
20240311;101137;7538.5;1;9807507599;B
20240311;101142;7537.5;1;9807508289;S
20240311;101142;7537.5;1;9807508305;S
20240311;101149;7537.5;1;9807509499;S
20240311;101150;7538;12;9807509671;B
20240311;101150;7538.5;10;9807509672;B
20240311;101150;7538.5;1;9807509673;B
20240311;101150;7538.5;7;9807509674;B
20240311;101153;7539;3;9807510107;B
20240311;101153;7539;19;9807510125;B
20240311;101153;7539;23;9807510126;B
20240311;101153;7539;7;9807510127;B
20240311;101153;7539;1;9807510128;B
20240311;101154;7539;15;9807510282;B
20240311;101156;7538.5;1;9807510486;S
20240311;101159;7538.5;6;9807510972;B
20240311;101159;7538.5;11;9807510973;B
20240311;101159;7539;3;9807510974;B
20240311;101200;7538;3;9807511200;S
20240311;101202;7538.5;20;9807511509;S
20240311;101202;7539;4;9807511598;B
20240311;101203;7539;2;9807511689;B
20240311;101207;7538.5;3;9807512260;S
20240311;101211;7539;3;9807512905;B
20240311;101213;7539;10;9807513174;B
20240311;101214;7538.5;10;9807513342;S
20240311;101214;7538.5;10;9807513343;S
20240311;101214;7538.5;30;9807513344;S
20240311;101214;7538.5;1;9807513348;S
20240311;101214;7538.5;1;9807513369;S
20240311;101215;7539;2;9807513526;B
20240311;101215;7539;1;9807513593;B
20240311;101218;7538.5;1;9807514533;S
20240311;101221;7539;6;9807514941;B
20240311;101221;7539;1;9807514942;B
20240311;101221;7539;3;9807514943;B
20240311;101221;7539;7;9807514944;B
20240311;101221;7539;2;9807514945;B
20240311;101221;7539;1;9807514946;B
20240311;101222;7538.5;1;9807515150;S
20240311;101222;7538.5;2;9807515172;S
20240311;101224;7539;19;9807515484;B
20240311;101224;7539;1;9807515485;B
20240311;101224;7539.5;1;9807515486;B
20240311;101224;7539.5;3;9807515487;B
20240311;101224;7539.5;1;9807515488;B
20240311;101224;7539.5;10;9807515489;B
20240311;101224;7539.5;10;9807515490;B
20240311;101225;7540;1;9807515671;B
20240311;101225;7540;1;9807515672;B
20240311;101225;7540;198;9807515673;B
20240311;101225;7540;1;9807515730;B
20240311;101232;7540;1;9807516743;B
20240311;101234;7539.5;15;9807517057;S
20240311;101235;7539.5;1;9807517241;S
20240311;101238;7539.5;5;9807517561;S
20240311;101239;7540;15;9807517730;B
20240311;101239;7540;1;9807517731;B
20240311;101244;7539.5;2;9807518465;S
20240311;101244;7539.5;2;9807518474;S
20240311;101244;7539.5;1;9807518484;S
20240311;101245;7540;2;9807518654;B
20240311;101247;7540;2;9807518955;B
20240311;101247;7539.5;32;9807519024;S
20240311;101251;7539.5;1;9807519563;S
20240311;101254;7540;4;9807520185;B
20240311;101255;7539.5;5;9807520269;S
20240311;101303;7540;30;9807521825;B
20240311;101305;7539.5;2;9807522209;S
20240311;101306;7540;2;9807522390;B
20240311;101308;7539.5;3;9807522724;S
20240311;101310;7540;2;9807523181;B
20240311;101311;7540;10;9807523496;B
20240311;101313;7540;9;9807523648;B
20240311;101313;7540;3;9807523794;B
20240311;101313;7539.5;12;9807523813;S
20240311;101313;7539.5;2;9807523814;S
20240311;101313;7540;3;9807523831;B
20240311;101314;7540;150;9807523926;B
20240311;101314;7540;10;9807524057;B
20240311;101314;7540;1;9807524144;B
20240311;101318;7540;10;9807524887;B
20240311;101318;7540;46;9807524889;B
20240311;101318;7540;5;9807524890;B
20240311;101318;7540;1;9807524891;B
20240311;101318;7540;1;9807524892;B
20240311;101318;7540;1;9807524893;B
20240311;101318;7540;100;9807524894;B
20240311;101318;7540;10;9807524895;B
20240311;101318;7540;4;9807524896;B
20240311;101318;7540;50;9807524897;B
20240311;101318;7540;9;9807524898;B
20240311;101318;7540;1;9807524899;B
20240311;101318;7540;1;9807524900;B
20240311;101318;7540;5;9807524901;B
20240311;101318;7540;2;9807524902;B
20240311;101318;7540;3;9807524903;B
20240311;101318;7540;1;9807524904;B
20240311;101318;7540;1;9807524905;B
20240311;101318;7540;3;9807524906;B
20240311;101318;7540;1;9807524907;B
20240311;101318;7540;1;9807524908;B
20240311;101318;7540;1;9807524909;B
20240311;101318;7540.5;11;9807524910;B
