<DATE>;<TIME>;<LAST>;<VOL>;<ID>;<OPER>
20240408;095947;7700;2;10058901292;S
20240408;095947;7700;1;10058901293;S
20240408;095947;7700;4;10058901294;S
20240408;095947;7700;1;10058901295;S
20240408;095947;7700;2;10058901296;S
20240408;095947;7700;3;10058901297;S
20240408;095947;7700;9;10058901298;S
20240408;095947;7700;1;10058901299;S
20240408;095947;7700;1;10058901300;S
20240408;095947;7700;2;10058901301;S
20240408;095947;7700;1;10058901302;S
20240408;095947;7700;2;10058901303;S
20240408;095947;7700;3;10058901304;S
20240408;095947;7700;1;10058901305;S
20240408;095947;7700;12;10058901306;B
20240408;095947;7700;5;10058901307;B
20240408;095947;7700;30;10058901308;B
20240408;095947;7700;2;10058901309;B
20240408;095947;7700;7;10058901310;B
20240408;095947;7700;10;10058901311;B
20240408;095947;7700;1;10058901312;B
20240408;095947;7700;1;10058901313;B
20240408;095947;7700;1;10058901314;B
20240408;095947;7700;2;10058901315;B
20240408;095947;7700;4;10058901316;B
20240408;095947;7700;1;10058901317;B
20240408;095947;7700;10;10058901318;B
20240408;095947;7700;1;10058901319;B
20240408;095947;7700;5;10058901320;B
20240408;095947;7700;14;10058901321;B
20240408;095947;7700;2;10058901322;B
20240408;095947;7700;1;10058901323;B
20240408;095947;7700;1;10058901324;B
20240408;095947;7700;4;10058901325;B
20240408;095947;7700;7;10058901326;B
20240408;095947;7700;10;10058901327;B
20240408;095947;7700;7;10058901328;B
20240408;095947;7700;17;10058901329;B
20240408;095947;7700;1;10058901330;B
20240408;095947;7700;1;10058901331;B
20240408;095947;7700;2;10058901332;B
20240408;095947;7700;1;10058901333;B
20240408;095947;7700;57;10058901334;B
20240408;095947;7700;30;10058901335;B
20240408;095947;7700;54;10058901336;B
20240408;095947;7700;1;10058901337;B
20240408;095947;7700;1;10058901338;B
20240408;095947;7700;1;10058901339;B
20240408;095947;7700;108;10058901340;B
20240408;095947;7700;19;10058901341;B
20240408;095947;7700;1;10058901342;B
20240408;095947;7700;21;10058901343;B
20240408;095947;7700;3;10058901344;B
20240408;095947;7700;1;10058901345;S
20240408;095947;7700;1;10058901346;B
20240408;095947;7700;5;10058901347;B
20240408;095947;7700;1;10058901348;B
20240408;095947;7700;10;10058901349;B
20240408;095947;7700;20;10058901350;S
20240408;095947;7700;3;10058901351;S
20240408;095947;7700;9;10058901352;S
20240408;095947;7700;7;10058901353;S
20240408;095947;7700;1;10058901354;S
20240408;095947;7700;2;10058901355;S
20240408;095947;7700;2;10058901356;S
20240408;095947;7700;3;10058901357;S
20240408;095947;7700;10;10058901358;B
20240408;095947;7700;3;10058901359;S
20240408;095947;7700;4;10058901360;S
20240408;095947;7700;5;10058901361;S
20240408;095947;7700;2;10058901362;S
20240408;095947;7700;2;10058901363;S
20240408;095947;7700;2;10058901364;S
20240408;095947;7700;27;10058901365;S
20240408;095947;7700;1;10058901366;S
20240408;095947;7700;2;10058901367;S
20240408;095947;7700;1;10058901368;S
20240408;095947;7700;10;10058901369;S
20240408;095947;7700;5;10058901370;S
20240408;095947;7700;1;10058901371;S
20240408;095947;7700;2;10058901372;S
20240408;095947;7700;1;10058901373;B
20240408;095947;7700;1;10058901374;S
20240408;095947;7700;1;10058901375;S
20240408;095947;7700;10;10058901376;S
20240408;095947;7700;1;10058901377;S
20240408;095947;7700;35;10058901378;S
20240408;095947;7700;1;10058901379;B
20240408;095947;7700;3;10058901380;B
20240408;095947;7700;1;10058901381;B
20240408;095947;7700;21;10058901382;S
20240408;095947;7700;1;10058901383;S
20240408;095947;7700;1;10058901384;S
20240408;095947;7700;1;10058901385;S
20240408;095947;7700;3;10058901386;B
20240408;095947;7700;1;10058901387;B
20240408;095947;7700;1;10058901388;B
20240408;095947;7700;2;10058901389;B
20240408;095947;7700;1;10058901390;B
20240408;095947;7700;1;10058901391;S
20240408;095947;7700;1;10058901392;S
20240408;095947;7700;1;10058901393;S
20240408;095947;7700;1;10058901394;S
20240408;095947;7700;4;10058901395;B
20240408;095947;7700;1;10058901396;B
20240408;095947;7700;5;10058901397;B
20240408;095947;7700;20;10058901398;S
20240408;095947;7700;12;10058901399;S
20240408;095947;7700;1;10058901400;B
20240408;095947;7700;1;10058901401;B
20240408;095947;7700;1;10058901402;B
20240408;095947;7700;1;10058901403;B
20240408;095947;7700;3;10058901404;B
20240408;095947;7700;20;10058901405;S
20240408;095947;7700;25;10058901406;S
20240408;095947;7700;20;10058901407;B
20240408;095947;7700;8;10058901408;S
20240408;095947;7700;8;10058901409;B
20240408;095947;7700;5;10058901410;B
20240408;095947;7700;7;10058901411;B
20240408;095947;7700;1;10058901412;B
20240408;095947;7700;52;10058901413;S
20240408;095947;7700;2;10058901414;B
20240408;095947;7700;10;10058901415;S
20240408;095947;7700;2;10058901416;S
20240408;095947;7700;150;10058901417;S
20240408;095947;7700;500;10058901418;S
20240408;095947;7700;15;10058901419;S
20240408;095947;7700;5;10058901420;S
20240408;095947;7700;588;10058901421;S
20240408;095947;7700;20;10058901422;B
20240408;095947;7700;1;10058901423;S
20240408;095947;7700;20;10058901424;B
20240408;095947;7700;2;10058901425;B
20240408;095947;7700;44;10058901426;B
20240408;095947;7700;3;10058901427;B
20240408;095947;7700;1;10058901428;S
20240408;095947;7700;1;10058901429;S
20240408;095947;7700;77;10058901430;B
20240408;095947;7700;3;10058901431;B
20240408;095947;7700;1;10058901432;B
20240408;095947;7700;2;10058901433;B
20240408;095947;7700;20;10058901434;B
20240408;095947;7700;500;10058901435;S
20240408;095947;7700;43;10058901436;B
20240408;095947;7700;44;10058901437;B
20240408;095947;7700;20;10058901438;B
20240408;095947;7700;30;10058901439;B
20240408;095947;7700;44;10058901440;B
20240408;095947;7700;1;10058901441;B
20240408;095947;7700;1;10058901442;B
20240408;095947;7700;1;10058901443;B
20240408;095947;7700;1;10058901444;B
20240408;095947;7700;3;10058901445;S
20240408;095947;7700;10;10058901446;S
20240408;095947;7700;5000;10058901447;S
20240408;095947;7700;10;10058901448;S
20240408;095947;7700;1;10058901449;B
20240408;095947;7700;10;10058901450;S
20240408;095947;7700;67;10058901451;S
20240408;095947;7700;3;10058901452;B
20240408;095947;7700;1;10058901453;B
20240408;095947;7700;5;10058901454;B
20240408;095947;7700;24;10058901455;B
20240408;095947;7700;1;10058901456;B
20240408;095947;7700;15;10058901457;B
20240408;095947;7700;1;10058901458;B
20240408;095947;7700;1;10058901459;B
20240408;095947;7700;2;10058901460;S
20240408;095947;7700;25;10058901461;S
20240408;095947;7700;7;10058901462;S
20240408;095947;7700;20;10058901463;S
20240408;095947;7700;20;10058901464;S
20240408;095947;7700;10;10058901465;S
20240408;095947;7700;2;10058901466;S
20240408;095947;7700;10;10058901467;S
20240408;100000;7700;10;10058906865;S
20240408;100000;7700;10;10058907231;S
20240408;100000;7700.5;1;10058907256;B
20240408;100000;7700.5;1;10058907257;B
20240408;100000;7701;1;10058907258;B
20240408;100000;7704;1;10058907259;B
20240408;100000;7703.5;1;10058907436;B
20240408;100000;7702.5;1;10058907689;B
20240408;100001;7700;10;10058908307;S
20240408;100001;7700.5;29;10058908361;B
20240408;100001;7700.5;40;10058908362;B
20240408;100001;7700.5;16;10058908763;S
20240408;100002;7700;7;10058909340;S
20240408;100002;7700.5;1;10058909451;B
20240408;100002;7700;247;10058909458;S
20240408;100002;7700;67;10058909459;S
20240408;100002;7700;5;10058909460;S
20240408;100002;7700;1;10058909461;S
20240408;100002;7700;29;10058909462;S
20240408;100002;7700;6;10058909463;S
20240408;100002;7697;118;10058909471;S
20240408;100002;7697;1;10058909472;S
20240408;100002;7696.5;25;10058909473;S
20240408;100002;7696;100;10058909474;S
20240408;100002;7696;1;10058909475;S
20240408;100002;7696;16;10058909476;S
20240408;100002;7695.5;1;10058909477;S
20240408;100002;7695.5;1;10058909478;S
20240408;100002;7695.5;1;10058909479;S
20240408;100002;7695.5;1;10058909480;S
20240408;100002;7695.5;1;10058909481;S
20240408;100002;7695;2;10058909482;S
20240408;100002;7694;10;10058909486;B
20240408;100002;7692;52;10058909498;S
20240408;100002;7688.5;2;10058910081;S
20240408;100002;7688.5;1;10058910082;S
20240408;100002;7688.5;8;10058910083;S
20240408;100002;7692;4;10058910097;B
20240408;100002;7692.5;18;10058910098;B
20240408;100002;7688.5;1;10058910109;S
20240408;100002;7690.5;1;10058910235;B
20240408;100002;7690;1;10058910503;B
20240408;100002;7688.5;1;10058910520;S
20240408;100002;7688;9;10058910521;S
20240408;100003;7688;21;10058910975;S
20240408;100003;7688;1;10058910976;S
20240408;100003;7687.5;3;10058910977;S
20240408;100003;7690;1;10058911713;B
20240408;100003;7686.5;10;10058911765;S
20240408;100004;7690.5;15;10058912057;B
20240408;100005;7691;1;10058913017;B
20240408;100005;7687.5;41;10058913277;S
20240408;100005;7687.5;29;10058913278;S
20240408;100005;7687;40;10058913279;S
20240408;100005;7687;40;10058913280;S
20240408;100005;7686.5;40;10058913281;S
20240408;100005;7686;40;10058913282;S
20240408;100005;7684;70;10058913283;S
20240408;100005;7689;1;10058913350;B
20240408;100005;7688.5;1;10058913355;B
20240408;100005;7688.5;1;10058913359;B
20240408;100005;7683;1;10058913615;S
20240408;100005;7689;1;10058913617;B
20240408;100005;7689;1;10058913621;B
20240408;100005;7688.5;2;10058913761;B
20240408;100006;7684.5;1;10058915464;S
20240408;100006;7685.5;1;10058915474;S
20240408;100006;7686;1;10058915487;S
20240408;100006;7687;10;10058915490;B
20240408;100006;7687;2;10058915498;B
20240408;100006;7686;4;10058915499;S
20240408;100006;7687;3;10058915504;B
20240408;100006;7687;1;10058915507;B
20240408;100006;7687;3;10058915509;B
20240408;100006;7687.5;2;10058915734;B
20240408;100006;7683.5;2;10058915782;S
20240408;100006;7687;1;10058915797;B
20240408;100006;7687;6;10058915814;B
20240408;100006;7687;1;10058915819;B
20240408;100006;7687;1;10058915837;B
20240408;100006;7687;1;10058915839;B
20240408;100006;7682.5;6;10058916170;S
20240408;100006;7684.5;6;10058916173;S
20240408;100006;7686;1;10058917132;B
20240408;100007;7683.5;2;10058917993;S
20240408;100007;7686;10;10058917998;B
20240408;100007;7686.5;1;10058917999;B
20240408;100008;7686;13;10058919549;S
20240408;100008;7686.5;2;10058919612;B
20240408;100008;7686;1;10058919614;S
20240408;100008;7686.5;1;10058919830;B
20240408;100008;7686.5;1;10058919845;B
20240408;100008;7686;1;10058919858;S
20240408;100008;7686;2;10058919871;S
20240408;100008;7686.5;2;10058919959;B
20240408;100008;7686;12;10058920192;S
20240408;100008;7685.5;2;10058920193;S
20240408;100008;7683.5;35;10058920194;S
20240408;100008;7686.5;1;10058920414;B
20240408;100009;7684;10;10058920972;B
20240408;100009;7684;1;10058920973;B
20240408;100009;7682;1;10058921037;S
20240408;100009;7685.5;5;10058921179;B
20240408;100009;7681;1;10058921646;S
20240408;100009;7685;1;10058921994;B
20240408;100009;7685;2;10058922003;B
20240408;100009;7681;3;10058922016;S
20240408;100009;7684.5;1;10058922028;B
20240408;100009;7684;1;10058922050;B
20240408;100009;7683.5;1;10058922128;B
20240408;100009;7683.5;1;10058922134;B
20240408;100009;7682;1;10058922142;S
20240408;100010;7681;1;10058922928;S
20240408;100010;7684.5;10;10058922955;B
20240408;100010;7684.5;22;10058922956;B
20240408;100010;7683;1;10058922970;B
20240408;100010;7681;3;10058922973;S
20240408;100010;7683.5;1;10058922988;B
20240408;100010;7683.5;1;10058922999;B
20240408;100010;7683.5;1;10058923126;B
20240408;100010;7683.5;1;10058923193;B
20240408;100010;7683.5;1;10058923200;B
20240408;100010;7683.5;20;10058923202;B
20240408;100010;7687;6;10058923203;B
20240408;100010;7685.5;22;10058923396;B
20240408;100010;7681;4;10058923637;S
20240408;100010;7685;1;10058923645;B
20240408;100010;7685.5;2;10058923650;B
20240408;100010;7685.5;1;10058923679;B
20240408;100010;7685.5;4;10058923683;B
20240408;100010;7685.5;1;10058923719;B
20240408;100010;7685.5;9;10058923720;B
20240408;100010;7685.5;6;10058923767;B
20240408;100010;7684;3;10058924337;B
20240408;100010;7684.5;1;10058924644;B
20240408;100010;7686;5;10058924645;B
20240408;100010;7686.5;6;10058924649;B
20240408;100010;7686.5;3;10058924650;B
20240408;100011;7685;1;10058925000;B
20240408;100011;7685;5;10058925379;B
20240408;100011;7681;2;10058925982;S
20240408;100011;7684;2;10058926229;B
20240408;100011;7684;1;10058926411;B
20240408;100011;7681;1;10058926616;S
20240408;100012;7684;2;10058926780;B
20240408;100012;7684;1;10058926802;B
20240408;100012;7681;1;10058926832;S
20240408;100012;7684.5;1;10058927196;B
20240408;100012;7684.5;1;10058927201;B
20240408;100012;7684.5;1;10058927204;B
20240408;100012;7684.5;1;10058927226;B
20240408;100012;7681;1;10058927393;S
20240408;100012;7681;39;10058927967;S
20240408;100012;7681;10;10058927968;S
20240408;100012;7681;29;10058927969;S
20240408;100012;7680.5;65;10058927970;S
20240408;100012;7681;4;10058928257;S
20240408;100012;7681;1;10058928601;S
20240408;100012;7684;1;10058928610;B
20240408;100013;7681;2;10058928766;S
20240408;100013;7684;4;10058928799;B
20240408;100013;7684;1;10058929032;B
20240408;100013;7684;1;10058929135;B
20240408;100013;7684;2;10058929137;B
20240408;100013;7684;1;10058929139;B
20240408;100013;7684.5;1;10058929140;B
20240408;100013;7684;7;10058929141;B
20240408;100013;7684;2;10058929143;B
20240408;100013;7684;1;10058929144;B
20240408;100013;7684.5;28;10058929145;B
20240408;100013;7684.5;1;10058929146;B
20240408;100013;7684.5;5;10058929147;B
20240408;100013;7685;25;10058929148;B
20240408;100013;7684.5;9;10058929149;B
20240408;100013;7684.5;10;10058929150;B
20240408;100013;7684.5;1;10058929151;B
20240408;100013;7684;7;10058929156;B
20240408;100013;7684;1;10058929161;B
20240408;100013;7684.5;2;10058929162;B
20240408;100013;7684.5;1;10058929163;B
20240408;100013;7684.5;12;10058929164;B
20240408;100014;7684;16;10058929624;B
20240408;100014;7684;1;10058929626;B
20240408;100014;7684.5;3;10058929627;B
20240408;100014;7684.5;21;10058929628;B
20240408;100014;7684.5;10;10058929629;B
20240408;100014;7685;14;10058929630;B
20240408;100015;7684.5;33;10058929952;B
20240408;100015;7685;27;10058929953;B
20240408;100016;7684.5;2;10058930071;B
20240408;100016;7684.5;20;10058930226;B
20240408;100016;7684.5;5;10058930293;B
20240408;100016;7684.5;10;10058930320;B
20240408;100017;7684.5;10;10058931115;B
20240408;100019;7684;10;10058931495;S
20240408;100019;7682.5;10;10058931503;S
20240408;100019;7684;25;10058931640;B
20240408;100021;7684;33;10058932239;B
20240408;100021;7684;29;10058932240;B
20240408;100021;7685;34;10058932241;B
20240408;100021;7685.5;4;10058932242;B
20240408;100021;7682.5;6;10058932388;S
20240408;100021;7686;33;10058932407;B
20240408;100021;7686;40;10058932408;B
20240408;100021;7686;10;10058932409;B
20240408;100021;7686.5;15;10058932410;B
20240408;100022;7685.5;1;10058932708;S
20240408;100023;7687.5;20;10058932829;B
20240408;100023;7685.5;9;10058932837;S
20240408;100023;7685.5;10;10058932838;S
20240408;100023;7685;131;10058932839;S
20240408;100023;7682.5;10;10058932840;S
20240408;100023;7682.5;17;10058932841;S
20240408;100023;7682;10;10058932842;S
20240408;100023;7681.5;40;10058932843;S
20240408;100023;7681.5;29;10058932844;S
20240408;100023;7681;40;10058932845;S
20240408;100023;7680.5;32;10058932846;S
20240408;100023;7680.5;5;10058932847;S
20240408;100023;7680.5;40;10058932848;S
20240408;100023;7680;10;10058932849;S
20240408;100023;7680;220;10058932850;S
20240408;100023;7680;1;10058932851;S
20240408;100023;7680;10;10058932852;S
20240408;100023;7680;4;10058932853;S
20240408;100023;7680;1;10058932854;S
20240408;100023;7680;56;10058932855;S
20240408;100023;7680;20;10058932856;S
20240408;100023;7680;2;10058932857;S
20240408;100023;7679.5;1;10058932858;S
20240408;100023;7679.5;10;10058932859;S
20240408;100023;7675.5;1;10058932860;S
20240408;100023;7675.5;4;10058932861;S
20240408;100023;7674.5;5;10058932862;S
20240408;100023;7674.5;1;10058932863;S
20240408;100023;7674;1;10058932864;S
20240408;100023;7673;10;10058932865;S
20240408;100023;7673;2;10058932866;S
20240408;100023;7672.5;10;10058932867;S
20240408;100023;7672;100;10058932868;S
20240408;100023;7670.5;120;10058932869;S
20240408;100023;7670;1;10058932870;S
20240408;100023;7670;6;10058932871;S
20240408;100023;7670;5;10058932872;S
20240408;100023;7670;5;10058932873;S
20240408;100023;7670;1;10058932874;S
20240408;100023;7670;5;10058932875;S
20240408;100023;7670;1;10058932876;S
20240408;100023;7670;1;10058932877;S
20240408;100023;7670;2;10058932878;S
20240408;100023;7670;1;10058932879;S
20240408;100023;7670;10;10058932880;S
20240408;100023;7679.5;1;10058932894;B
20240408;100023;7670.5;2;10058932986;S
20240408;100023;7679.5;1;10058933055;B
20240408;100024;7679.5;11;10058933156;B
20240408;100025;7679.5;10;10058933624;B
20240408;100025;7680;2;10058933625;B
20240408;100026;7682;9;10058934523;B
20240408;100026;7682;1;10058934542;B
20240408;100026;7682;1;10058934629;B
20240408;100026;7682.5;1;10058934684;B
20240408;100026;7682.5;5;10058934693;B
20240408;100026;7677.5;10;10058934817;S
20240408;100026;7677.5;5;10058934818;S
20240408;100026;7677.5;5;10058934827;S
20240408;100026;7677.5;10;10058934828;S
20240408;100026;7677;2;10058934829;S
20240408;100027;7681;1;10058934980;B
20240408;100027;7681;6;10058935006;B
20240408;100027;7681;1;10058935039;B
20240408;100027;7680.5;10;10058935102;S
20240408;100028;7683.5;1;10058935242;B
20240408;100028;7684.5;40;10058935278;B
20240408;100028;7686;40;10058935279;B
20240408;100028;7686;10;10058935280;B
20240408;100028;7686;29;10058935281;B
20240408;100028;7686.5;40;10058935282;B
20240408;100028;7687;40;10058935283;B
20240408;100028;7687.5;17;10058935284;B
20240408;100028;7688.5;1;10058935285;B
20240408;100028;7689.5;10;10058935286;S
20240408;100028;7689;251;10058935287;S
20240408;100028;7689;10;10058935288;S
20240408;100028;7689;132;10058935289;S
20240408;100028;7689.5;10;10058935290;S
20240408;100028;7687.5;17;10058935293;B
20240408;100028;7689;40;10058935294;B
20240408;100028;7689;39;10058935295;S
20240408;100028;7689;40;10058935296;B
20240408;100028;7689;40;10058935297;S
20240408;100028;7689;37;10058935298;S
20240408;100029;7685;2;10058935507;B
20240408;100029;7684;8;10058935544;S
20240408;100029;7684;10;10058935654;S
20240408;100029;7685;1;10058935696;B
20240408;100030;7684;2;10058936232;B
20240408;100031;7673.5;40;10058936318;S
20240408;100031;7673.5;10;10058936319;S
20240408;100031;7673.5;29;10058936320;S
20240408;100031;7673.5;10;10058936321;S
20240408;100031;7673;2;10058936322;S
20240408;100031;7673;9;10058936323;S
20240408;100031;7680;10;10058936328;B
20240408;100031;7680.5;30;10058936329;B
20240408;100031;7670.5;10;10058936540;S
20240408;100031;7670.5;18;10058936541;S
20240408;100032;7679;1;10058936690;B
20240408;100032;7670.5;22;10058936747;S
20240408;100032;7670.5;10;10058936748;S
20240408;100032;7670.5;29;10058936749;S
20240408;100032;7670.5;10;10058936750;S
20240408;100032;7670;5;10058936751;S
20240408;100032;7670;11;10058936752;S
20240408;100032;7670;13;10058936753;S
20240408;100032;7670.5;29;10058936864;S
20240408;100032;7670.5;10;10058936865;S
20240408;100032;7670.5;11;10058936866;S
20240408;100033;7670.5;29;10058937007;S
20240408;100033;7670.5;10;10058937008;S
20240408;100033;7670.5;29;10058937009;S
20240408;100033;7670.5;10;10058937010;S
20240408;100033;7670;7;10058937011;S
20240408;100033;7670;50;10058937012;S
20240408;100033;7670;3;10058937013;S
20240408;100033;7670;40;10058937014;S
20240408;100033;7669.5;1;10058937015;S
20240408;100033;7669.5;40;10058937016;S
20240408;100033;7668;1;10058937017;S
20240408;100033;7668;2;10058937018;S
20240408;100033;7668;10;10058937019;S
20240408;100033;7668;1;10058937020;S
20240408;100033;7667.5;2;10058937021;S
20240408;100033;7667.5;10;10058937022;S
20240408;100033;7667.5;17;10058937023;S
20240408;100033;7667;1;10058937024;S
20240408;100033;7667;4;10058937025;S
20240408;100033;7667;4;10058937026;S
20240408;100033;7666;9;10058937027;S
20240408;100033;7666;2;10058937028;S
20240408;100033;7666;3;10058937029;S
20240408;100033;7666;28;10058937030;S
20240408;100033;7666;10;10058937031;S
20240408;100033;7666;12;10058937032;S
20240408;100033;7665.5;100;10058937033;S
20240408;100033;7665;100;10058937034;S
20240408;100033;7665;5;10058937035;S
20240408;100033;7665;40;10058937036;S
20240408;100033;7665;100;10058937037;S
20240408;100033;7665;1;10058937038;S
20240408;100033;7665;100;10058937039;S
20240408;100033;7665;2;10058937040;S
20240408;100033;7665;1;10058937041;S
20240408;100033;7665;15;10058937042;S
20240408;100033;7665;1;10058937043;S
20240408;100033;7665;19;10058937044;S
20240408;100033;7665;1;10058937045;S
20240408;100033;7665;1;10058937046;S
20240408;100033;7665;2;10058937047;S
20240408;100033;7664.5;10;10058937048;S
20240408;100033;7664;1;10058937049;S
20240408;100033;7664;1;10058937050;S
20240408;100033;7664;16;10058937051;S
20240408;100033;7664;1;10058937052;S
20240408;100033;7664;4;10058937053;S
20240408;100033;7664;13;10058937054;S
20240408;100033;7664;1;10058937055;S
20240408;100033;7664;3;10058937056;S
20240408;100033;7664;10;10058937057;S
20240408;100033;7664;14;10058937058;S
20240408;100033;7664;9;10058937059;S
20240408;100033;7664;1;10058937060;S
20240408;100033;7664;1;10058937061;S
20240408;100033;7664;1;10058937062;S
20240408;100033;7664;20;10058937063;S
20240408;100033;7664;13;10058937064;S
20240408;100033;7664;1;10058937065;S
20240408;100033;7664;1;10058937066;S
20240408;100033;7664;10;10058937067;S
20240408;100033;7664;1;10058937068;S
20240408;100033;7664;1;10058937069;S
20240408;100033;7664;2;10058937070;S
20240408;100033;7664;1;10058937071;S
20240408;100033;7664;1;10058937072;S
20240408;100033;7664;1;10058937073;S
20240408;100033;7664;1;10058937074;S
20240408;100033;7664;10;10058937075;S
20240408;100033;7664;2;10058937076;S
20240408;100033;7664;5;10058937077;S
20240408;100033;7664;2;10058937078;S
20240408;100033;7664;2;10058937079;S
20240408;100033;7663.5;2;10058937080;S
20240408;100033;7663.5;4;10058937081;S
20240408;100033;7663.5;11;10058937082;S
20240408;100033;7671;10;10058937106;B
20240408;100033;7673.5;10;10058937172;B
20240408;100033;7665;1;10058937193;S
20240408;100034;7665;4;10058937332;S
20240408;100035;7672.5;2;10058937483;B
20240408;100035;7669;10;10058937533;B
20240408;100035;7665;5;10058937536;S
20240408;100035;7665;10;10058937537;S
20240408;100035;7665;10;10058937538;S
20240408;100035;7665;4;10058937691;S
20240408;100036;7665;3;10058937952;S
20240408;100036;7671;1;10058937957;B
20240408;100036;7664;1;10058938104;S
20240408;100037;7671;3;10058938149;B
20240408;100037;7671;6;10058938169;B
20240408;100037;7671;6;10058938248;B
20240408;100037;7671.5;1;10058938306;B
20240408;100037;7671.5;10;10058938307;B
20240408;100037;7673.5;40;10058938308;B
20240408;100037;7673.5;16;10058938309;B
20240408;100038;7673;1;10058938446;B
20240408;100039;7673;4;10058938872;B
20240408;100039;7673;1;10058939024;B
20240408;100040;7671;10;10058939200;S
20240408;100040;7671;10;10058939201;S
20240408;100040;7670.5;3;10058939202;S
20240408;100040;7670.5;41;10058939203;S
20240408;100040;7672.5;1;10058939271;B
20240408;100041;7670;1;10058939469;S
20240408;100041;7671;1;10058939801;B
20240408;100042;7671;4;10058939944;B
20240408;100042;7671;4;10058939945;B
20240408;100042;7671;1;10058939990;B
20240408;100042;7670.5;5;10058940060;S
20240408;100043;7670.5;8;10058940223;S
20240408;100043;7670.5;10;10058940224;S
20240408;100043;7670.5;10;10058940225;S
20240408;100043;7669.5;300;10058940226;S
20240408;100043;7668;17;10058940227;S
20240408;100043;7667.5;10;10058940228;S
20240408;100043;7667;6;10058940229;S
20240408;100043;7666;29;10058940230;S
20240408;100043;7665.5;4;10058940231;S
20240408;100043;7664.5;10;10058940232;S
20240408;100043;7664;16;10058940233;S
20240408;100043;7663.5;59;10058940234;S
20240408;100043;7663.5;1;10058940235;S
20240408;100043;7663;15;10058940236;S
20240408;100043;7663;2;10058940237;S
20240408;100043;7663;6;10058940238;S
20240408;100043;7663;1;10058940239;S
20240408;100043;7663;1;10058940240;S
20240408;100043;7663;1;10058940241;S
20240408;100043;7663;2;10058940242;S
20240408;100043;7663;100;10058940243;S
20240408;100043;7663;10;10058940244;S
20240408;100043;7663;2;10058940245;S
20240408;100043;7663;10;10058940246;S
20240408;100043;7663;1;10058940247;S
20240408;100043;7663;1;10058940248;S
20240408;100043;7663;17;10058940249;S
20240408;100043;7663;1;10058940250;S
20240408;100043;7663;3;10058940251;S
20240408;100043;7663;1;10058940252;S
20240408;100043;7663;5;10058940253;S
20240408;100043;7663;30;10058940254;S
20240408;100043;7663;23;10058940255;S
20240408;100043;7663;20;10058940256;S
20240408;100043;7663;1;10058940257;S
20240408;100043;7663;13;10058940258;S
20240408;100043;7663;1;10058940259;S
20240408;100043;7662.5;1;10058940260;S
20240408;100043;7662.5;1;10058940261;S
20240408;100043;7662.5;2;10058940262;S
20240408;100043;7662.5;1;10058940263;S
20240408;100043;7662.5;5;10058940264;S
20240408;100043;7662.5;1;10058940265;S
20240408;100043;7662.5;3;10058940266;S
20240408;100043;7662.5;3;10058940267;S
20240408;100043;7662.5;10;10058940268;S
20240408;100043;7662.5;1;10058940269;S
20240408;100043;7662.5;1;10058940270;S
20240408;100043;7662.5;2;10058940271;S
20240408;100043;7662.5;1;10058940272;S
20240408;100043;7662.5;1;10058940273;S
20240408;100043;7662.5;5;10058940274;S
20240408;100043;7662.5;1;10058940275;S
20240408;100043;7662.5;1;10058940276;S
20240408;100043;7662.5;4;10058940277;S
20240408;100043;7662.5;1;10058940278;S
20240408;100043;7662.5;2;10058940279;S
20240408;100043;7662.5;5;10058940280;S
20240408;100043;7662.5;1;10058940281;S
20240408;100043;7662.5;2;10058940282;S
20240408;100043;7662.5;1;10058940283;S
20240408;100043;7662.5;1;10058940284;S
20240408;100043;7662.5;1;10058940285;S
20240408;100043;7662.5;2;10058940286;S
20240408;100043;7662.5;2;10058940287;S
20240408;100043;7662.5;2;10058940288;S
20240408;100043;7662.5;7;10058940289;S
20240408;100043;7662.5;1;10058940290;S
20240408;100043;7662.5;2;10058940291;S
20240408;100043;7662.5;7;10058940292;S
20240408;100043;7662.5;1;10058940293;S
20240408;100043;7662.5;1;10058940294;S
20240408;100043;7662.5;18;10058940295;S
20240408;100043;7662.5;1;10058940296;S
20240408;100043;7662.5;4;10058940297;S
20240408;100043;7662.5;1;10058940298;S
20240408;100043;7662.5;10;10058940299;S
20240408;100043;7662.5;1;10058940300;S
20240408;100043;7662.5;1;10058940301;S
20240408;100043;7662.5;30;10058940302;S
20240408;100043;7662.5;2;10058940303;S
20240408;100043;7662.5;3;10058940304;S
20240408;100043;7662.5;8;10058940305;S
20240408;100043;7662.5;1;10058940306;S
20240408;100043;7662.5;1;10058940307;S
20240408;100043;7662.5;89;10058940308;S
20240408;100043;7669;2;10058940446;B
20240408;100045;7670.5;1;10058940953;B
20240408;100045;7670.5;12;10058941008;B
20240408;100045;7670.5;16;10058941124;B
20240408;100045;7671;34;10058941125;B
20240408;100045;7672;1;10058941142;B
20240408;100046;7670.5;1;10058941698;S
20240408;100047;7673;3;10058941943;B
20240408;100047;7673;66;10058942107;S
20240408;100048;7673.5;17;10058942194;B
20240408;100050;7673;1;10058943492;S
20240408;100050;7673;29;10058943493;B
20240408;100050;7673;10;10058943494;B
20240408;100050;7673.5;1;10058943501;B
20240408;100050;7673.5;13;10058943628;B
20240408;100051;7673;30;10058943769;S
20240408;100051;7673.5;1;10058943803;B
20240408;100052;7673;20;10058944025;S
20240408;100052;7673.5;1;10058944087;B
20240408;100052;7673.5;1;10058944202;B
20240408;100052;7673;3;10058944230;S
20240408;100052;7673;10;10058944231;S
20240408;100052;7673;300;10058944232;S
20240408;100052;7673;10;10058944233;S
20240408;100052;7672.5;3;10058944234;S
20240408;100052;7672;1;10058944235;S
20240408;100052;7672;29;10058944236;S
20240408;100052;7671;17;10058944237;S
20240408;100052;7671;17;10058944238;S
20240408;100052;7670;19;10058944239;S
20240408;100052;7670;581;10058944240;S
20240408;100052;7670;10;10058944241;S
20240408;100053;7673;3;10058944287;B
20240408;100053;7673.5;9;10058944513;B
20240408;100054;7674;7;10058944968;S
20240408;100056;7674;5;10058945367;S
20240408;100056;7674.5;2;10058945577;B
20240408;100058;7674;110;10058946298;S
20240408;100058;7673.5;10;10058946299;S
20240408;100058;7673;10;10058946300;S
20240408;100058;7673;29;10058946301;S
20240408;100058;7672.5;10;10058946302;S
20240408;100058;7671.5;196;10058946303;S
20240408;100059;7674;2;10058946390;B
20240408;100059;7674;8;10058946446;B
20240408;100059;7674;30;10058946586;B
20240408;100059;7674;10;10058946587;B
20240408;100059;7674.5;4;10058946588;B
20240408;100100;7674;40;10058946687;B
20240408;100100;7674.5;38;10058946688;B
20240408;100100;7674.5;7;10058946689;B
20240408;100100;7675;7;10058946690;B
20240408;100100;7676;1;10058946935;B
20240408;100100;7676;9;10058947054;B
20240408;100100;7676.5;40;10058947055;B
20240408;100100;7676.5;40;10058947056;B
20240408;100100;7677;11;10058947057;B
20240408;100101;7674;8;10058947160;S
20240408;100101;7676;5;10058947422;B
20240408;100102;7676.5;40;10058947711;B
20240408;100102;7676.5;10;10058947712;B
20240408;100102;7678.5;10;10058947793;B
20240408;100102;7678.5;30;10058947801;B
20240408;100102;7679;20;10058947802;B
20240408;100102;7677;1;10058947908;S
20240408;100103;7679;7;10058948047;B
20240408;100103;7679.5;1;10058948048;B
20240408;100103;7679.5;17;10058948049;B
20240408;100103;7679;300;10058948066;S
20240408;100103;7679;7;10058948067;S
20240408;100103;7679;10;10058948068;S
20240408;100103;7678.5;25;10058948069;S
20240408;100103;7678.5;17;10058948070;S
20240408;100103;7677;29;10058948071;S
20240408;100103;7676.5;40;10058948072;S
20240408;100103;7676;3;10058948073;S
20240408;100103;7676;10;10058948074;S
20240408;100103;7674.5;40;10058948075;S
20240408;100103;7674;40;10058948076;S
20240408;100103;7673.5;40;10058948077;S
20240408;100103;7673;1;10058948078;S
20240408;100103;7673;10;10058948079;S
20240408;100103;7671;1;10058948080;S
20240408;100103;7670;417;10058948081;S
20240408;100103;7670;10;10058948082;S
20240408;100103;7675;13;10058948255;B
20240408;100104;7676.5;1;10058948721;S
20240408;100104;7674;2;10058948722;S
20240408;100105;7677;2;10058948786;B
20240408;100106;7675;10;10058949152;S
20240408;100106;7675;5;10058949153;S
20240408;100106;7676.5;4;10058949224;B
20240408;100106;7675;10;10058949333;S
20240408;100106;7674.5;1;10058949334;S
20240408;100106;7674.5;10;10058949335;S
20240408;100106;7674;10;10058949336;S
20240408;100106;7674;7;10058949337;S
20240408;100106;7673.5;300;10058949338;S
20240408;100106;7672.5;12;10058949339;S
20240408;100106;7674.5;1;10058949369;B
20240408;100107;7675;4;10058949525;B
20240408;100107;7674;2;10058949551;S
20240408;100108;7675;3;10058949739;B
20240408;100108;7676;10;10058949740;B
20240408;100108;7676.5;14;10058949741;B
20240408;100108;7676.5;7;10058949742;B
20240408;100108;7677;40;10058949743;B
20240408;100108;7677.5;17;10058949744;B
20240408;100108;7677.5;40;10058949745;B
20240408;100108;7678;29;10058949746;B
20240408;100108;7678;40;10058949747;B
20240408;100108;7679.5;80;10058949748;B
20240408;100108;7680;5;10058949749;B
20240408;100108;7680.5;366;10058949750;B
20240408;100108;7682;24;10058949751;B
20240408;100108;7682.5;10;10058949752;B
20240408;100108;7685;300;10058949753;B
20240408;100108;7685.5;10;10058949754;B
20240408;100108;7688.5;66;10058949755;B
20240408;100108;7688.5;1;10058949756;B
20240408;100108;7688.5;10;10058949757;B
20240408;100108;7689;119;10058949758;B
20240408;100108;7692;25;10058949759;B
20240408;100108;7692;4;10058949760;B
20240408;100108;7694;222;10058949761;B
20240408;100108;7694;60;10058949762;B
20240408;100108;7694;10;10058949763;B
20240408;100108;7695;1;10058949764;B
20240408;100108;7696;12;10058949765;B
20240408;100108;7696.5;100;10058949766;B
20240408;100108;7699;1;10058949767;B
20240408;100108;7699;40;10058949768;B
20240408;100108;7699.5;20;10058949769;B
20240408;100108;7700;1;10058949770;B
20240408;100108;7700;2;10058949771;B
20240408;100108;7700;1;10058949772;B
20240408;100108;7700;10;10058949773;B
20240408;100108;7700;10;10058949774;B
20240408;100108;7700;20;10058949775;B
20240408;100108;7700;2;10058949776;B
20240408;100108;7700;10;10058949777;B
20240408;100108;7700;80;10058949778;B
20240408;100108;7700;480;10058949780;S
20240408;100108;7700;198;10058949781;S
20240408;100108;7700;17;10058949782;S
20240408;100108;7698.5;300;10058949789;S
20240408;100108;7691;6;10058949834;B
20240408;100108;7689.5;10;10058949876;B
20240408;100108;7689.5;14;10058949877;B
20240408;100109;7689.5;15;10058950898;B
20240408;100109;7689.5;10;10058950899;B
20240408;100109;7690;7;10058950900;B
20240408;100109;7691;10;10058950901;B
20240408;100109;7691;8;10058950902;B
20240408;100109;7686;2;10058951063;S
20240408;100112;7689;2;10058953056;B
20240408;100112;7686;8;10058953123;S
20240408;100112;7686;4;10058953124;S
20240408;100112;7686;7;10058953125;S
20240408;100112;7685.5;6;10058953126;S
20240408;100113;7689;1;10058953259;B
20240408;100113;7689;3;10058953514;B
20240408;100114;7689;3;10058953781;B
20240408;100114;7689;1;10058954179;B
20240408;100115;7686;1;10058954349;S
20240408;100115;7689;1;10058954644;B
20240408;100116;7686.5;19;10058954698;S
20240408;100116;7689;1;10058954699;B
20240408;100116;7686.5;1;10058954749;S
20240408;100116;7686.5;5;10058954805;S
20240408;100116;7686.5;10;10058954806;S
20240408;100116;7686;7;10058954807;S
20240408;100116;7685.5;74;10058954808;S
20240408;100116;7685;1;10058954809;S
20240408;100116;7683.5;17;10058954810;S
20240408;100116;7683.5;300;10058954811;S
20240408;100116;7683;40;10058954812;S
20240408;100116;7683;10;10058954813;S
20240408;100116;7682.5;40;10058954814;S
20240408;100116;7682;40;10058954815;S
20240408;100116;7680;10;10058954816;S
20240408;100116;7677;170;10058954817;S
20240408;100116;7677;10;10058954818;S
20240408;100116;7675.5;100;10058954819;S
20240408;100116;7675.5;29;10058954820;S
20240408;100116;7675;5;10058954821;S
20240408;100116;7674.5;132;10058954822;S
20240408;100116;7675;10;10058954849;S
20240408;100116;7675;10;10058954850;S
20240408;100116;7674.5;20;10058954851;S
20240408;100117;7679.5;10;10058955192;B
20240408;100117;7679.5;29;10058955193;B
20240408;100117;7679.5;17;10058955194;B
20240408;100117;7680;7;10058955195;B
20240408;100117;7682;37;10058955196;B
20240408;100117;7682.5;10;10058955294;B
20240408;100117;7683;63;10058955295;B
20240408;100118;7682.5;3;10058955390;B
20240408;100118;7681.5;5;10058955495;B
20240408;100118;7681.5;39;10058955496;B
20240408;100118;7682.5;1;10058955497;B
20240408;100118;7680;10;10058955642;S
20240408;100118;7680;10;10058955643;S
20240408;100118;7679.5;29;10058955644;S
20240408;100119;7683.5;10;10058955852;B
20240408;100119;7684;9;10058955853;B
20240408;100120;7683.5;7;10058956033;B
20240408;100120;7683.5;3;10058956248;B
20240408;100120;7684;1;10058956249;B
20240408;100121;7681;10;10058956365;S
20240408;100121;7680.5;3;10058956366;S
20240408;100121;7683.5;5;10058956382;B
20240408;100121;7683.5;5;10058956553;B
20240408;100121;7684;6;10058956554;B
20240408;100121;7684;14;10058956555;B
20240408;100121;7685;1;10058956668;B
20240408;100123;7685;5;10058957086;B
20240408;100123;7687.5;29;10058957132;B
20240408;100123;7687.5;10;10058957133;B
20240408;100123;7688;7;10058957134;B
20240408;100123;7688.5;14;10058957135;B
20240408;100123;7684;1;10058957209;S
20240408;100125;7685;1;10058957614;B
20240408;100125;7683.5;1;10058957643;S
20240408;100126;7685;10;10058957796;B
20240408;100126;7685;3;10058957824;B
20240408;100126;7685;10;10058957955;B
20240408;100126;7685;6;10058957976;B
20240408;100126;7688;7;10058957977;B
20240408;100126;7688.5;37;10058957978;B
20240408;100126;7689;29;10058957979;B
20240408;100126;7689;40;10058957980;B
20240408;100126;7689.5;5;10058957981;B
20240408;100126;7689.5;36;10058957982;B
20240408;100126;7690;29;10058958014;B
20240408;100126;7690.5;1;10058958015;B
20240408;100126;7690.5;7;10058958016;B
20240408;100126;7691;40;10058958017;B
20240408;100126;7691.5;10;10058958018;B
20240408;100126;7691.5;40;10058958019;B
20240408;100126;7692;40;10058958020;B
20240408;100126;7693.5;4;10058958021;B
20240408;100126;7694.5;10;10058958022;B
20240408;100126;7695;19;10058958023;B
20240408;100127;7691;10;10058958092;S
20240408;100127;7690.5;17;10058958093;S
20240408;100127;7690;7;10058958094;S
20240408;100127;7688;19;10058958095;S
20240408;100127;7687.5;80;10058958096;S
20240408;100127;7687;300;10058958097;S
20240408;100127;7687;40;10058958098;S
20240408;100127;7686.5;40;10058958099;S
20240408;100127;7686;40;10058958100;S
20240408;100127;7684.5;29;10058958101;S
20240408;100127;7684;10;10058958102;S
20240408;100127;7681;10;10058958103;S
20240408;100127;7680;398;10058958104;S
20240408;100127;7685.5;1;10058958115;B
20240408;100127;7686;2;10058958202;B
20240408;100130;7686.5;1;10058959212;B
20240408;100131;7688;1;10058959439;B
20240408;100131;7688;9;10058959469;B
20240408;100131;7688;40;10058959470;B
20240408;100131;7688.5;40;10058959471;B
20240408;100131;7688.5;6;10058959472;B
20240408;100132;7685;1;10058959834;S
20240408;100133;7685;16;10058960011;S
20240408;100133;7685;10;10058960012;S
20240408;100133;7683.5;4;10058960013;S
20240408;100133;7686;10;10058960063;B
20240408;100133;7686.5;17;10058960064;B
20240408;100133;7687.5;21;10058960065;B
20240408;100133;7689;1;10058960072;B
20240408;100133;7689;1;10058960188;B
20240408;100134;7684;2;10058960322;S
20240408;100135;7688.5;29;10058960720;B
20240408;100135;7688.5;17;10058960721;B
20240408;100135;7689;40;10058960722;B
20240408;100135;7689.5;40;10058960723;B
20240408;100135;7690;10;10058960724;B
20240408;100135;7690;40;10058960725;B
20240408;100135;7691.5;24;10058960726;B
20240408;100135;7692;300;10058960727;B
20240408;100135;7693;10;10058960728;B
20240408;100135;7694;10;10058960729;B
20240408;100135;7696;30;10058960730;B
20240408;100135;7696;10;10058960731;B
20240408;100135;7698.5;1;10058960732;B
20240408;100135;7699.5;78;10058960733;B
20240408;100135;7700;66;10058960734;B
20240408;100135;7700;60;10058960735;B
20240408;100135;7700;59;10058960736;B
20240408;100135;7693;1;10058960789;B
20240408;100136;7694;1;10058960885;B
20240408;100136;7694;1;10058961179;B
20240408;100137;7690;1;10058961346;S
20240408;100137;7690;10;10058961347;S
20240408;100137;7689;2;10058961348;S
20240408;100137;7688;2;10058961349;S
20240408;100137;7692.5;3;10058961361;B
20240408;100138;7693;3;10058961547;B
20240408;100138;7693;1;10058961687;B
20240408;100139;7693;1;10058961975;B
20240408;100140;7690;10;10058962168;B
20240408;100142;7692.5;2;10058963000;B
20240408;100144;7689;10;10058963612;S
20240408;100144;7688.5;80;10058963613;S
20240408;100144;7688;40;10058963614;S
20240408;100144;7687.5;40;10058963615;S
20240408;100144;7687.5;17;10058963616;S
20240408;100144;7687;40;10058963617;S
20240408;100144;7687;29;10058963618;S
20240408;100144;7685.5;24;10058963619;S
20240408;100144;7685;10;10058963620;S
20240408;100144;7685;25;10058963621;S
20240408;100144;7685;5;10058963622;S
20240408;100144;7685;300;10058963623;S
20240408;100144;7683.5;21;10058963624;S
20240408;100144;7682.5;20;10058963625;S
20240408;100144;7682;10;10058963626;S
20240408;100144;7681;25;10058963627;S
20240408;100144;7681;1;10058963628;S
20240408;100144;7680;285;10058963629;S
20240408;100144;7680;18;10058963630;S
20240408;100144;7680.5;10;10058963639;S
20240408;100144;7680.5;40;10058963640;S
20240408;100144;7680.5;4;10058963641;S
20240408;100145;7685;5;10058963674;B
20240408;100145;7686;17;10058963743;B
20240408;100145;7688;10;10058963744;B
20240408;100145;7688.5;4;10058963745;B
20240408;100147;7687.5;10;10058964369;B
20240408;100147;7688;10;10058964370;B
20240408;100147;7688;1;10058964450;B
20240408;100147;7684.5;6;10058964491;S
20240408;100147;7688;1;10058964493;B
20240408;100147;7687.5;10;10058964616;B
20240408;100148;7684.5;3;10058964646;S
20240408;100148;7688;11;10058964868;B
20240408;100148;7684.5;10;10058964871;S
20240408;100148;7684;4;10058964872;S
20240408;100148;7684;3;10058964873;S
20240408;100150;7688;1;10058965321;B
20240408;100150;7688;1;10058965344;B
20240408;100151;7688;5;10058965448;B
20240408;100151;7685;10;10058965629;S
20240408;100151;7684.5;25;10058965630;S
20240408;100152;7688;4;10058965707;B
20240408;100152;7688;2;10058965924;B
20240408;100152;7688;8;10058965925;B
20240408;100153;7688.5;1;10058966001;B
20240408;100155;7688;8;10058966484;B
20240408;100155;7688;2;10058966545;B
20240408;100155;7688.5;79;10058966546;B
20240408;100155;7689;19;10058966547;B
20240408;100155;7689;1;10058966568;B
20240408;100155;7689.5;1;10058966569;B
20240408;100157;7691.5;8;10058967181;B
20240408;100157;7689;2;10058967226;S
20240408;100157;7691.5;32;10058967251;B
20240408;100157;7691.5;10;10058967252;B
20240408;100157;7692;25;10058967253;B
20240408;100157;7692;40;10058967254;B
20240408;100157;7692.5;1;10058967255;B
20240408;100157;7692.5;10;10058967256;B
20240408;100157;7692.5;40;10058967257;B
20240408;100157;7692.5;14;10058967258;B
20240408;100157;7693;56;10058967259;B
20240408;100157;7693.5;47;10058967260;B
20240408;100157;7690.5;3;10058967273;S
20240408;100158;7689.5;5;10058967432;S
20240408;100200;7692;14;10058968082;S
20240408;100200;7692;30;10058968083;S
20240408;100200;7692;1;10058968104;S
20240408;100201;7693.5;1;10058968259;B
20240408;100201;7692;2;10058968379;S
20240408;100203;7693.5;1;10058968863;B
20240408;100204;7692;2;10058969196;S
20240408;100205;7693.5;6;10058969358;B
20240408;100206;7693.5;2;10058969627;B
20240408;100206;7693.5;12;10058969628;B
20240408;100207;7693.5;17;10058969949;B
20240408;100207;7693.5;10;10058969950;B
20240408;100207;7694;23;10058969951;B
20240408;100207;7692;1;10058969983;S
20240408;100208;7693.5;1;10058970155;B
20240408;100208;7692;5;10058970241;S
20240408;100208;7692;15;10058970242;S
20240408;100209;7694;2;10058970422;B
20240408;100210;7692.5;10;10058970862;S
20240408;100210;7692.5;30;10058970863;S
20240408;100210;7694;5;10058970957;B
20240408;100211;7693;1;10058971032;S
20240408;100211;7694;4;10058971033;B
20240408;100212;7694;16;10058971304;B
20240408;100212;7694;12;10058971305;B
20240408;100212;7694;10;10058971306;B
20240408;100212;7694;7;10058971307;B
20240408;100212;7694.5;5;10058971308;B
20240408;100212;7694.5;1;10058971401;B
20240408;100212;7694.5;14;10058971423;B
20240408;100212;7694.5;1;10058971677;B
20240408;100212;7695;28;10058971827;B
20240408;100212;7695;22;10058971828;B
20240408;100213;7694.5;10;10058971875;S
20240408;100213;7694.5;30;10058971876;S
20240408;100213;7694;10;10058971877;S
20240408;100213;7694;17;10058971974;S
20240408;100214;7694;23;10058972439;S
20240408;100214;7694;7;10058972440;S
20240408;100214;7694;30;10058972441;S
20240408;100214;7694;4;10058972442;S
20240408;100214;7693.5;10;10058972443;S
20240408;100214;7693;30;10058972481;S
20240408;100214;7692;10;10058972482;S
20240408;100214;7691;5;10058972511;B
20240408;100214;7691;19;10058972575;B
20240408;100215;7691;7;10058972721;B
20240408;100215;7691;9;10058972764;B
20240408;100215;7691.5;40;10058972765;B
20240408;100215;7691.5;7;10058972766;B
20240408;100215;7692;40;10058972767;B
20240408;100216;7692;4;10058973040;S
20240408;100216;7692;30;10058973041;S
20240408;100218;7692;5;10058973609;B
20240408;100219;7692;5;10058973781;B
20240408;100219;7692;1;10058973890;B
20240408;100219;7692;4;10058973920;B
20240408;100219;7692;1;10058973940;B
20240408;100221;7692.5;5;10058974364;B
20240408;100221;7692.5;1;10058974467;B
20240408;100221;7692;5;10058974479;S
20240408;100222;7692.5;39;10058974751;S
20240408;100223;7693.5;5;10058975080;B
20240408;100224;7692.5;200;10058975176;S
20240408;100224;7692.5;1;10058975232;S
20240408;100225;7693;5;10058976564;B
20240408;100226;7693;1;10058976748;B
20240408;100226;7693;4;10058976787;B
20240408;100226;7693;8;10058976788;B
20240408;100226;7693;3;10058976789;B
20240408;100226;7693;7;10058976810;B
20240408;100226;7693;4;10058976811;B
20240408;100226;7692.5;1;10058977051;S
20240408;100227;7693;1;10058977277;B
20240408;100227;7693;1;10058977289;B
20240408;100227;7693;1;10058977468;B
20240408;100228;7693;5;10058977598;B
20240408;100228;7692.5;1;10058977719;S
20240408;100228;7693;1;10058977729;B
20240408;100231;7693;4;10058978615;B
20240408;100231;7693;1;10058978681;B
20240408;100232;7693;8;10058978855;B
20240408;100232;7692.5;1;10058979024;S
20240408;100232;7693;1;10058979088;B
20240408;100234;7692.5;1;10058979833;S
20240408;100235;7693;1;10058979912;B
20240408;100235;7693;1;10058979945;B
20240408;100235;7693;11;10058980121;B
20240408;100235;7693;10;10058980122;B
20240408;100235;7693;29;10058980123;B
20240408;100235;7693.5;93;10058980124;B
20240408;100235;7692.5;2;10058980139;S
20240408;100236;7693;2;10058980288;B
20240408;100236;7692.5;125;10058980299;S
20240408;100236;7693;2;10058980413;B
20240408;100237;7692.5;7;10058980660;S
20240408;100238;7693;4;10058981102;B
20240408;100238;7693;2;10058981137;B
20240408;100239;7693;3;10058981357;B
20240408;100239;7693;27;10058981419;B
20240408;100239;7693;10;10058981420;B
20240408;100239;7693;29;10058981421;B
20240408;100239;7693;10;10058981422;B
20240408;100239;7693;100;10058981423;B
20240408;100239;7693.5;828;10058981424;B
20240408;100239;7693.5;300;10058981425;B
20240408;100239;7693.5;40;10058981426;B
20240408;100239;7693.5;8;10058981427;B
20240408;100239;7693.5;17;10058981428;B
20240408;100239;7693.5;235;10058981429;S
20240408;100239;7693.5;8;10058981430;S
20240408;100239;7693.5;17;10058981431;S
20240408;100239;7693.5;10;10058981432;S
20240408;100239;7693.5;30;10058981433;S
20240408;100239;7694;1;10058981437;B
20240408;100239;7694;10;10058981438;B
20240408;100239;7694.5;3;10058981439;B
20240408;100239;7695;40;10058981440;B
20240408;100239;7695;8;10058981441;B
20240408;100239;7695.5;29;10058981442;B
20240408;100239;7695.5;40;10058981443;B
20240408;100239;7696;2;10058981444;B
20240408;100239;7696;17;10058981445;B
20240408;100239;7694.5;1;10058981475;S
20240408;100240;7695;4;10058981510;S
20240408;100240;7697;1;10058981589;B
20240408;100242;7697;1;10058982260;B
20240408;100242;7694.5;10;10058982358;S
20240408;100242;7694.5;10;10058982359;S
20240408;100242;7694.5;3;10058982480;S
20240408;100244;7696;2;10058982718;B
20240408;100246;7695;3;10058983342;S
20240408;100247;7696;10;10058983839;B
20240408;100247;7696.5;40;10058983840;B
20240408;100248;7695;7;10058984087;S
20240408;100248;7695;8;10058984088;S
20240408;100248;7695;1;10058984089;S
20240408;100249;7696;1;10058984546;B
20240408;100249;7696;1;10058984697;B
20240408;100251;7696;2;10058985255;B
20240408;100251;7695.5;1;10058985366;B
20240408;100251;7694.5;8;10058985398;B
20240408;100252;7694;30;10058985517;S
20240408;100252;7694;8;10058985518;S
20240408;100252;7694;10;10058985519;S
20240408;100252;7693.5;524;10058985520;S
20240408;100252;7694.5;1;10058985544;B
20240408;100252;7694.5;1;10058985601;B
20240408;100252;7694.5;8;10058985602;B
20240408;100252;7694.5;3;10058985603;B
20240408;100252;7694.5;10;10058985728;B
20240408;100252;7694.5;1;10058985729;B
20240408;100252;7695;2;10058985730;B
20240408;100253;7694.5;10;10058985900;B
20240408;100254;7694.5;1;10058986089;B
20240408;100254;7694.5;9;10058986296;B
20240408;100254;7694.5;3;10058986297;B
20240408;100255;7694;1;10058986629;S
20240408;100255;7694.5;4;10058986701;B
20240408;100257;7694.5;5;10058987342;B
20240408;100258;7694.5;1;10058987535;B
20240408;100258;7694.5;3;10058987554;B
20240408;100258;7694.5;3;10058987555;B
20240408;100258;7694.5;87;10058987691;B
20240408;100258;7694.5;8;10058987692;B
20240408;100258;7694.5;10;10058987693;B
20240408;100258;7695;50;10058987694;B
20240408;100258;7695.5;40;10058987695;B
20240408;100258;7695.5;10;10058987696;B
20240408;100258;7696;45;10058987697;B
20240408;100258;7695.5;10;10058987703;B
20240408;100258;7696;87;10058987704;B
20240408;100258;7695.5;10;10058987711;B
20240408;100258;7695.5;10;10058987723;B
20240408;100258;7695.5;10;10058987742;B
20240408;100258;7696;240;10058987743;B
20240408;100258;7696;184;10058987954;B
20240408;100258;7696;76;10058987955;B
20240408;100258;7696;77;10058987962;B
20240408;100258;7696;1;10058987966;B
20240408;100258;7696;1;10058988009;B
20240408;100258;7696;1;10058988010;B
20240408;100258;7696;6;10058988049;B
20240408;100259;7696;1;10058988072;B
20240408;100259;7696;1;10058988073;B
20240408;100259;7696;1;10058988269;B
20240408;100300;7696;1;10058988307;B
20240408;100300;7695.5;10;10058988456;S
20240408;100300;7695.5;24;10058988457;S
20240408;100300;7695;8;10058988458;S
20240408;100300;7695;17;10058988459;S
20240408;100300;7694;41;10058988460;S
20240408;100300;7694.5;10;10058988492;S
20240408;100300;7694.5;17;10058988493;S
20240408;100300;7694;177;10058988494;S
20240408;100300;7694.5;1;10058988546;S
20240408;100300;7695.5;16;10058988641;B
20240408;100300;7696;257;10058988642;B
20240408;100300;7696;2;10058988717;B
20240408;100301;7696;1;10058988889;B
20240408;100302;7694.5;1;10058989134;S
20240408;100302;7696;18;10058989257;B
20240408;100302;7696;17;10058989258;B
20240408;100303;7696;2;10058989619;B
20240408;100303;7695.5;10;10058989633;S
20240408;100303;7695.5;9;10058989634;S
20240408;100303;7695;17;10058989635;S
20240408;100303;7694.5;23;10058989636;S
20240408;100303;7694.5;12;10058989637;S
20240408;100304;7694;1;10058989838;S
20240408;100304;7693.5;1;10058989932;S
20240408;100304;7694.5;3;10058989985;B
20240408;100305;7693.5;225;10058990146;S
20240408;100305;7693.5;220;10058990148;S
20240408;100305;7693.5;5;10058990149;S
20240408;100305;7694;1;10058990179;B
20240408;100305;7693.5;225;10058990195;S
20240408;100305;7693.5;225;10058990196;S
20240408;100305;7693.5;225;10058990223;S
20240408;100305;7693.5;225;10058990224;S
20240408;100305;7693.5;26;10058990229;S
20240408;100305;7693.5;224;10058990231;S
20240408;100305;7693.5;2;10058990292;S
20240408;100307;7694;6;10058990884;B
20240408;100307;7694;3;10058990918;B
20240408;100307;7694;10;10058990919;B
20240408;100307;7694;7;10058990920;B
20240408;100308;7694;2;10058991060;B
20240408;100310;7694;1;10058991786;B
20240408;100310;7694;1;10058991787;B
20240408;100310;7693.5;58;10058991867;S
20240408;100310;7693.5;1;10058991890;S
20240408;100311;7694;10;10058992296;B
20240408;100312;7694;5;10058992375;B
20240408;100312;7694;1;10058992565;B
20240408;100312;7694;11;10058992566;B
20240408;100313;7694;5;10058992610;B
20240408;100313;7694;12;10058992741;B
20240408;100314;7693.5;555;10058992989;S
20240408;100314;7693.5;32;10058993037;S
20240408;100314;7693.5;3;10058993085;S
20240408;100316;7694;4;10058993564;B
20240408;100316;7693.5;5;10058993571;S
20240408;100316;7693.5;50;10058993673;S
20240408;100317;7694;2;10058993832;B
20240408;100317;7694;1;10058993843;B
20240408;100317;7693.5;21;10058993984;S
20240408;100318;7694;5;10058994331;B
20240408;100318;7693.5;49;10058994555;S
20240408;100320;7693.5;58;10058995358;S
20240408;100320;7694;1;10058995478;B
20240408;100320;7694;1;10058995505;B
20240408;100320;7693.5;20;10058995563;S
20240408;100321;7694;1;10058995660;B
20240408;100322;7694;1;10058995969;B
20240408;100322;7693.5;1;10058996096;S
20240408;100322;7694;1;10058996110;B
20240408;100322;7694;9;10058996199;B
20240408;100322;7694;10;10058996200;B
20240408;100322;7694;1;10058996267;B
20240408;100322;7694;1;10058996288;B
20240408;100323;7693.5;3;10058996400;S
20240408;100324;7694;1;10058996592;B
20240408;100324;7694;1;10058996718;B
20240408;100325;7694;1;10058996880;B
20240408;100325;7694;2;10058996923;B
20240408;100325;7694;10;10058996924;B
20240408;100325;7694.5;138;10058996925;B
20240408;100325;7694;4;10058996935;B
20240408;100325;7694;4;10058997078;B
20240408;100328;7694;2;10058997884;B
20240408;100328;7694;7;10058997885;B
20240408;100329;7694;10;10058998241;B
20240408;100330;7693.5;3;10058998275;S
20240408;100330;7693.5;58;10058998285;S
20240408;100332;7693.5;6;10058998827;S
20240408;100332;7693.5;2;10058998853;S
20240408;100333;7694;1;10058999117;B
20240408;100334;7693.5;16;10058999374;S
20240408;100334;7693.5;12;10058999412;S
20240408;100336;7694;1;10058999837;B
20240408;100337;7693.5;50;10059000296;S
20240408;100338;7694;1;10059000372;B
20240408;100339;7693.5;50;10059000704;S
20240408;100340;7693.5;2;10059000914;S
20240408;100340;7693.5;48;10059000937;S
20240408;100340;7693.5;10;10059000946;S
20240408;100340;7694;4;10059001092;B
20240408;100341;7693.5;2;10059001137;S
20240408;100341;7694;14;10059001394;B
20240408;100342;7694;3;10059001636;B
20240408;100342;7694;2;10059001667;B
20240408;100342;7694;1;10059001731;B
20240408;100343;7694;39;10059001852;B
20240408;100343;7693.5;159;10059001953;S
20240408;100343;7693.5;1;10059001954;S
20240408;100343;7693.5;1;10059001955;S
20240408;100343;7694;17;10059001997;B
20240408;100343;7694;3;10059001998;B
20240408;100344;7693.5;500;10059002163;S
20240408;100344;7693.5;200;10059002164;S
20240408;100345;7694;2;10059002518;B
20240408;100345;7694;8;10059002519;B
20240408;100345;7693.5;20;10059002582;S
20240408;100346;7694;1;10059002687;B
20240408;100346;7693.5;25;10059002841;S
20240408;100347;7693.5;3;10059002914;S
20240408;100348;7694;1;10059003303;B
20240408;100348;7694;9;10059003304;B
20240408;100350;7693.5;50;10059003639;S
20240408;100350;7693.5;9;10059003765;S
20240408;100351;7693.5;5;10059003871;S
20240408;100352;7694;5;10059004234;B
20240408;100352;7694;2;10059004235;B
20240408;100352;7694;12;10059004236;B
20240408;100353;7693.5;188;10059004343;S
20240408;100353;7693.5;3;10059004344;S
20240408;100353;7693.5;1;10059004345;S
20240408;100353;7693.5;8;10059004346;S
20240408;100354;7693.5;21;10059004547;S
20240408;100354;7693.5;104;10059004548;S
20240408;100355;7693.5;396;10059004756;S
20240408;100356;7694;1;10059004970;B
20240408;100356;7693.5;10;10059004995;S
20240408;100356;7693.5;164;10059005010;S
20240408;100356;7693.5;1;10059005044;S
20240408;100356;7693.5;80;10059005054;S
20240408;100356;7693.5;1;10059005118;S
20240408;100356;7693.5;200;10059005181;S
20240408;100357;7694;1;10059005353;B
20240408;100357;7694;4;10059005536;B
20240408;100357;7694;5;10059005614;B
20240408;100357;7694;5;10059005644;B
20240408;100358;7693.5;400;10059005751;S
20240408;100358;7693.5;100;10059005752;S
20240408;100358;7694;1;10059005775;B
20240408;100358;7694;1;10059005812;B
20240408;100358;7694;5;10059005890;B
20240408;100358;7694;5;10059005912;B
20240408;100358;7693.5;7;10059005967;S
20240408;100359;7694;88;10059005974;B
20240408;100359;7693.5;10;10059006054;S
20240408;100359;7693.5;1;10059006064;S
20240408;100359;7694;1;10059006091;B
20240408;100359;7694;5;10059006126;B
20240408;100359;7694;5;10059006194;B
20240408;100359;7694;6;10059006214;B
20240408;100359;7694;10;10059006215;B
20240408;100359;7694;17;10059006216;B
20240408;100359;7694;3;10059006217;B
20240408;100359;7694;10;10059006218;B
20240408;100359;7694;2;10059006219;B
20240408;100359;7694;2;10059006220;B
20240408;100359;7694;21;10059006221;B
20240408;100359;7694.5;109;10059006222;B
20240408;100400;7694;5;10059006466;B
20240408;100400;7694;5;10059006487;B
20240408;100402;7693.5;5;10059006896;S
20240408;100404;7694;1;10059007247;B
20240408;100404;7693.5;13;10059007260;S
20240408;100405;7694;1;10059007674;B
20240408;100405;7694;5;10059007676;B
20240408;100407;7694;3;10059008178;B
20240408;100407;7694;2;10059008179;B
20240408;100407;7694;1;10059008205;B
20240408;100408;7694;2;10059008396;B
20240408;100408;7694;25;10059008411;B
20240408;100408;7694;9;10059008422;B
20240408;100409;7693.5;25;10059008664;S
20240408;100409;7694;2;10059008748;B
20240408;100409;7693.5;10;10059008780;S
20240408;100409;7694;1;10059008806;B
20240408;100410;7693.5;485;10059009105;S
20240408;100410;7693.5;1;10059009106;S
20240408;100410;7693.5;14;10059009107;S
20240408;100410;7694;6;10059009183;B
20240408;100411;7694;1;10059009366;B
20240408;100411;7694;6;10059009373;B
20240408;100412;7694;10;10059009645;B
20240408;100412;7694;2;10059009669;B
20240408;100412;7694;1;10059009677;B
20240408;100414;7694;5;10059010049;B
20240408;100415;7693.5;2;10059010151;S
20240408;100416;7693.5;56;10059010376;S
20240408;100417;7693.5;30;10059010668;S
20240408;100417;7693.5;36;10059010669;S
20240408;100417;7694;1;10059010725;B
20240408;100418;7694;26;10059010947;B
20240408;100418;7694;10;10059010948;B
20240408;100418;7694;10;10059010949;B
20240408;100418;7694;13;10059010950;B
20240408;100418;7694;63;10059010951;B
20240408;100420;7693.5;2;10059011447;S
20240408;100420;7693.5;348;10059011576;S
20240408;100420;7693.5;152;10059011577;S
20240408;100420;7693.5;5;10059011788;S
20240408;100421;7693.5;10;10059011987;S
20240408;100422;7694;25;10059012345;B
20240408;100422;7694;3;10059012362;B
20240408;100422;7694;1;10059012389;B
20240408;100423;7694;2;10059012610;B
20240408;100428;7693.5;6;10059014008;S
20240408;100430;7693.5;1;10059014543;S
20240408;100431;7694;1;10059014577;B
20240408;100431;7693.5;10;10059014643;S
20240408;100431;7693.5;477;10059014738;S
20240408;100431;7693.5;3;10059014739;S
20240408;100431;7693.5;20;10059014740;S
20240408;100432;7693.5;15;10059014908;S
20240408;100432;7694;7;10059015012;B
20240408;100433;7693.5;25;10059015220;S
20240408;100433;7693.5;4;10059015340;S
20240408;100435;7694;3;10059015802;B
20240408;100436;7693.5;14;10059015977;S
20240408;100436;7694;1;10059016047;B
20240408;100437;7694;1;10059016211;B
20240408;100439;7694;1;10059016939;B
20240408;100441;7694;16;10059017542;B
20240408;100441;7694;2;10059017557;B
20240408;100444;7694;4;10059018163;B
20240408;100444;7694;2;10059018164;B
20240408;100444;7694;4;10059018165;B
20240408;100444;7694;6;10059018170;B
20240408;100444;7694;5;10059018171;B
20240408;100444;7694;4;10059018172;B
20240408;100444;7693.5;44;10059018352;S
20240408;100445;7694;1;10059018604;B
20240408;100445;7694;1;10059018605;B
20240408;100446;7693.5;40;10059018750;S
20240408;100446;7694;19;10059018776;B
20240408;100446;7694;1;10059018777;B
20240408;100446;7693.5;490;10059018786;S
20240408;100446;7693.5;10;10059018787;S
20240408;100446;7694;2;10059018846;B
20240408;100446;7694;1;10059018903;B
20240408;100447;7694;1;10059019287;B
20240408;100447;7694;1;10059019338;B
20240408;100447;7694;10;10059019339;B
20240408;100447;7694;1;10059019340;B
20240408;100447;7694;7;10059019342;S
20240408;100447;7694.5;53;10059019374;B
20240408;100447;7694.5;1;10059019379;B
20240408;100447;7694.5;16;10059019408;B
20240408;100448;7694;26;10059019489;S
20240408;100448;7694;2;10059019490;S
20240408;100448;7694;10;10059019491;S
20240408;100448;7694;1;10059019539;B
20240408;100448;7693.5;2;10059019575;S
20240408;100450;7693.5;32;10059019954;S
20240408;100450;7694;15;10059020018;B
20240408;100450;7694;30;10059020212;B
20240408;100451;7693.5;100;10059020243;S
20240408;100451;7694;6;10059020258;B
20240408;100451;7694;1;10059020347;B
20240408;100452;7694;9;10059020536;B
20240408;100452;7694;10;10059020537;B
20240408;100452;7694;3;10059020538;B
20240408;100452;7694;4;10059020539;B
20240408;100452;7694;6;10059020540;B
20240408;100452;7693.5;1;10059020624;S
20240408;100453;7694;111;10059020927;B
20240408;100454;7693.5;1;10059021123;S
20240408;100456;7694;5;10059021615;B
20240408;100456;7694;6;10059021627;B
20240408;100457;7693.5;4;10059021957;S
20240408;100458;7694;4;10059022137;B
20240408;100458;7694;6;10059022138;B
20240408;100458;7694;1;10059022338;B
20240408;100458;7693.5;15;10059022412;S
20240408;100459;7693.5;1;10059022640;S
20240408;100500;7693.5;10;10059022900;S
20240408;100500;7694;1;10059022973;B
20240408;100501;7694;2;10059023018;B
20240408;100501;7694;2;10059023019;B
20240408;100501;7693.5;20;10059023365;S
20240408;100502;7694;1;10059023383;B
20240408;100502;7693.5;10;10059023452;S
20240408;100502;7693.5;2;10059023508;S
20240408;100502;7694;4;10059023509;B
20240408;100502;7694;5;10059023510;B
20240408;100502;7694;2;10059023627;B
20240408;100502;7694;3;10059023628;B
20240408;100503;7693.5;9;10059023746;S
20240408;100503;7693.5;1;10059023747;S
20240408;100503;7693.5;4;10059023748;S
20240408;100503;7693.5;1;10059023749;S
20240408;100503;7693.5;4;10059023795;S
20240408;100503;7693.5;10;10059023796;S
20240408;100503;7693.5;14;10059023797;S
20240408;100503;7693.5;100;10059023810;S
20240408;100503;7694;3;10059023889;B
20240408;100503;7694;4;10059023890;B
20240408;100503;7693.5;15;10059023913;S
20240408;100504;7693.5;103;10059024018;S
20240408;100504;7694;13;10059024070;B
20240408;100504;7694;2;10059024071;B
20240408;100504;7694;10;10059024072;B
20240408;100504;7694;5;10059024073;B
20240408;100504;7694;5;10059024083;B
20240408;100504;7694;10;10059024084;B
20240408;100504;7694.5;1;10059024125;B
20240408;100504;7694.5;16;10059024222;B
20240408;100505;7694.5;22;10059024343;B
20240408;100505;7694.5;23;10059024344;B
20240408;100506;7694;10;10059024547;S
20240408;100506;7693.5;1;10059024548;S
20240408;100506;7694.5;2;10059024668;B
20240408;100506;7694.5;2;10059024669;B
20240408;100507;7694.5;6;10059024906;B
20240408;100507;7694.5;1;10059025120;B
20240408;100507;7694.5;2;10059025121;B
20240408;100508;7694.5;30;10059025198;B
20240408;100508;7694.5;6;10059025293;B
20240408;100508;7694.5;7;10059025294;B
20240408;100509;7694;8;10059025472;S
20240408;100509;7694.5;1;10059025632;B
20240408;100509;7694.5;2;10059025633;B
20240408;100509;7694;2;10059025697;S
20240408;100509;7694;1;10059025698;S
20240408;100509;7693.5;6;10059025699;S
20240408;100510;7694.5;2;10059025861;B
20240408;100510;7694.5;2;10059025862;B
20240408;100510;7694;1;10059025934;S
20240408;100510;7694.5;1;10059026050;B
20240408;100511;7694.5;483;10059026293;B
20240408;100511;7694.5;40;10059026294;B
20240408;100511;7694.5;11;10059026295;B
20240408;100511;7694.5;10;10059026296;B
20240408;100511;7694.5;12;10059026297;B
20240408;100511;7695;1;10059026369;B
20240408;100511;7695.5;2;10059026370;B
20240408;100512;7695;10;10059026686;S
20240408;100512;7695;40;10059026687;S
20240408;100512;7695;17;10059026688;S
20240408;100512;7695;119;10059026689;S
20240408;100512;7694.5;124;10059026690;S
20240408;100512;7694.5;40;10059026691;S
20240408;100512;7694.5;12;10059026692;S
20240408;100512;7694.5;43;10059026693;S
20240408;100512;7694.5;95;10059026694;S
20240408;100513;7695.5;3;10059026848;B
20240408;100513;7696;8;10059026849;B
20240408;100513;7696;3;10059026875;B
20240408;100514;7696;12;10059027366;B
20240408;100516;7695;24;10059027724;S
20240408;100516;7695;29;10059027725;S
20240408;100516;7695;10;10059027726;S
20240408;100516;7694.5;37;10059027727;S
20240408;100516;7694.5;18;10059027805;S
20240408;100520;7695;2;10059028872;S
20240408;100520;7696;64;10059028884;B
20240408;100520;7696;1;10059028955;B
20240408;100525;7695.5;7;10059030332;S
20240408;100525;7695;75;10059030333;S
20240408;100525;7695;12;10059030334;S
20240408;100525;7695;43;10059030335;S
20240408;100525;7695;30;10059030336;S
20240408;100525;7694.5;78;10059030337;S
20240408;100525;7694.5;40;10059030338;S
20240408;100525;7694.5;10;10059030339;S
20240408;100525;7694.5;1;10059030340;S
20240408;100525;7694.5;100;10059030341;S
20240408;100525;7694.5;17;10059030342;S
20240408;100525;7694.5;7;10059030343;S
20240408;100525;7694;9;10059030344;S
20240408;100525;7694;40;10059030345;S
20240408;100525;7694;1;10059030346;S
20240408;100525;7694;1;10059030347;S
20240408;100525;7693.5;29;10059030348;S
20240408;100526;7695.5;2;10059030574;B
20240408;100526;7696;6;10059030655;B
20240408;100527;7695.5;1;10059030958;B
20240408;100528;7695;2;10059031021;S
20240408;100528;7695.5;9;10059031158;B
20240408;100528;7695.5;42;10059031159;B
20240408;100528;7695.5;13;10059031160;B
20240408;100528;7695.5;40;10059031167;S
20240408;100529;7695.5;1;10059031303;S
20240408;100530;7696;4;10059031523;B
20240408;100532;7696;1;10059032145;B
20240408;100534;7696;32;10059032534;B
20240408;100534;7696;18;10059032535;B
20240408;100534;7696;12;10059032585;B
20240408;100534;7696;1;10059032586;B
20240408;100534;7696;2;10059032587;B
20240408;100534;7696;12;10059032588;B
20240408;100534;7696;1000;10059032589;B
20240408;100534;7696;10;10059032590;B
20240408;100534;7696.5;1;10059032708;B
20240408;100535;7696.5;6;10059032722;B
20240408;100535;7696.5;3;10059032756;B
20240408;100535;7696;1;10059032759;S
20240408;100535;7696.5;26;10059032816;B
20240408;100535;7697;1;10059032817;B
20240408;100535;7697;173;10059032818;B
20240408;100535;7696.5;10;10059032831;S
20240408;100535;7696.5;17;10059032832;S
20240408;100535;7696.5;7;10059032833;S
20240408;100535;7696.5;12;10059032882;S
20240408;100535;7697;12;10059032987;B
20240408;100536;7697;100;10059033114;B
20240408;100536;7697;200;10059033237;B
20240408;100536;7697;2;10059033253;B
20240408;100536;7697;2;10059033254;B
20240408;100537;7697;511;10059033485;B
20240408;100537;7697;50;10059033486;B
20240408;100537;7697;13;10059033487;B
20240408;100537;7698;20;10059033489;B
20240408;100537;7698;5;10059033490;B
20240408;100537;7698;1;10059033491;B
20240408;100537;7698;20;10059033492;B
20240408;100537;7698.5;10;10059033517;S
20240408;100537;7698.5;17;10059033518;S
20240408;100537;7698.5;12;10059033519;S
20240408;100537;7699;5;10059033577;B
20240408;100537;7699.5;3;10059033578;B
20240408;100537;7699.5;2;10059033579;B
20240408;100537;7699.5;2;10059033580;B
20240408;100537;7699.5;23;10059033693;B
20240408;100537;7699.5;22;10059033694;B
20240408;100537;7699.5;131;10059033695;B
20240408;100537;7700;6;10059033696;B
20240408;100537;7700;42;10059033697;B
20240408;100537;7700;176;10059033698;B
20240408;100537;7699.5;15;10059033768;S
20240408;100538;7699.5;2;10059034051;S
20240408;100538;7700;102;10059034169;B
20240408;100538;7700;12;10059034221;B
20240408;100539;7699.5;3;10059034447;S
20240408;100539;7699.5;75;10059034537;S
20240408;100539;7699.5;29;10059034538;S
20240408;100539;7699.5;14;10059034539;S
20240408;100539;7699;40;10059034540;S
20240408;100539;7699;17;10059034541;S
20240408;100539;7698.5;10;10059034542;S
20240408;100539;7698;12;10059034543;S
20240408;100541;7698;1;10059035065;S
20240408;100541;7699.5;10;10059035103;B
20240408;100541;7699.5;5;10059035104;B
20240408;100541;7699;1;10059035208;B
20240408;100542;7699;1;10059035551;B
20240408;100543;7699;18;10059035862;B
20240408;100543;7699.5;14;10059035863;B
20240408;100543;7699.5;10;10059035864;B
20240408;100543;7700;710;10059035865;B
20240408;100543;7700;240;10059035866;B
20240408;100543;7700;8;10059035867;B
20240408;100543;7700;1;10059035946;B
20240408;100544;7700;1;10059036019;B
20240408;100544;7700;5;10059036030;B
20240408;100544;7700;100;10059036060;B
20240408;100544;7700;2;10059036061;B
20240408;100544;7700;1;10059036083;B
20240408;100544;7700;42;10059036088;B
20240408;100544;7700;58;10059036089;B
20240408;100544;7700;4;10059036242;B
20240408;100544;7700;1;10059036243;B
20240408;100545;7699.5;40;10059036484;S
20240408;100545;7700;1;10059036535;B
20240408;100546;7700;12;10059036561;B
20240408;100546;7700;1;10059036726;B
20240408;100546;7700;50;10059036758;B
20240408;100547;7700;1;10059036926;B
20240408;100547;7699.5;15;10059037053;S
20240408;100547;7699.5;40;10059037054;S
20240408;100547;7699.5;40;10059037055;S
20240408;100547;7699.5;10;10059037056;S
20240408;100547;7699;40;10059037057;S
20240408;100547;7699;29;10059037058;S
20240408;100547;7698.5;40;10059037059;S
20240408;100547;7698.5;17;10059037060;S
20240408;100547;7698;10;10059037061;S
20240408;100547;7698;12;10059037062;B
20240408;100547;7698;6;10059037063;B
20240408;100548;7698;4;10059037225;B
20240408;100548;7698;1;10059037226;B
20240408;100548;7698;14;10059037274;B
20240408;100548;7698;1;10059037381;B
20240408;100548;7698;1;10059037382;B
20240408;100548;7698;12;10059037422;B
20240408;100548;7698;190;10059037474;B
20240408;100548;7699;15;10059037475;B
20240408;100548;7699;300;10059037476;B
20240408;100548;7699;10;10059037477;B
20240408;100548;7699.5;17;10059037478;B
20240408;100548;7700;23;10059037479;B
20240408;100549;7700;1;10059037621;B
20240408;100549;7700;2;10059037687;B
20240408;100550;7700;446;10059038052;B
20240408;100550;7700;1;10059038053;B
20240408;100550;7700;21;10059038054;B
20240408;100550;7700;20;10059038055;B
20240408;100550;7700;4;10059038056;B
20240408;100550;7700;10;10059038057;B
20240408;100550;7700;23;10059038058;B
20240408;100550;7700;45;10059038059;B
20240408;100550;7700;19;10059038060;B
20240408;100550;7700;50;10059038061;B
20240408;100550;7700;2;10059038062;B
20240408;100550;7700;5;10059038063;B
20240408;100550;7700.5;1;10059038064;B
20240408;100550;7700.5;1;10059038097;B
20240408;100550;7700.5;2;10059038157;B
20240408;100551;7700;1000;10059038302;S
20240408;100551;7700.5;5;10059038310;B
20240408;100551;7700.5;1;10059038311;B
20240408;100551;7701.5;4;10059038312;B
20240408;100551;7701.5;1;10059038313;B
20240408;100551;7701.5;5;10059038329;B
20240408;100551;7702;16;10059038330;B
20240408;100551;7703;4;10059038331;B
20240408;100552;7702;6;10059038605;S
20240408;100552;7702.5;1;10059038643;B
20240408;100554;7702.5;1;10059039084;B
20240408;100554;7702;1;10059039085;S
20240408;100554;7702;1;10059039086;S
20240408;100556;7702.5;9;10059039758;B
20240408;100556;7702.5;16;10059039759;B
20240408;100556;7703;16;10059039760;B
20240408;100556;7703;3;10059039761;B
20240408;100558;7703;1;10059040334;B
20240408;100559;7702.5;2;10059040697;B
20240408;100600;7703;1;10059040757;B
20240408;100600;7702.5;8;10059040848;S
20240408;100600;7702;10;10059040849;S
20240408;100600;7701;2;10059041195;B
20240408;100600;7701.5;13;10059041196;B
20240408;100601;7702;1;10059041344;B
20240408;100602;7700;100;10059041616;S
20240408;100602;7701;2;10059041697;B
20240408;100603;7700.5;13;10059041974;B
20240408;100603;7701;23;10059041975;B
20240408;100603;7701.5;17;10059041976;B
20240408;100603;7702;57;10059041977;B
20240408;100604;7702;24;10059042051;B
20240408;100604;7702;10;10059042052;B
20240408;100604;7702.5;392;10059042053;B
20240408;100604;7702.5;20;10059042104;B
20240408;100604;7702.5;1;10059042251;B
20240408;100605;7700.5;10;10059042351;S
20240408;100605;7700.5;3;10059042352;S
20240408;100606;7702.5;1;10059042791;B
20240408;100607;7701;25;10059043056;S
20240408;100607;7701;16;10059043057;S
20240408;100607;7701;23;10059043058;S
20240408;100607;7702;2;10059043157;B
20240408;100607;7702;10;10059043158;B
20240408;100607;7702.5;38;10059043159;B
20240408;100608;7701;4;10059043403;S
20240408;100610;7702;1;10059043905;B
20240408;100611;7702;1;10059044302;B
20240408;100611;7702;4;10059044303;B
20240408;100613;7701.5;1;10059044931;B
20240408;100614;7701.5;1;10059045105;B
20240408;100615;7701.5;3;10059045325;B
20240408;100615;7701;1;10059045339;S
20240408;100615;7702;1;10059045381;B
20240408;100615;7702;9;10059045382;B
20240408;100615;7701;1;10059045469;S
20240408;100615;7702;4;10059045495;B
20240408;100616;7701.5;30;10059045628;B
20240408;100616;7702;2;10059045629;B
20240408;100617;7701;1;10059045907;S
20240408;100617;7701;1;10059045908;S
20240408;100617;7701;4;10059045909;S
20240408;100617;7701.5;2;10059045948;B
20240408;100618;7700;6;10059046021;S
20240408;100618;7701.5;3;10059046047;B
20240408;100618;7701.5;2;10059046048;B
20240408;100618;7700;4;10059046261;S
20240408;100619;7700.5;10;10059046430;S
20240408;100620;7700;20;10059046594;S
20240408;100620;7700.5;1;10059046623;B
20240408;100623;7700.5;1;10059047193;B
20240408;100623;7700.5;1;10059047209;B
20240408;100623;7700.5;5;10059047230;B
20240408;100623;7700;10;10059047334;S
20240408;100624;7700.5;3;10059047452;B
20240408;100624;7700.5;1;10059047507;B
20240408;100624;7700;170;10059047657;S
20240408;100624;7700;44;10059047659;S
20240408;100625;7700;1;10059047695;S
20240408;100625;7700;4;10059047696;S
20240408;100626;7700.5;1;10059047976;B
20240408;100626;7700.5;2;10059048039;B
20240408;100626;7700;1;10059048049;S
20240408;100626;7700.5;17;10059048096;B
20240408;100626;7700;11;10059048176;S
20240408;100627;7700.5;1;10059048249;B
20240408;100628;7700.5;157;10059048450;B
20240408;100628;7700.5;16;10059048451;B
20240408;100628;7700.5;25;10059048452;B
20240408;100628;7700.5;2;10059048453;B
20240408;100628;7700.5;1;10059048590;B
20240408;100628;7700;5;10059048649;S
20240408;100628;7700;1;10059048680;S
20240408;100628;7700.5;10;10059048699;B
20240408;100629;7700.5;9;10059048728;B
20240408;100629;7700;1;10059048731;S
20240408;100630;7700.5;5;10059049000;B
20240408;100630;7700.5;50;10059049060;B
20240408;100630;7700;1;10059049061;S
20240408;100630;7700;2;10059049062;S
20240408;100630;7700.5;5;10059049116;B
20240408;100631;7700;1;10059049357;S
20240408;100631;7700.5;6;10059049384;B
20240408;100633;7700.5;100;10059049601;B
20240408;100633;7700.5;8;10059049704;B
20240408;100633;7700.5;1;10059049746;B
20240408;100633;7700.5;10;10059049812;B
20240408;100634;7700;10;10059049948;S
20240408;100635;7700.5;1;10059050203;B
20240408;100636;7700;2;10059050400;S
20240408;100637;7700;1;10059050516;S
20240408;100637;7700.5;10;10059050528;B
20240408;100637;7700;1;10059050607;S
20240408;100638;7700.5;13;10059050786;B
20240408;100639;7700.5;10;10059051186;B
20240408;100640;7700.5;11;10059051306;B
20240408;100640;7700.5;4;10059051404;B
20240408;100640;7700;88;10059051474;S
20240408;100640;7700;12;10059051475;S
20240408;100640;7700;3;10059051476;S
20240408;100640;7700;1;10059051477;S
20240408;100640;7700;20;10059051478;S
20240408;100640;7700;4;10059051479;S
20240408;100640;7700;30;10059051480;S
20240408;100640;7700;2;10059051481;S
20240408;100640;7700;50;10059051482;S
20240408;100640;7700;5;10059051483;S
20240408;100640;7700;6;10059051484;S
20240408;100640;7700;29;10059051485;S
20240408;100641;7700.5;150;10059051609;B
20240408;100642;7700.5;1;10059051898;B
20240408;100642;7700;105;10059052000;S
20240408;100643;7700;80;10059052344;S
20240408;100644;7700.5;1;10059052657;B
20240408;100645;7700.5;55;10059052891;B
20240408;100645;7700;2;10059052925;S
20240408;100645;7700;2;10059053092;S
20240408;100647;7700;51;10059053543;S
20240408;100648;7700.5;9;10059053874;B
20240408;100649;7700;200;10059054061;S
20240408;100649;7700;3;10059054063;S
20240408;100649;7700.5;6;10059054168;B
20240408;100650;7700;2;10059054422;S
20240408;100652;7700.5;9;10059054824;B
20240408;100653;7700;26;10059055048;S
20240408;100653;7700;4;10059055049;S
20240408;100654;7700.5;2;10059055279;B
20240408;100655;7700;3;10059055769;S
20240408;100655;7700;1;10059055770;S
20240408;100656;7700;2;10059055858;S
20240408;100657;7700;1;10059056015;S
20240408;100657;7700;1;10059056016;S
20240408;100657;7700.5;150;10059056088;B
20240408;100657;7700;1;10059056094;S
20240408;100658;7700;5;10059056300;S
20240408;100700;7700.5;5;10059056936;B
20240408;100701;7700.5;1;10059057140;B
20240408;100701;7700.5;2;10059057211;B
20240408;100702;7700;493;10059057312;S
20240408;100702;7700;3;10059057313;S
20240408;100702;7700;2;10059057314;S
20240408;100702;7700;2;10059057315;S
20240408;100703;7700;1;10059057580;S
20240408;100704;7700.5;1;10059057849;B
20240408;100704;7700.5;5;10059057894;B
20240408;100705;7700.5;2;10059057989;B
20240408;100705;7700;1;10059058068;S
20240408;100705;7700;19;10059058069;S
20240408;100707;7700.5;345;10059058493;B
20240408;100707;7700.5;12;10059058494;B
20240408;100707;7700.5;10;10059058495;B
20240408;100707;7700.5;4;10059058496;B
20240408;100707;7701;1;10059058536;B
20240408;100707;7700.5;10;10059058670;S
20240408;100709;7701;1;10059059002;B
20240408;100709;7701;1;10059059158;B
20240408;100710;7700.5;274;10059059413;S
20240408;100711;7700.5;2;10059059617;S
20240408;100711;7701;1;10059059622;B
20240408;100712;7700.5;6;10059059861;S
20240408;100712;7700.5;5;10059059990;S
20240408;100713;7700.5;332;10059060114;S
20240408;100713;7700.5;40;10059060115;S
20240408;100713;7700.5;19;10059060116;S
20240408;100713;7700.5;2;10059060117;S
20240408;100713;7700;107;10059060118;S
20240408;100713;7701.5;1;10059060160;B
20240408;100714;7700;1;10059060248;S
20240408;100714;7701.5;10;10059060316;B
20240408;100714;7701.5;1;10059060352;B
20240408;100715;7701.5;5;10059060631;B
20240408;100715;7700;1;10059060683;S
20240408;100715;7700;1;10059060779;S
20240408;100716;7701.5;12;10059060931;B
20240408;100716;7701.5;17;10059060932;B
20240408;100716;7700.5;3;10059061019;B
20240408;100717;7700.5;2;10059061057;B
20240408;100717;7700;1;10059061086;S
20240408;100717;7700.5;10;10059061145;B
20240408;100718;7700.5;64;10059061308;B
20240408;100720;7700;200;10059061904;S
20240408;100721;7700;20;10059062091;S
20240408;100721;7700.5;75;10059062098;B
20240408;100721;7700.5;20;10059062155;B
20240408;100722;7700.5;19;10059062355;B
20240408;100723;7700.5;1;10059062573;B
20240408;100723;7700;5;10059062659;S
20240408;100724;7700.5;1;10059062827;B
20240408;100725;7700;5;10059062956;S
20240408;100725;7700.5;8;10059063042;B
20240408;100726;7700.5;1;10059063254;B
20240408;100726;7700;15;10059063257;S
20240408;100727;7700.5;1;10059063526;B
20240408;100727;7700.5;2;10059063648;B
20240408;100728;7700.5;2;10059063922;B
20240408;100729;7700;33;10059064160;S
20240408;100731;7700.5;500;10059064522;B
20240408;100731;7700.5;1;10059064639;B
20240408;100732;7700.5;1;10059064845;B
20240408;100732;7700.5;1;10059064867;B
20240408;100733;7700.5;2;10059065023;B
20240408;100734;7700;24;10059065191;S
20240408;100734;7700.5;17;10059065252;B
20240408;100734;7700.5;1;10059065362;B
20240408;100735;7700.5;2;10059065476;B
20240408;100736;7700.5;23;10059065664;B
20240408;100736;7700;1;10059065724;S
20240408;100736;7700.5;1;10059065832;B
20240408;100738;7700;20;10059066460;S
20240408;100739;7700;3;10059066650;S
20240408;100740;7700.5;8;10059066841;B
20240408;100740;7700;10;10059066874;S
20240408;100740;7700.5;12;10059066905;B
20240408;100741;7700.5;160;10059066983;B
20240408;100741;7700.5;10;10059067040;B
20240408;100741;7700;34;10059067069;S
20240408;100741;7700;2;10059067070;S
20240408;100741;7700;5;10059067071;S
20240408;100741;7700;9;10059067072;S
20240408;100742;7700.5;1;10059067326;B
20240408;100743;7700;2;10059067406;S
20240408;100745;7700.5;4;10059068007;B
20240408;100745;7700.5;19;10059068008;B
20240408;100746;7700;30;10059068122;S
20240408;100746;7700.5;28;10059068208;B
20240408;100746;7700.5;5;10059068209;B
20240408;100746;7700.5;27;10059068210;B
20240408;100746;7700.5;2;10059068211;B
20240408;100746;7700.5;1;10059068366;B
20240408;100747;7700.5;1;10059068439;B
20240408;100747;7700;1;10059068485;S
20240408;100748;7700.5;1;10059068582;B
20240408;100749;7700.5;5;10059068818;B
20240408;100749;7700;4;10059068819;S
20240408;100749;7700.5;13;10059068856;B
20240408;100749;7700.5;7;10059068857;B
20240408;100750;7700;4;10059068968;S
20240408;100750;7700;10;10059068969;S
20240408;100750;7700;5;10059068970;S
20240408;100750;7700;3;10059068971;S
20240408;100750;7700.5;5;10059069064;B
20240408;100750;7701;2;10059069089;B
20240408;100750;7701;8;10059069090;B
20240408;100751;7701;1;10059069118;B
20240408;100751;7701.5;3;10059069134;B
20240408;100751;7701.5;1;10059069256;B
20240408;100752;7701.5;2;10059069468;B
20240408;100753;7701.5;6;10059069601;B
20240408;100753;7701;10;10059069696;S
20240408;100753;7701;5;10059069697;S
20240408;100753;7701;1;10059069743;S
20240408;100754;7701;2;10059069836;S
20240408;100754;7701.5;1;10059069940;B
20240408;100755;7701;25;10059070214;S
20240408;100755;7701;5;10059070215;S
20240408;100756;7701.5;1;10059070364;B
20240408;100757;7701;2;10059070504;S
20240408;100757;7701;1;10059070545;S
20240408;100757;7701;4;10059070674;S
20240408;100758;7701;38;10059070701;S
20240408;100758;7700.5;2;10059070702;S
20240408;100758;7701;1;10059070741;B
20240408;100759;7701;11;10059071067;B
20240408;100800;7701.5;1;10059071210;B
20240408;100800;7701.5;1;10059071234;B
20240408;100801;7701;1;10059071542;B
20240408;100804;7700.5;3;10059072477;S
20240408;100804;7700.5;20;10059072478;S
20240408;100804;7700.5;2;10059072479;S
20240408;100804;7700.5;2;10059072480;S
20240408;100804;7700.5;2;10059072481;S
20240408;100804;7700.5;1;10059072482;S
20240408;100804;7700;2;10059072483;S
20240408;100805;7700.5;1;10059072563;B
20240408;100805;7700;1;10059072594;S
20240408;100805;7700.5;1;10059072677;B
20240408;100805;7700.5;3;10059072705;B
20240408;100806;7700;24;10059072887;S
20240408;100806;7700;1;10059072888;S
20240408;100806;7700;1;10059072889;S
20240408;100806;7700;1;10059072890;S
20240408;100806;7700;1;10059072891;S
20240408;100806;7700;1;10059072892;S
20240408;100806;7700;71;10059072893;S
20240408;100807;7700.5;9;10059072989;B
20240408;100807;7700;2;10059073057;S
20240408;100807;7700;100;10059073086;S
20240408;100808;7700.5;33;10059073214;B
20240408;100808;7700.5;17;10059073215;B
20240408;100810;7700.5;2;10059073767;B
20240408;100810;7700;6;10059073823;S
20240408;100811;7700.5;3;10059073953;B
20240408;100811;7700.5;2;10059074007;B
20240408;100811;7700.5;1;10059074012;B
20240408;100812;7700;26;10059074083;S
20240408;100812;7700.5;2;10059074085;B
20240408;100812;7700.5;2;10059074160;B
20240408;100812;7700.5;10;10059074161;B
20240408;100812;7700.5;3;10059074162;B
20240408;100813;7700.5;2;10059074353;B
20240408;100814;7700.5;1;10059074514;B
20240408;100814;7700;2;10059074598;S
20240408;100815;7700.5;1;10059074679;B
20240408;100815;7700.5;1;10059074851;B
20240408;100815;7700;3;10059074895;S
20240408;100816;7700.5;1;10059074973;B
20240408;100816;7700;50;10059075081;S
20240408;100817;7700.5;8;10059075166;B
20240408;100817;7700.5;9;10059075169;B
20240408;100817;7700.5;1;10059075170;B
20240408;100817;7700.5;29;10059075171;B
20240408;100817;7700.5;10;10059075172;B
20240408;100817;7700.5;2;10059075208;B
20240408;100818;7700;7;10059075461;S
20240408;100819;7700.5;3;10059075609;B
20240408;100820;7700;1;10059075931;S
20240408;100821;7700.5;29;10059076161;B
20240408;100821;7701;1;10059076162;B
20240408;100821;7701;1;10059076163;B
20240408;100821;7701;19;10059076164;B
20240408;100821;7701;1;10059076311;B
20240408;100822;7700.5;2;10059076354;S
20240408;100822;7700.5;17;10059076413;B
20240408;100822;7700;5;10059076437;S
20240408;100823;7700;3;10059076578;S
20240408;100824;7700;274;10059076720;S
20240408;100824;7700;10;10059076721;S
20240408;100824;7700;1;10059076722;S
20240408;100824;7700;13;10059076723;S
20240408;100824;7700;10;10059076724;S
20240408;100824;7700;6;10059076725;S
20240408;100824;7700;1;10059076726;S
20240408;100824;7700;1;10059076727;S
20240408;100824;7700;2;10059076728;S
20240408;100824;7700;4;10059076729;S
20240408;100824;7700;4;10059076730;S
20240408;100824;7700;100;10059076731;S
20240408;100824;7700;13;10059076732;S
20240408;100824;7700;2;10059076733;S
20240408;100824;7700;20;10059076734;S
20240408;100824;7700;10;10059076735;S
20240408;100824;7700;29;10059076736;S
20240408;100824;7700.5;31;10059076889;B
20240408;100824;7701;9;10059076890;B
20240408;100824;7700;2;10059076929;S
20240408;100825;7700;1;10059077025;S
20240408;100826;7701;5;10059077220;B
20240408;100826;7700;2;10059077332;S
20240408;100827;7700;64;10059077486;S
20240408;100827;7701;16;10059077553;B
20240408;100827;7701;4;10059077554;B
20240408;100828;7700;6;10059077640;S
20240408;100828;7700;8;10059077666;S
20240408;100828;7701;2;10059077846;B
20240408;100830;7700.5;14;10059078141;S
20240408;100830;7700;6;10059078142;S
20240408;100830;7700.5;1;10059078216;B
20240408;100831;7700;35;10059078331;S
20240408;100834;7700;10;10059078871;S
20240408;100834;7700.5;1;10059078878;B
20240408;100835;7700.5;3;10059079024;B
20240408;100835;7700.5;13;10059079039;B
20240408;100835;7700.5;1;10059079068;B
20240408;100835;7700.5;20;10059079075;B
20240408;100835;7700.5;30;10059079170;B
20240408;100836;7700;50;10059079217;S
20240408;100836;7700.5;50;10059079279;B
20240408;100836;7700.5;9;10059079290;B
20240408;100836;7700.5;2;10059079312;B
20240408;100837;7700;100;10059079430;S
20240408;100837;7700.5;13;10059079461;B
20240408;100837;7700.5;1;10059079481;B
20240408;100838;7700;476;10059079631;S
20240408;100838;7700;1;10059079632;S
20240408;100838;7700;13;10059079633;S
20240408;100838;7700;10;10059079634;S
20240408;100838;7700.5;13;10059079761;B
20240408;100838;7700.5;5;10059079763;B
20240408;100841;7700;1;10059080407;S
20240408;100841;7700.5;39;10059080416;B
20240408;100841;7700.5;1;10059080417;B
20240408;100842;7700.5;9;10059080520;B
20240408;100842;7701;6;10059080521;B
20240408;100842;7700.5;20;10059080537;S
20240408;100842;7701;20;10059080567;B
20240408;100842;7700.5;2;10059080642;S
20240408;100842;7701;18;10059080693;B
20240408;100842;7701;20;10059080694;B
20240408;100842;7701;10;10059080695;B
20240408;100842;7701;12;10059080696;B
20240408;100842;7701;1;10059080697;B
20240408;100842;7701;10;10059080698;B
20240408;100842;7701.5;3;10059080699;B
20240408;100843;7700.5;31;10059080721;S
20240408;100843;7700;4;10059080855;S
20240408;100844;7700;60;10059081006;S
20240408;100845;7700.5;10;10059081184;B
20240408;100846;7700;6;10059081419;S
20240408;100846;7700.5;9;10059081420;B
20240408;100846;7700.5;6;10059081421;B
20240408;100847;7700;31;10059081454;S
20240408;100847;7700;10;10059081575;S
20240408;100847;7700;2;10059081620;S
20240408;100847;7701;2;10059081643;B
20240408;100848;7701;10;10059081805;B
20240408;100848;7701;3;10059081806;B
20240408;100851;7701;1;10059082238;B
20240408;100851;7701;1;10059082411;B
20240408;100853;7700;1;10059082753;S
20240408;100856;7701;13;10059083307;B
20240408;100856;7700;5;10059083326;S
20240408;100857;7700;2;10059083512;S
20240408;100858;7701;1;10059083646;B
20240408;100858;7700;20;10059083792;S
20240408;100859;7700;16;10059083856;S
20240408;100900;7700;2;10059084133;S
20240408;100901;7700;30;10059084345;S
20240408;100901;7700;1;10059084346;S
20240408;100901;7700;3;10059084347;S
20240408;100901;7700;6;10059084348;S
20240408;100902;7700;20;10059084413;S
20240408;100902;7700.5;1;10059084503;B
20240408;100902;7700.5;1;10059084519;B
20240408;100903;7700;4;10059084732;S
20240408;100903;7700;7;10059084733;S
20240408;100903;7700;20;10059084734;S
20240408;100903;7700;8;10059084735;S
20240408;100903;7700;11;10059084736;S
20240408;100903;7700.5;18;10059084743;B
20240408;100903;7700.5;33;10059084744;B
20240408;100903;7700.5;17;10059084745;B
20240408;100903;7701;31;10059084746;B
20240408;100904;7700;10;10059084956;S
20240408;100905;7700.5;10;10059085003;B
20240408;100905;7700.5;7;10059085070;B
20240408;100905;7700.5;6;10059085071;B
20240408;100905;7701;1;10059085097;B
20240408;100909;7701;1;10059085690;B
20240408;100909;7701;5;10059085703;B
20240408;100909;7700.5;1;10059085783;S
20240408;100910;7701;2;10059085996;B
20240408;100911;7701;1;10059086140;B
20240408;100911;7700.5;1;10059086141;S
20240408;100911;7701;1;10059086317;B
20240408;100911;7701;1;10059086335;B
20240408;100912;7701;1;10059086413;B
20240408;100913;7701;1;10059086556;B
20240408;100913;7700.5;1;10059086570;S
20240408;100913;7701;1;10059086576;B
20240408;100913;7701;4;10059086635;B
20240408;100913;7701;1;10059086636;B
20240408;100913;7701;1;10059086641;B
20240408;100914;7701;1;10059086710;B
20240408;100914;7701;5;10059086778;B
20240408;100914;7701;5;10059086891;B
20240408;100915;7701;7;10059087046;B
20240408;100916;7700.5;1;10059087113;S
20240408;100916;7701;1;10059087286;B
20240408;100917;7700.5;5;10059087297;S
20240408;100917;7700.5;1;10059087451;S
20240408;100921;7701;8;10059088207;B
20240408;100921;7700.5;5;10059088354;S
20240408;100921;7701;4;10059088432;B
20240408;100922;7700.5;1;10059088491;S
20240408;100922;7701;12;10059088530;B
20240408;100922;7701;3;10059088531;B
20240408;100922;7700.5;34;10059088581;S
20240408;100922;7700.5;4;10059088582;S
20240408;100923;7701;3;10059088638;B
20240408;100923;7701;9;10059088639;B
20240408;100923;7700.5;13;10059088698;S
20240408;100923;7701;3;10059088724;B
20240408;100923;7701;1;10059088805;B
20240408;100924;7701;4;10059088876;B
20240408;100924;7701;1;10059088877;B
20240408;100924;7701;2;10059088878;B
20240408;100924;7701;5;10059088879;B
20240408;100926;7701;2;10059089187;B
20240408;100927;7700.5;10;10059089486;S
20240408;100927;7701;10;10059089523;B
20240408;100928;7701;3;10059089563;B
20240408;100928;7701;2;10059089564;B
20240408;100928;7701;15;10059089565;B
20240408;100928;7701;33;10059089593;S
20240408;100928;7700.5;90;10059089594;S
20240408;100928;7700.5;1;10059089595;S
20240408;100928;7700.5;20;10059089596;S
20240408;100928;7700.5;43;10059089597;S
20240408;100928;7700.5;10;10059089598;S
20240408;100928;7700.5;9;10059089599;S
20240408;100928;7700;294;10059089600;S
20240408;100930;7701;5;10059089985;B
20240408;100934;7700.5;33;10059090792;S
20240408;100935;7700;1;10059090974;S
20240408;100935;7700.5;1;10059091007;B
20240408;100936;7700.5;9;10059091368;B
20240408;100937;7700;1;10059091621;S
20240408;100938;7700;10;10059091764;S
20240408;100939;7700.5;1;10059091902;B
20240408;100940;7700;257;10059092108;S
20240408;100940;7700;50;10059092109;S
20240408;100940;7700;135;10059092110;S
20240408;100940;7700;1;10059092111;S
20240408;100940;7700;1;10059092112;S
20240408;100940;7700;18;10059092113;S
20240408;100940;7700;38;10059092114;S
20240408;100940;7700;3;10059092196;S
20240408;100940;7700.5;2;10059092220;B
20240408;100940;7700;50;10059092259;S
20240408;100941;7700.5;1;10059092359;B
20240408;100941;7700.5;3;10059092406;B
20240408;100941;7700.5;3;10059092407;B
20240408;100942;7700.5;12;10059092453;B
20240408;100942;7700.5;1;10059092500;B
20240408;100943;7700;50;10059092626;S
20240408;100943;7700.5;1;10059092640;B
20240408;100943;7700.5;19;10059092641;B
20240408;100943;7700.5;4;10059092778;B
20240408;100944;7700;50;10059092862;S
20240408;100944;7700.5;17;10059092869;B
20240408;100944;7700;3;10059092900;S
20240408;100945;7700;1;10059093116;S
20240408;100945;7700.5;1;10059093135;B
20240408;100946;7700;50;10059093236;S
20240408;100946;7700;50;10059093264;S
20240408;100946;7700.5;32;10059093321;B
20240408;100946;7700;246;10059093446;S
20240408;100946;7700;50;10059093447;S
20240408;100946;7700;2;10059093448;S
20240408;100946;7700;2;10059093449;S
20240408;100947;7700;50;10059093604;S
20240408;100948;7700.5;1;10059093749;B
20240408;100949;7700.5;8;10059093828;B
20240408;100950;7700;2;10059094139;S
20240408;100952;7700;466;10059094537;S
20240408;100953;7700;200;10059094675;S
20240408;100953;7700.5;2;10059094701;B
20240408;100954;7700.5;15;10059094787;B
20240408;100955;7700;299;10059095203;S
20240408;100955;7700;20;10059095204;S
20240408;100956;7700;1;10059095289;S
20240408;100956;7700.5;14;10059095394;B
20240408;100956;7700.5;1;10059095413;B
20240408;100957;7700;4;10059095489;S
20240408;100958;7700.5;1;10059095673;B
20240408;100958;7700;7;10059095677;S
20240408;100958;7700;1;10059095764;S
20240408;100959;7700;1;10059095844;S
20240408;100959;7700;2;10059095863;S
20240408;100959;7700.5;1;10059095985;B
20240408;101000;7700;2;10059096191;S
20240408;101001;7700;6;10059096216;S
20240408;101001;7700.5;1;10059096218;B
20240408;101002;7700;3;10059096418;S
20240408;101003;7700;20;10059096658;S
20240408;101004;7700;50;10059096845;S
20240408;101006;7700.5;9;10059097313;B
20240408;101007;7700;50;10059097388;S
20240408;101007;7700;5;10059097419;S
20240408;101007;7700.5;4;10059097445;B
20240408;101007;7700;2;10059097446;S
20240408;101008;7700.5;1;10059097564;B
20240408;101008;7700.5;1;10059097629;B
20240408;101008;7700.5;15;10059097673;B
20240408;101008;7700.5;1;10059097713;B
20240408;101008;7700;50;10059097739;S
20240408;101008;7700.5;50;10059097773;B
20240408;101012;7700.5;1;10059098571;B
20240408;101012;7700.5;1;10059098651;B
20240408;101013;7700;2;10059098779;S
20240408;101015;7700;1;10059099128;S
20240408;101016;7700;306;10059099226;S
20240408;101016;7700;1;10059099227;S
20240408;101016;7700;1;10059099228;S
20240408;101016;7700;1;10059099229;S
20240408;101016;7700;29;10059099230;S
20240408;101016;7700;5;10059099231;S
20240408;101016;7700;1;10059099232;S
20240408;101016;7700;5;10059099233;S
20240408;101016;7700;1;10059099234;S
20240408;101016;7700;150;10059099235;S
20240408;101016;7700.5;5;10059099254;B
20240408;101016;7700;10;10059099338;S
20240408;101016;7700;50;10059099365;S
20240408;101016;7700.5;10;10059099377;B
20240408;101018;7700.5;1;10059099722;B
20240408;101019;7700.5;7;10059099979;B
20240408;101020;7700.5;1;10059100037;B
20240408;101020;7700.5;1;10059100061;B
20240408;101020;7700;2;10059100111;S
20240408;101021;7700.5;1;10059100409;B
20240408;101021;7700.5;1;10059100497;B
20240408;101022;7700;3;10059100609;S
20240408;101022;7700;3;10059100727;S
20240408;101024;7700.5;4;10059101121;B
20240408;101025;7700.5;178;10059101334;B
20240408;101026;7700;10;10059101665;S
20240408;101026;7700.5;10;10059101669;B
20240408;101027;7700;1;10059101715;S
20240408;101027;7700;347;10059101755;S
20240408;101027;7700;29;10059101756;S
20240408;101027;7700;70;10059101757;S
20240408;101027;7700;30;10059101758;S
20240408;101027;7700;18;10059101759;S
20240408;101027;7700;5;10059101760;S
20240408;101027;7700;1;10059101761;S
20240408;101027;7700;2;10059101762;S
20240408;101027;7700;1;10059101897;S
20240408;101030;7700;91;10059102613;S
20240408;101031;7700.5;5;10059103099;B
20240408;101032;7700.5;1;10059103194;B
20240408;101032;7700;2;10059103414;S
20240408;101033;7700.5;1;10059103455;B
20240408;101033;7700;5;10059103456;S
20240408;101033;7700.5;55;10059103738;B
20240408;101034;7700.5;55;10059104005;B
20240408;101035;7700.5;50;10059104331;B
20240408;101036;7700;50;10059104621;S
20240408;101036;7700.5;6;10059104668;B
20240408;101039;7700;1;10059105325;S
20240408;101039;7700.5;4;10059105468;B
20240408;101040;7700;1;10059105502;S
20240408;101040;7700;2;10059105581;S
20240408;101041;7700.5;1;10059105919;B
20240408;101042;7700.5;1;10059106092;B
20240408;101043;7700;1;10059106251;S
20240408;101043;7700.5;64;10059106254;B
20240408;101044;7700;339;10059106362;S
20240408;101044;7700;29;10059106363;S
20240408;101044;7700;33;10059106364;S
20240408;101044;7700;16;10059106365;S
20240408;101044;7700;40;10059106366;S
20240408;101044;7700;30;10059106367;S
20240408;101044;7700;1;10059106368;S
20240408;101044;7700;1;10059106369;S
20240408;101044;7700;10;10059106370;S
20240408;101044;7700;1;10059106371;S
20240408;101044;7700;3;10059106425;S
20240408;101046;7700.5;1;10059106885;B
20240408;101046;7700;2;10059106906;S
20240408;101047;7700;50;10059107172;S
20240408;101048;7700.5;1;10059107388;B
20240408;101049;7700.5;7;10059107562;B
20240408;101049;7700;3;10059107624;S
20240408;101050;7700;5;10059107897;S
20240408;101051;7700;250;10059108109;S
20240408;101052;7700.5;4;10059108260;B
20240408;101052;7700.5;12;10059108362;B
20240408;101053;7700;50;10059108578;S
20240408;101054;7700.5;1;10059108878;B
20240408;101054;7700.5;16;10059108883;B
20240408;101056;7700.5;1;10059109242;B
20240408;101057;7700.5;13;10059109406;B
20240408;101058;7700.5;2;10059109534;B
20240408;101059;7700.5;5;10059109830;B
20240408;101059;7700.5;1;10059109913;B
20240408;101100;7700;395;10059109945;S
20240408;101100;7700;33;10059109946;S
20240408;101100;7700;40;10059109947;S
20240408;101100;7700;12;10059109948;S
20240408;101100;7700;10;10059109949;S
20240408;101100;7700;2;10059109950;S
20240408;101100;7700;6;10059109951;S
20240408;101100;7700;1;10059109952;S
20240408;101100;7700.5;100;10059110102;B
20240408;101100;7700.5;2;10059110135;B
20240408;101100;7700;50;10059110175;S
20240408;101102;7700;50;10059110676;S
20240408;101103;7700.5;12;10059110749;B
20240408;101103;7700.5;1;10059110810;B
20240408;101103;7700;2;10059110938;S
20240408;101104;7700.5;1;10059110970;B
20240408;101104;7700;10;10059110982;S
20240408;101104;7700;2;10059110996;S
20240408;101105;7700.5;3;10059111275;B
20240408;101105;7700.5;2;10059111339;B
20240408;101105;7700;2;10059111367;S
20240408;101109;7700.5;50;10059112266;B
20240408;101111;7700.5;10;10059112893;B
20240408;101111;7700.5;5;10059113040;B
20240408;101113;7700;1;10059113492;S
20240408;101113;7700.5;50;10059113657;B
20240408;101114;7700;10;10059113715;S
20240408;101114;7700;10;10059113718;S
20240408;101114;7700;50;10059113751;S
20240408;101114;7700;1;10059113801;S
20240408;101115;7700.5;2;10059114000;B
20240408;101115;7700.5;55;10059114186;B
20240408;101115;7700.5;17;10059114187;B
20240408;101115;7700.5;4;10059114188;B
20240408;101115;7700.5;5;10059114189;B
20240408;101115;7700.5;2;10059114190;B
20240408;101115;7700.5;2;10059114191;B
20240408;101115;7700.5;50;10059114192;B
20240408;101115;7700.5;150;10059114193;B
20240408;101115;7700.5;1;10059114194;B
20240408;101115;7700.5;10;10059114195;B
20240408;101115;7701;5;10059114196;B
20240408;101115;7701;2;10059114197;B
20240408;101115;7701;15;10059114198;B
20240408;101115;7701.5;7;10059114199;B
20240408;101115;7701.5;1000;10059114200;B
20240408;101115;7701.5;1;10059114201;B
20240408;101115;7701.5;1;10059114202;B
20240408;101115;7701.5;100;10059114203;B
20240408;101115;7702;35;10059114227;B
20240408;101115;7702;1;10059114228;B
20240408;101115;7702;5;10059114229;B
20240408;101115;7702;2;10059114230;B
20240408;101115;7702;17;10059114231;B
20240408;101115;7702.5;90;10059114232;B
20240408;101115;7702.5;67;10059114233;B
20240408;101115;7702.5;1;10059114234;B
20240408;101115;7702.5;1;10059114235;B
20240408;101115;7702.5;10;10059114236;B
20240408;101115;7702.5;20;10059114269;B
20240408;101116;7702.5;16;10059114392;B
20240408;101117;7702.5;1;10059114584;B
20240408;101117;7702.5;50;10059114688;B
20240408;101118;7702;4;10059114831;S
20240408;101118;7702;6;10059114846;S
20240408;101118;7702;27;10059114847;S
20240408;101118;7702.5;1;10059114896;B
20240408;101118;7702;1;10059114989;S
20240408;101119;7702;12;10059115206;S
20240408;101119;7702;10;10059115207;S
20240408;101119;7702;29;10059115208;S
20240408;101119;7702;3;10059115209;S
20240408;101119;7702;30;10059115714;S
20240408;101122;7702;1;10059116419;B
20240408;101122;7702;1;10059116439;B
20240408;101122;7702;1;10059116478;B
20240408;101123;7701;1;10059116665;S
20240408;101126;7701.5;17;10059117328;B
20240408;101126;7702;6;10059117329;B
20240408;101126;7700.5;33;10059117355;S
20240408;101126;7700.5;22;10059117356;S
20240408;101126;7700.5;10;10059117357;S
20240408;101126;7700;925;10059117358;S
20240408;101126;7700;10;10059117359;S
20240408;101126;7701.5;1;10059117462;B
20240408;101127;7701.5;10;10059117593;B
20240408;101127;7701.5;6;10059117629;B
20240408;101127;7702;2;10059117630;B
20240408;101128;7700.5;5;10059117834;S
20240408;101131;7701;1;10059118477;B
20240408;101131;7700.5;35;10059118514;S
20240408;101131;7700.5;15;10059118515;S
20240408;101131;7701;2;10059118612;B
20240408;101132;7700.5;1;10059118667;S
20240408;101134;7701;92;10059119222;B
20240408;101134;7701;17;10059119223;B
20240408;101134;7701;10;10059119224;B
20240408;101134;7701.5;5;10059119225;B
20240408;101134;7701.5;27;10059119226;B
20240408;101134;7701.5;1000;10059119227;B
20240408;101134;7702;12;10059119228;B
20240408;101134;7702.5;283;10059119229;B
20240408;101134;7702.5;10;10059119230;B
