<DATE>;<TIME>;<LAST>;<VOL>;<ID>;<OPER>
20240502;095954;8096.5;1;10255678555;S
20240502;095954;8096.5;9;10255678556;S
20240502;095954;8096.5;1;10255678557;S
20240502;095954;8096.5;1;10255678558;S
20240502;095954;8096.5;1;10255678559;S
20240502;095954;8096.5;6;10255678560;S
20240502;095954;8096.5;1;10255678561;B
20240502;095954;8096.5;55;10255678562;B
20240502;095954;8096.5;5;10255678563;B
20240502;095954;8096.5;3;10255678564;S
20240502;095954;8096.5;1;10255678565;S
20240502;095954;8096.5;3;10255678566;S
20240502;095954;8096.5;13;10255678567;S
20240502;095954;8096.5;10;10255678568;S
20240502;095954;8096.5;8;10255678569;S
20240502;095954;8096.5;2;10255678570;S
20240502;095954;8096.5;4;10255678571;S
20240502;095954;8096.5;1;10255678572;S
20240502;095954;8096.5;1;10255678573;S
20240502;095954;8096.5;1;10255678574;S
20240502;095954;8096.5;1;10255678575;S
20240502;095954;8096.5;1;10255678576;S
20240502;095954;8096.5;34;10255678577;S
20240502;095954;8096.5;1;10255678578;S
20240502;095954;8096.5;5;10255678579;S
20240502;095954;8096.5;1;10255678580;S
20240502;095954;8096.5;1;10255678581;S
20240502;095954;8096.5;2;10255678582;S
20240502;095954;8096.5;17;10255678583;S
20240502;095954;8096.5;1;10255678584;S
20240502;095954;8096.5;17;10255678585;S
20240502;095954;8096.5;1;10255678586;S
20240502;095954;8096.5;9;10255678587;S
20240502;095954;8096.5;3;10255678588;S
20240502;095954;8096.5;1;10255678589;S
20240502;095954;8096.5;1;10255678590;S
20240502;095954;8096.5;4;10255678591;S
20240502;095954;8096.5;1;10255678592;S
20240502;095954;8096.5;1;10255678593;S
20240502;095954;8096.5;25;10255678594;S
20240502;095954;8096.5;7;10255678595;S
20240502;095954;8096.5;1;10255678596;B
20240502;095954;8096.5;39;10255678597;B
20240502;095954;8096.5;1;10255678598;B
20240502;095954;8096.5;10;10255678599;B
20240502;095954;8096.5;112;10255678600;B
20240502;095954;8096.5;146;10255678601;B
20240502;095954;8096.5;3;10255678602;B
20240502;095954;8096.5;1;10255678603;B
20240502;095954;8096.5;1;10255678604;B
20240502;095954;8096.5;11;10255678605;B
20240502;095954;8096.5;2;10255678606;B
20240502;095954;8096.5;35;10255678607;B
20240502;095954;8096.5;1;10255678608;S
20240502;095954;8096.5;3;10255678609;S
20240502;095954;8096.5;4;10255678610;S
20240502;095954;8096.5;1;10255678611;S
20240502;095954;8096.5;6;10255678612;S
20240502;095954;8096.5;1;10255678613;S
20240502;095954;8096.5;1;10255678614;S
20240502;095954;8096.5;1;10255678615;S
20240502;095954;8096.5;1;10255678616;S
20240502;095954;8096.5;4;10255678617;S
20240502;095954;8096.5;3;10255678618;S
20240502;095954;8096.5;5;10255678619;S
20240502;095954;8096.5;1;10255678620;S
20240502;095954;8096.5;10;10255678621;S
20240502;095954;8096.5;1;10255678622;B
20240502;095954;8096.5;12;10255678623;B
20240502;095954;8096.5;2;10255678624;B
20240502;095954;8096.5;3;10255678625;B
20240502;095954;8096.5;2;10255678626;B
20240502;095954;8096.5;13;10255678627;S
20240502;095954;8096.5;1;10255678628;B
20240502;095954;8096.5;19;10255678629;B
20240502;095954;8096.5;10;10255678630;B
20240502;095954;8096.5;1;10255678631;B
20240502;095954;8096.5;33;10255678632;B
20240502;095954;8096.5;1;10255678633;B
20240502;095954;8096.5;8;10255678634;B
20240502;095954;8096.5;1;10255678635;B
20240502;095954;8096.5;1;10255678636;B
20240502;095954;8096.5;12;10255678637;B
20240502;095954;8096.5;1;10255678638;B
20240502;095954;8096.5;21;10255678639;B
20240502;095954;8096.5;8;10255678640;B
20240502;095954;8096.5;40;10255678641;B
20240502;095954;8096.5;2;10255678642;B
20240502;095954;8096.5;1;10255678643;B
20240502;095954;8096.5;7;10255678644;B
20240502;095954;8096.5;22;10255678645;B
20240502;095954;8096.5;1;10255678646;S
20240502;095954;8096.5;15;10255678647;S
20240502;095954;8096.5;1;10255678648;S
20240502;095954;8096.5;10;10255678649;S
20240502;095954;8096.5;1;10255678650;B
20240502;095954;8096.5;1;10255678651;S
20240502;095954;8096.5;1;10255678652;S
20240502;095954;8096.5;1;10255678653;S
20240502;095954;8096.5;5;10255678654;B
20240502;095954;8096.5;24;10255678655;B
20240502;095954;8096.5;10;10255678656;S
20240502;095954;8096.5;10;10255678657;B
20240502;095954;8096.5;5;10255678658;B
20240502;095954;8096.5;4;10255678659;B
20240502;095954;8096.5;1;10255678660;B
20240502;095954;8096.5;23;10255678661;B
20240502;095954;8096.5;4;10255678662;B
20240502;095954;8096.5;1;10255678663;B
20240502;095954;8096.5;2;10255678664;B
20240502;095954;8096.5;2;10255678665;B
20240502;095954;8096.5;5;10255678666;B
20240502;095954;8096.5;1;10255678667;B
20240502;095954;8096.5;6;10255678668;B
20240502;095954;8096.5;11;10255678669;B
20240502;095954;8096.5;1;10255678670;B
20240502;095954;8096.5;50;10255678671;B
20240502;095954;8096.5;5;10255678672;B
20240502;095954;8096.5;5;10255678673;B
20240502;095954;8096.5;5;10255678674;B
20240502;095954;8096.5;2;10255678675;B
20240502;095954;8096.5;4;10255678676;S
20240502;095954;8096.5;10;10255678677;S
20240502;095954;8096.5;13;10255678678;B
20240502;095954;8096.5;1;10255678679;B
20240502;095954;8096.5;5;10255678680;B
20240502;095954;8096.5;9;10255678681;S
20240502;095954;8096.5;44;10255678682;S
20240502;095954;8096.5;2;10255678683;S
20240502;095954;8096.5;33;10255678684;S
20240502;095954;8096.5;23;10255678685;B
20240502;095954;8096.5;100;10255678686;B
20240502;095954;8096.5;5;10255678687;B
20240502;095954;8096.5;8;10255678688;B
20240502;095954;8096.5;65;10255678689;B
20240502;095954;8096.5;10;10255678690;B
20240502;095954;8096.5;17;10255678691;B
20240502;095954;8096.5;1;10255678692;B
20240502;095954;8096.5;1;10255678693;B
20240502;095954;8096.5;25;10255678694;B
20240502;095954;8096.5;3;10255678695;B
20240502;095954;8096.5;1;10255678696;B
20240502;095954;8096.5;1;10255678697;B
20240502;095954;8096.5;2;10255678698;B
20240502;095954;8096.5;1;10255678699;B
20240502;095954;8096.5;1;10255678700;B
20240502;095954;8096.5;6;10255678701;B
20240502;095954;8096.5;1;10255678702;B
20240502;095954;8096.5;47;10255678703;B
20240502;095954;8096.5;2;10255678704;B
20240502;095954;8096.5;246;10255678705;B
20240502;100000;8096.5;27;10255679892;S
20240502;100000;8097;1;10255680628;B
20240502;100000;8097;1;10255680629;B
20240502;100001;8096.5;20;10255681074;S
20240502;100001;8097;3;10255681397;B
20240502;100001;8098;20;10255681398;B
20240502;100001;8098.5;2;10255681399;B
20240502;100001;8098.5;10;10255681848;B
20240502;100001;8099;1;10255681849;B
20240502;100001;8099;3;10255681850;B
20240502;100002;8099;2;10255682558;B
20240502;100004;8096.5;1;10255684125;S
20240502;100006;8097;1;10255686086;B
20240502;100006;8097;1;10255686152;B
20240502;100006;8098.5;1;10255686153;B
20240502;100006;8096.5;1;10255686157;S
20240502;100006;8099;1;10255686686;B
20240502;100006;8098.5;10;10255687010;B
20240502;100006;8099;2;10255687011;B
20240502;100006;8097.5;2;10255687012;S
20240502;100007;8097.5;1;10255687729;S
20240502;100007;8098.5;1;10255687731;B
20240502;100007;8096.5;3;10255687868;S
20240502;100007;8098.5;1;10255687871;B
20240502;100007;8098.5;1;10255687878;B
20240502;100007;8098.5;1;10255688759;B
20240502;100007;8096.5;1;10255688766;S
20240502;100007;8096.5;10;10255688778;S
20240502;100007;8098.5;6;10255689193;B
20240502;100007;8099;92;10255689194;B
20240502;100007;8099;25;10255689195;B
20240502;100007;8099;13;10255689196;B
20240502;100007;8099.5;10;10255689197;B
20240502;100007;8099.5;32;10255689198;B
20240502;100007;8100;2;10255689199;B
20240502;100007;8100;30;10255689200;B
20240502;100007;8100;1;10255689201;B
20240502;100007;8100;20;10255689202;B
20240502;100007;8100;75;10255689203;B
20240502;100007;8100;1;10255689204;B
20240502;100007;8100;10;10255689205;B
20240502;100007;8100;93;10255689206;B
20240502;100007;8100;9;10255689207;B
20240502;100007;8100;10;10255689208;B
20240502;100007;8100;1;10255689209;B
20240502;100007;8100.5;1;10255689210;B
20240502;100007;8101;40;10255689211;B
20240502;100007;8101.5;20;10255689212;B
20240502;100007;8101.5;40;10255689213;B
20240502;100007;8101.5;27;10255689214;B
20240502;100007;8102;5;10255689215;B
20240502;100007;8102;40;10255689216;B
20240502;100007;8102.5;2;10255689217;B
20240502;100007;8103.5;100;10255689218;B
20240502;100007;8104.5;24;10255689219;B
20240502;100007;8105;50;10255689220;B
20240502;100007;8105;1;10255689221;B
20240502;100007;8105;115;10255689222;B
20240502;100007;8105;16;10255689223;B
20240502;100007;8104;10;10255689232;B
20240502;100007;8104;10;10255689235;S
20240502;100007;8101;10;10255689279;S
20240502;100007;8101;2;10255689280;S
20240502;100007;8101;5;10255689745;S
20240502;100007;8104.5;1;10255689747;B
20240502;100007;8104.5;6;10255689755;B
20240502;100007;8104.5;1;10255689757;B
20240502;100008;8104.5;1;10255690203;B
20240502;100008;8101;1;10255690414;S
20240502;100008;8101;19;10255690480;S
20240502;100008;8101;1;10255690481;S
20240502;100008;8104.5;1;10255690581;B
20240502;100008;8104.5;2;10255690586;B
20240502;100008;8104.5;1;10255690587;B
20240502;100008;8101;1;10255691018;S
20240502;100008;8101;9;10255691229;S
20240502;100008;8101;27;10255691230;S
20240502;100008;8100.5;26;10255691231;S
20240502;100008;8100;40;10255691232;S
20240502;100008;8099.5;40;10255691233;S
20240502;100008;8099;40;10255691234;S
20240502;100008;8097;38;10255691235;S
20240502;100008;8097;24;10255691236;S
20240502;100008;8097;41;10255691237;S
20240502;100008;8096.5;215;10255691238;S
20240502;100009;8102;1;10255692168;B
20240502;100009;8097;1;10255692169;S
20240502;100009;8102;2;10255692458;B
20240502;100009;8102;3;10255692462;B
20240502;100009;8102;4;10255692468;B
20240502;100009;8102;1;10255692469;B
20240502;100009;8101.5;1;10255692473;B
20240502;100009;8101.5;1;10255692477;B
20240502;100009;8098;1;10255692488;S
20240502;100009;8098;1;10255692493;S
20240502;100009;8101.5;1;10255692804;B
20240502;100009;8101.5;3;10255693097;B
20240502;100009;8098;1;10255693433;S
20240502;100009;8098;3;10255693449;S
20240502;100009;8098;1;10255693456;S
20240502;100009;8101.5;1;10255693465;B
20240502;100009;8101.5;3;10255693630;B
20240502;100009;8101.5;1;10255693631;B
20240502;100009;8098;8;10255693638;S
20240502;100009;8098;2;10255693643;S
20240502;100009;8098;11;10255693644;S
20240502;100009;8098.5;1;10255693651;S
20240502;100009;8098;1;10255693656;S
20240502;100009;8098;1;10255693733;S
20240502;100009;8102;2;10255693741;B
20240502;100009;8102;1;10255693748;B
20240502;100010;8098;4;10255694256;S
20240502;100010;8098;1;10255694263;S
20240502;100010;8102;5;10255694529;B
20240502;100010;8102;1;10255694535;B
20240502;100010;8102;1;10255694538;B
20240502;100010;8102;6;10255694662;B
20240502;100010;8101.5;1;10255694665;B
20240502;100010;8101.5;1;10255694667;B
20240502;100010;8101.5;8;10255694670;B
20240502;100010;8102;70;10255694671;B
20240502;100010;8102;21;10255694672;B
20240502;100010;8102.5;11;10255694882;B
20240502;100010;8098;5;10255694945;S
20240502;100010;8098.5;3;10255694950;S
20240502;100010;8102.5;7;10255694996;B
20240502;100010;8099;1;10255695001;S
20240502;100010;8099;1;10255695003;S
20240502;100010;8102.5;1;10255695185;B
20240502;100010;8102.5;2;10255695259;B
20240502;100010;8103;3;10255695260;B
20240502;100010;8103.5;1;10255695261;B
20240502;100010;8100;7;10255695281;S
20240502;100010;8100;1;10255695345;S
20240502;100010;8103.5;26;10255695494;B
20240502;100011;8103.5;1;10255695571;B
20240502;100011;8100;2;10255695954;S
20240502;100011;8100;76;10255695955;S
20240502;100011;8100;10;10255695956;S
20240502;100013;8102.5;5;10255696472;B
20240502;100013;8103;6;10255696589;B
20240502;100015;8102.5;5;10255696914;B
20240502;100015;8103;11;10255696915;B
20240502;100017;8100;10;10255697546;S
20240502;100017;8099.5;13;10255697547;S
20240502;100017;8098.5;40;10255697548;S
20240502;100017;8098;40;10255697549;S
20240502;100017;8098;27;10255697550;S
20240502;100017;8097.5;40;10255697551;S
20240502;100017;8096.5;73;10255697552;S
20240502;100017;8096.5;24;10255697553;S
20240502;100017;8096.5;6;10255697554;S
20240502;100017;8096;2;10255697555;S
20240502;100017;8095.5;38;10255697556;S
20240502;100017;8095;1;10255697557;S
20240502;100017;8095;1;10255697558;S
20240502;100017;8095;30;10255697559;S
20240502;100017;8095;1;10255697560;S
20240502;100017;8095;1;10255697561;S
20240502;100017;8094.5;40;10255697562;S
20240502;100017;8094;40;10255697563;S
20240502;100017;8093;1;10255697564;S
20240502;100017;8092.5;17;10255697565;S
20240502;100017;8092.5;10;10255697566;S
20240502;100017;8092;40;10255697567;S
20240502;100017;8092;300;10255697568;S
20240502;100017;8091;167;10255697569;S
20240502;100017;8090;6;10255697570;S
20240502;100017;8090;10;10255697571;S
20240502;100017;8090;3;10255697572;S
20240502;100017;8090;10;10255697573;S
20240502;100017;8090;1;10255697574;S
20240502;100017;8090;1;10255697575;S
20240502;100017;8090;1;10255697576;S
20240502;100017;8090;120;10255697577;S
20240502;100017;8090;1;10255697578;S
20240502;100017;8090;5;10255697579;S
20240502;100017;8090;10;10255697580;S
20240502;100017;8090;93;10255697581;S
20240502;100017;8090;5;10255697582;S
20240502;100017;8090;1;10255697583;S
20240502;100017;8090;8;10255697584;S
20240502;100017;8090;27;10255697585;S
20240502;100017;8090;1;10255697586;S
20240502;100017;8090;1;10255697587;S
20240502;100017;8089;86;10255697588;S
20240502;100017;8089;2;10255697589;S
20240502;100017;8088;40;10255697590;S
20240502;100017;8087.5;1;10255697591;S
20240502;100017;8087;4;10255697592;S
20240502;100017;8087;1;10255697593;S
20240502;100017;8087;10;10255697594;S
20240502;100017;8087;49;10255697595;S
20240502;100017;8087;37;10255697596;S
20240502;100017;8087;10;10255697597;S
20240502;100017;8087;37;10255697598;S
20240502;100017;8087;10;10255697599;S
20240502;100017;8087;50;10255697600;S
20240502;100017;8086.5;5;10255697601;S
20240502;100017;8086.5;20;10255697602;S
20240502;100017;8086.5;50;10255697603;S
20240502;100017;8086;344;10255697604;S
20240502;100017;8086;13;10255697605;S
20240502;100017;8086;4;10255697606;S
20240502;100017;8086;2;10255697607;S
20240502;100017;8086;10;10255697608;S
20240502;100017;8086;200;10255697609;S
20240502;100017;8086;20;10255697610;S
20240502;100017;8086;6;10255697611;S
20240502;100017;8086;2;10255697612;S
20240502;100017;8086;37;10255697613;S
20240502;100017;8086;6;10255697614;S
20240502;100017;8086;1;10255697615;S
20240502;100017;8086;3;10255697616;S
20240502;100017;8086;26;10255697617;S
20240502;100017;8086;7;10255697618;S
20240502;100017;8086;10;10255697619;S
20240502;100017;8086;15;10255697620;S
20240502;100017;8086;1;10255697621;S
20240502;100017;8086;3;10255697622;S
20240502;100017;8086;1;10255697623;S
20240502;100017;8086;2;10255697624;S
20240502;100017;8086;5;10255697625;S
20240502;100017;8086;3;10255697626;S
20240502;100017;8086;1;10255697627;S
20240502;100017;8086;4;10255697628;S
20240502;100017;8086;10;10255697629;S
20240502;100017;8086;2;10255697630;S
20240502;100017;8086;10;10255697631;S
20240502;100017;8086;20;10255697632;S
20240502;100017;8086;2;10255697633;S
20240502;100017;8086;1;10255697634;S
20240502;100017;8086;5;10255697635;S
20240502;100017;8086;6;10255697636;S
20240502;100017;8086;1;10255697637;S
20240502;100017;8086;5;10255697638;S
20240502;100017;8086;10;10255697639;S
20240502;100017;8086;6;10255697640;S
20240502;100017;8086;5;10255697641;S
20240502;100017;8086;3;10255697642;S
20240502;100017;8086;1;10255697643;S
20240502;100017;8086;5;10255697644;S
20240502;100017;8086;1;10255697645;S
20240502;100017;8085.5;1;10255697646;S
20240502;100017;8085.5;3;10255697647;S
20240502;100017;8085.5;1;10255697648;S
20240502;100017;8085.5;10;10255697649;S
20240502;100017;8085.5;1;10255697650;S
20240502;100017;8085.5;4;10255697651;S
20240502;100017;8085.5;2;10255697652;S
20240502;100017;8085.5;1;10255697653;S
20240502;100017;8085.5;12;10255697654;S
20240502;100017;8085.5;123;10255697655;S
20240502;100017;8085.5;2;10255697656;S
20240502;100017;8085.5;4;10255697657;S
20240502;100017;8085.5;1;10255697658;S
20240502;100017;8085.5;36;10255697659;S
20240502;100017;8085.5;1;10255697660;S
20240502;100017;8085.5;2;10255697661;S
20240502;100017;8085.5;1;10255697662;S
20240502;100017;8085.5;1;10255697663;S
20240502;100017;8085.5;1;10255697664;S
20240502;100017;8085.5;1;10255697665;S
20240502;100017;8085.5;1;10255697666;S
20240502;100017;8085.5;6;10255697667;S
20240502;100017;8085.5;5;10255697668;S
20240502;100017;8085.5;11;10255697669;S
20240502;100017;8085.5;90;10255697670;S
20240502;100017;8085.5;9;10255697671;S
20240502;100017;8085.5;6;10255697672;S
20240502;100017;8085.5;1;10255697673;S
20240502;100017;8085.5;7;10255697674;S
20240502;100017;8085.5;9;10255697675;S
20240502;100017;8085.5;7;10255697676;S
20240502;100017;8085.5;1;10255697677;S
20240502;100017;8085.5;5;10255697678;S
20240502;100017;8085.5;20;10255697679;S
20240502;100017;8085.5;1;10255697680;S
20240502;100017;8085.5;1;10255697681;S
20240502;100017;8085.5;6;10255697682;S
20240502;100017;8085.5;1;10255697683;S
20240502;100017;8085.5;302;10255697684;S
20240502;100017;8085.5;1;10255697685;S
20240502;100017;8085.5;1;10255697686;S
20240502;100017;8085.5;10;10255697687;S
20240502;100017;8085.5;14;10255697688;S
20240502;100017;8085.5;9;10255697689;S
20240502;100017;8085.5;10;10255697690;S
20240502;100017;8085.5;1;10255697691;S
20240502;100017;8085.5;1;10255697692;S
20240502;100017;8085.5;1;10255697693;S
20240502;100017;8085.5;1;10255697694;S
20240502;100017;8085.5;2;10255697695;S
20240502;100017;8085.5;1;10255697696;S
20240502;100017;8085.5;10;10255697697;S
20240502;100017;8085.5;349;10255697698;S
20240502;100017;8085.5;1;10255697699;S
20240502;100017;8085;27;10255697700;S
20240502;100017;8085;1;10255697701;S
20240502;100017;8085;1;10255697702;S
20240502;100017;8085;1;10255697703;S
20240502;100017;8085;5;10255697704;S
20240502;100017;8085;1;10255697705;S
20240502;100017;8085;3;10255697706;S
20240502;100017;8085;1;10255697707;S
20240502;100017;8085;1;10255697708;S
20240502;100017;8085;6;10255697709;S
20240502;100017;8085;2;10255697710;S
20240502;100017;8085;5;10255697711;S
20240502;100017;8085;1;10255697712;S
20240502;100017;8085;6;10255697713;S
20240502;100017;8085;2;10255697714;S
20240502;100017;8085;10;10255697715;S
20240502;100017;8085;315;10255697716;S
20240502;100017;8085;10;10255697717;S
20240502;100017;8085;3;10255697718;S
20240502;100017;8085;19;10255697719;S
20240502;100017;8085;35;10255697720;S
20240502;100017;8084;10;10255697721;S
20240502;100017;8084;9;10255697722;S
20240502;100017;8083;1;10255697723;S
20240502;100017;8082.5;20;10255697724;S
20240502;100017;8082.5;20;10255697725;S
20240502;100017;8082.5;12;10255697726;S
20240502;100017;8082;1;10255697727;S
20240502;100017;8082;1;10255697728;S
20240502;100017;8082;1;10255697729;S
20240502;100017;8081;1;10255697730;S
20240502;100017;8081;1;10255697731;S
20240502;100017;8080.5;1;10255697732;S
20240502;100017;8080.5;2;10255697733;S
20240502;100017;8080.5;1;10255697734;S
20240502;100017;8080.5;10;10255697735;S
20240502;100017;8080.5;50;10255697736;S
20240502;100017;8080;1;10255697737;S
20240502;100017;8080;30;10255697738;S
20240502;100017;8080;1;10255697739;S
20240502;100017;8080;1;10255697740;S
20240502;100017;8080;70;10255697741;S
20240502;100017;8080;67;10255697742;S
20240502;100017;8080;6;10255697743;S
20240502;100017;8080;6;10255697744;S
20240502;100017;8080;1;10255697745;S
20240502;100017;8080;31;10255697746;S
20240502;100017;8080;1;10255697747;S
20240502;100017;8080;7;10255697748;S
20240502;100017;8080;27;10255697749;S
20240502;100017;8080;10;10255697750;S
20240502;100017;8080;30;10255697751;S
20240502;100017;8080;5;10255697752;S
20240502;100017;8080;1;10255697753;S
20240502;100017;8080;23;10255697754;S
20240502;100017;8080;71;10255697755;S
20240502;100017;8080;6;10255697756;S
20240502;100017;8080;20;10255697757;S
20240502;100017;8080;10;10255697758;S
20240502;100017;8080;10;10255697759;S
20240502;100017;8080;4;10255697760;S
20240502;100017;8080;8;10255697761;S
20240502;100017;8080;10;10255697762;S
20240502;100017;8080;1;10255697763;S
20240502;100017;8080;2;10255697764;S
20240502;100017;8080;12;10255697765;S
20240502;100017;8080;40;10255697766;S
20240502;100017;8080;50;10255697767;S
20240502;100017;8080;10;10255697768;S
20240502;100017;8080;2;10255697769;S
20240502;100017;8080;3;10255697770;S
20240502;100017;8080;5;10255697771;S
20240502;100017;8080;3;10255697772;S
20240502;100017;8080;36;10255697773;S
20240502;100017;8080;1;10255697774;S
20240502;100017;8080;20;10255697775;S
20240502;100017;8080;100;10255697776;S
20240502;100017;8079.5;1;10255697777;S
20240502;100017;8079;1;10255697778;S
20240502;100017;8079;1;10255697779;S
20240502;100017;8079;2;10255697780;S
20240502;100017;8079;5;10255697781;S
20240502;100017;8079;10;10255697782;S
20240502;100017;8079;36;10255697783;S
20240502;100017;8079.5;38;10255697787;S
20240502;100017;8079.5;10;10255697788;S
20240502;100017;8079.5;40;10255697789;S
20240502;100017;8079.5;27;10255697790;S
20240502;100017;8079;44;10255697791;S
20240502;100017;8079;2;10255697792;S
20240502;100017;8079;50;10255697793;S
20240502;100017;8079;40;10255697794;S
20240502;100017;8080;20;10255697796;S
20240502;100017;8080;17;10255697797;S
20240502;100017;8079;10;10255697798;S
20240502;100017;8078.5;2;10255697799;S
20240502;100017;8078.5;1;10255697800;S
20240502;100017;8079;38;10255697802;S
20240502;100017;8078;1;10255697803;S
20240502;100017;8078;4;10255697806;S
20240502;100017;8078.5;6;10255697809;B
20240502;100017;8078.5;20;10255697810;S
20240502;100017;8078.5;3;10255697819;S
20240502;100017;8082;1;10255697821;S
20240502;100017;8083;3;10255697841;S
20240502;100018;8082.5;1;10255697936;S
20240502;100018;8078.5;2;10255697937;S
20240502;100018;8078.5;8;10255697938;S
20240502;100018;8078;7;10255697939;S
20240502;100018;8079.5;5;10255697940;S
20240502;100018;8079.5;5;10255697941;S
20240502;100018;8078;6;10255697942;S
20240502;100018;8085;5;10255697966;B
20240502;100018;8086.5;10;10255697991;B
20240502;100018;8087;6;10255697992;B
20240502;100018;8082.5;1;10255697996;S
20240502;100018;8082.5;2;10255697997;S
20240502;100018;8082.5;7;10255697998;S
20240502;100018;8082;11;10255697999;S
20240502;100018;8082;8;10255698000;S
20240502;100018;8085;1;10255698010;S
20240502;100018;8081;1;10255698046;S
20240502;100018;8082;2;10255698049;S
20240502;100018;8082.5;2;10255698051;S
20240502;100018;8082.5;10;10255698052;S
20240502;100018;8083;3;10255698060;S
20240502;100018;8083;2;10255698061;S
20240502;100018;8083;5;10255698062;S
20240502;100018;8082.5;20;10255698063;S
20240502;100018;8081;1;10255698068;S
20240502;100018;8086;1;10255698074;S
20240502;100018;8081;3;10255698095;S
20240502;100018;8081;7;10255698096;S
20240502;100018;8080.5;18;10255698097;S
20240502;100018;8081;1;10255698102;S
20240502;100018;8081;9;10255698104;S
20240502;100018;8080.5;14;10255698105;S
20240502;100018;8081;10;10255698128;S
20240502;100018;8080.5;11;10255698129;S
20240502;100018;8081;10;10255698130;S
20240502;100018;8084.5;1;10255698131;B
20240502;100018;8085.5;1;10255698136;B
20240502;100018;8080.5;62;10255698137;S
20240502;100018;8084.5;1;10255698138;B
20240502;100018;8080.5;300;10255698139;S
20240502;100018;8084.5;2;10255698144;B
20240502;100018;8080.5;2;10255698148;S
20240502;100018;8080.5;1;10255698149;S
20240502;100018;8084.5;10;10255698155;B
20240502;100018;8080;1;10255698167;S
20240502;100018;8080;2;10255698168;S
20240502;100018;8082.5;4;10255698172;B
20240502;100018;8080;25;10255698178;S
20240502;100018;8080;2;10255698181;S
20240502;100018;8081;17;10255698183;B
20240502;100018;8080;54;10255698192;S
20240502;100019;8083.5;1;10255698237;S
20240502;100019;8081;8;10255698238;S
20240502;100019;8080.5;2;10255698251;S
20240502;100019;8083.5;1;10255698294;B
20240502;100019;8081;9;10255698299;S
20240502;100019;8083.5;52;10255698307;B
20240502;100019;8083.5;19;10255698308;B
20240502;100019;8083.5;10;10255698309;B
20240502;100019;8088;10;10255698311;S
20240502;100019;8088;10;10255698312;S
20240502;100019;8086.5;10;10255698314;B
20240502;100019;8086.5;10;10255698315;S
20240502;100019;8082;5;10255698331;S
20240502;100019;8081.5;2;10255698339;S
20240502;100019;8081.5;1;10255698384;S
20240502;100019;8081.5;2;10255698400;S
20240502;100019;8081;5;10255698401;S
20240502;100019;8085;10;10255698438;B
20240502;100019;8087.5;9;10255698439;S
20240502;100019;8087.5;1;10255698440;S
20240502;100020;8085.5;10;10255698558;B
20240502;100020;8085;10;10255698560;S
20240502;100020;8084;3;10255698672;S
20240502;100021;8086;10;10255698794;B
20240502;100021;8086;10;10255698795;B
20240502;100021;8086;10;10255698863;B
20240502;100021;8086;27;10255698864;B
20240502;100021;8086.5;22;10255698865;B
20240502;100021;8087;38;10255698866;B
20240502;100021;8087.5;3;10255698867;B
20240502;100022;8089.5;1;10255699107;B
20240502;100022;8086.5;6;10255699141;B
20240502;100022;8086.5;4;10255699166;B
20240502;100022;8087.5;10;10255699243;B
20240502;100022;8087.5;2;10255699244;B
20240502;100022;8087.5;25;10255699269;B
20240502;100022;8087.5;12;10255699270;B
20240502;100022;8087.5;10;10255699271;B
20240502;100022;8088;19;10255699272;B
20240502;100023;8087.5;27;10255699403;S
20240502;100023;8088;3;10255699567;B
20240502;100024;8089.5;6;10255699635;B
20240502;100025;8086.5;38;10255700153;S
20240502;100025;8086.5;19;10255700154;S
20240502;100025;8086;10;10255700155;S
20240502;100025;8085.5;5;10255700156;S
20240502;100025;8085;19;10255700157;S
20240502;100025;8084.5;27;10255700158;S
20240502;100025;8084;2;10255700159;S
20240502;100025;8083;6;10255700160;S
20240502;100025;8082.5;12;10255700161;S
20240502;100025;8082;17;10255700162;S
20240502;100025;8081.5;25;10255700163;S
20240502;100025;8081.5;10;10255700164;S
20240502;100025;8081.5;22;10255700165;S
20240502;100025;8080.5;3;10255700166;S
20240502;100025;8080;56;10255700167;S
20240502;100025;8087;38;10255700172;S
20240502;100025;8081;10;10255700182;S
20240502;100025;8083.5;1;10255700191;B
20240502;100026;8085;1;10255700365;B
20240502;100027;8086;3;10255700598;B
20240502;100028;8083;10;10255700875;S
20240502;100028;8082.5;25;10255700876;S
20240502;100028;8082;10;10255700952;S
20240502;100028;8081.5;38;10255700953;S
20240502;100028;8081;3;10255700954;S
20240502;100028;8081;12;10255700955;S
20240502;100028;8080.5;17;10255700956;S
20240502;100028;8080;59;10255700957;S
20240502;100028;8083.5;10;10255701025;S
20240502;100029;8084.5;9;10255701124;B
20240502;100029;8083.5;1;10255701172;S
20240502;100029;8084.5;5;10255701211;B
20240502;100029;8084;1;10255701299;B
20240502;100030;8083.5;10;10255701305;S
20240502;100030;8082;1;10255701385;S
20240502;100030;8083.5;2;10255701522;B
20240502;100030;8081;3;10255701555;S
20240502;100031;8083.5;3;10255701672;B
20240502;100031;8084;2;10255701673;B
20240502;100031;8081;7;10255701794;S
20240502;100031;8080.5;3;10255701795;S
20240502;100032;8082.5;1;10255702098;S
20240502;100032;8083;10;10255702157;B
20240502;100032;8084;3;10255702158;B
20240502;100032;8084;2;10255702159;B
20240502;100032;8085;2;10255702160;B
20240502;100032;8085;1;10255702161;B
20240502;100032;8085.5;10;10255702162;B
20240502;100032;8086;18;10255702163;B
20240502;100032;8086.5;13;10255702164;B
20240502;100032;8091;3;10255702171;B
20240502;100033;8088.5;10;10255702235;B
20240502;100033;8088.5;10;10255702236;B
20240502;100033;8090.5;5;10255702356;B
20240502;100033;8089.5;5;10255702462;B
20240502;100033;8085.5;10;10255702481;S
20240502;100034;8089.5;5;10255702668;B
20240502;100034;8089.5;5;10255702669;B
20240502;100034;8089.5;12;10255702670;B
20240502;100034;8089.5;8;10255702671;B
20240502;100034;8089.5;1;10255702685;B
20240502;100034;8085.5;4;10255702778;S
20240502;100035;8088;20;10255702892;B
20240502;100035;8085;1;10255702917;S
20240502;100035;8085;19;10255702918;S
20240502;100035;8088;3;10255702999;B
20240502;100035;8088;5;10255703000;B
20240502;100036;8088;5;10255703434;B
20240502;100037;8088;2;10255703535;B
20240502;100037;8088;5;10255703599;B
20240502;100037;8088;1;10255703600;B
20240502;100037;8084.5;2;10255703664;S
20240502;100038;8088;1;10255704043;B
20240502;100038;8088;5;10255704090;B
20240502;100039;8088;1;10255704296;B
20240502;100040;8085.5;10;10255704563;S
20240502;100040;8085;1;10255704564;S
20240502;100040;8085;4;10255704565;S
20240502;100040;8084;15;10255704566;S
20240502;100040;8084.5;10;10255704663;S
20240502;100040;8084;23;10255704664;S
20240502;100040;8084;17;10255704665;S
20240502;100040;8084;1;10255704666;S
20240502;100040;8083.5;10;10255704667;S
20240502;100040;8083.5;15;10255704668;S
20240502;100040;8083.5;22;10255704669;S
20240502;100040;8082.5;27;10255704670;S
20240502;100040;8082;40;10255704671;S
20240502;100040;8081.5;12;10255704672;S
20240502;100040;8081.5;40;10255704673;S
20240502;100040;8081;40;10255704674;S
20240502;100040;8080.5;10;10255704675;S
20240502;100040;8080.5;300;10255704676;S
20240502;100040;8080;2;10255704677;S
20240502;100040;8080;1;10255704678;S
20240502;100040;8080;1;10255704679;S
20240502;100040;8080;1;10255704680;S
20240502;100040;8080;15;10255704681;S
20240502;100040;8080;100;10255704682;S
20240502;100040;8078.5;12;10255704683;S
20240502;100040;8077;2;10255704684;S
20240502;100040;8077;20;10255704685;S
20240502;100040;8076.5;1;10255704686;S
20240502;100040;8075.5;1;10255704687;S
20240502;100040;8075.5;1;10255704688;S
20240502;100040;8075.5;1;10255704689;S
20240502;100040;8075.5;72;10255704690;S
20240502;100040;8075.5;12;10255704691;S
20240502;100040;8075.5;60;10255704692;S
20240502;100040;8075;100;10255704693;S
20240502;100040;8075;41;10255704694;S
20240502;100040;8075;10;10255704695;S
20240502;100040;8075;10;10255704696;S
20240502;100040;8075;1;10255704697;S
20240502;100040;8075;10;10255704698;S
20240502;100040;8075;1;10255704699;S
20240502;100040;8075;1;10255704700;S
20240502;100040;8075;1;10255704701;S
20240502;100040;8074;1;10255704702;S
20240502;100040;8073.5;20;10255704703;S
20240502;100040;8073.5;1;10255704704;S
20240502;100040;8072.5;2;10255704705;S
20240502;100040;8072.5;4;10255704706;S
20240502;100040;8072.5;1;10255704707;S
20240502;100040;8072;4;10255704708;S
20240502;100040;8072;5;10255704709;S
20240502;100040;8072;1;10255704710;S
20240502;100040;8072;1;10255704711;S
20240502;100040;8071.5;5;10255704712;S
20240502;100040;8071;2;10255704713;S
20240502;100040;8071;50;10255704714;S
20240502;100040;8070.5;37;10255704715;S
20240502;100040;8070.5;1;10255704716;S
20240502;100040;8070.5;1;10255704717;S
20240502;100040;8070.5;50;10255704718;S
20240502;100040;8070;2;10255704719;S
20240502;100040;8070;1;10255704720;S
20240502;100040;8070;100;10255704721;S
20240502;100040;8070;1;10255704722;S
20240502;100040;8070;10;10255704723;S
20240502;100040;8070;300;10255704724;S
20240502;100040;8070;50;10255704725;S
20240502;100040;8070;1;10255704726;S
20240502;100040;8069.5;2;10255704727;S
20240502;100040;8068.5;500;10255704728;S
20240502;100040;8067;1;10255704729;S
20240502;100040;8065.5;5;10255704730;S
20240502;100040;8065.5;1;10255704731;S
20240502;100040;8065.5;100;10255704732;S
20240502;100040;8065;1;10255704733;S
20240502;100040;8065;2;10255704734;S
20240502;100040;8065;1;10255704735;S
20240502;100040;8065;5;10255704736;S
20240502;100040;8065;40;10255704737;S
20240502;100040;8065;100;10255704738;S
20240502;100040;8065;1;10255704739;S
20240502;100040;8063.5;2;10255704740;S
20240502;100040;8062.5;20;10255704741;S
20240502;100040;8062.5;30;10255704742;S
20240502;100040;8062;1;10255704743;S
20240502;100040;8062;1;10255704744;S
20240502;100040;8061;1;10255704745;S
20240502;100040;8061;124;10255704746;S
20240502;100040;8061;3;10255704747;S
20240502;100040;8060.5;1;10255704748;S
20240502;100040;8060;10;10255704749;S
20240502;100040;8060;1;10255704750;S
20240502;100040;8060;1;10255704751;S
20240502;100040;8060;5;10255704752;S
20240502;100040;8058;10;10255704753;S
20240502;100040;8057;2;10255704754;S
20240502;100040;8057;37;10255704755;S
20240502;100040;8057;3;10255704756;S
20240502;100040;8057;1;10255704757;S
20240502;100040;8056.5;1;10255704758;S
20240502;100040;8056;150;10255704759;S
20240502;100040;8056;8;10255704760;S
20240502;100040;8056;20;10255704761;S
20240502;100040;8055.5;5;10255704762;S
20240502;100040;8055.5;1;10255704763;S
20240502;100040;8055.5;30;10255704764;S
20240502;100040;8055;5;10255704765;S
20240502;100040;8055;1;10255704766;S
20240502;100040;8055;1;10255704767;S
20240502;100040;8053.5;1;10255704768;S
20240502;100040;8053;1;10255704769;S
20240502;100040;8053;500;10255704770;S
20240502;100040;8053;5;10255704771;S
20240502;100040;8053;12;10255704772;S
20240502;100040;8052.5;1;10255704773;S
20240502;100040;8052.5;20;10255704774;S
20240502;100040;8052.5;20;10255704775;S
20240502;100040;8052;1;10255704776;S
20240502;100040;8052;60;10255704777;S
20240502;100040;8052;1;10255704778;S
20240502;100040;8051.5;10;10255704779;S
20240502;100040;8051;1;10255704780;S
20240502;100040;8051;1;10255704781;S
20240502;100040;8051;98;10255704782;S
20240502;100040;8051;3;10255704783;S
20240502;100040;8051;3;10255704784;S
20240502;100040;8051;3;10255704785;S
20240502;100040;8051;3;10255704786;S
20240502;100040;8051;3;10255704787;S
20240502;100040;8050.5;5;10255704788;S
20240502;100040;8050.5;3;10255704789;S
20240502;100040;8050.5;1;10255704790;S
20240502;100040;8050.5;1;10255704791;S
20240502;100040;8050;2;10255704792;S
20240502;100040;8050;5;10255704793;S
20240502;100040;8050;15;10255704794;S
20240502;100040;8050;2;10255704795;S
20240502;100040;8050;1;10255704796;S
20240502;100040;8050;1;10255704797;S
20240502;100040;8050;100;10255704798;S
20240502;100040;8050;1;10255704799;S
20240502;100040;8050;2;10255704800;S
20240502;100040;8050;100;10255704801;S
20240502;100040;8050;1;10255704802;S
20240502;100040;8050;1;10255704803;S
20240502;100040;8050;8;10255704804;S
20240502;100040;8050;3;10255704805;S
20240502;100040;8050;6;10255704806;S
20240502;100040;8050;1;10255704807;S
20240502;100040;8050;16;10255704808;S
20240502;100040;8049;15;10255704809;S
20240502;100040;8048;134;10255704810;S
20240502;100040;8048;37;10255704811;S
20240502;100040;8047.5;12;10255704812;S
20240502;100040;8046;5;10255704813;S
20240502;100040;8046;4;10255704814;S
20240502;100040;8046;124;10255704815;S
20240502;100040;8045.5;5;10255704816;S
20240502;100040;8045.5;1;10255704817;S
20240502;100040;8045;50;10255704818;S
20240502;100040;8045;8;10255704819;S
20240502;100040;8045;40;10255704820;S
20240502;100040;8044;1;10255704821;S
20240502;100040;8043.5;3;10255704822;S
20240502;100040;8042.5;20;10255704823;S
20240502;100040;8042.5;20;10255704824;S
20240502;100040;8041;50;10255704825;S
20240502;100040;8040.5;50;10255704826;S
20240502;100040;8040;1;10255704827;S
20240502;100040;8040;1;10255704828;S
20240502;100040;8040;1;10255704829;S
20240502;100040;8040;4;10255704830;S
20240502;100040;8040;25;10255704831;S
20240502;100040;8040;15;10255704832;S
20240502;100040;8038.5;40;10255704833;S
20240502;100040;8038.5;2;10255704834;S
20240502;100040;8038;1;10255704835;S
20240502;100040;8038;379;10255704836;S
20240502;100040;8073;10;10255704840;S
20240502;100040;8072.5;290;10255704841;B
20240502;100040;8072;17;10255704849;S
20240502;100040;8072;23;10255704850;S
20240502;100040;8073.5;38;10255704851;S
20240502;100040;8072;2;10255704852;S
20240502;100040;8072.5;40;10255704854;S
20240502;100040;8073;17;10255704858;S
20240502;100040;8072;3;10255704859;S
20240502;100040;8069.5;17;10255704862;S
20240502;100040;8069;333;10255704863;S
20240502;100040;8069;49;10255704864;S
20240502;100040;8069;7;10255704865;S
20240502;100040;8069;1;10255704866;S
20240502;100040;8069.5;10;10255704867;S
20240502;100040;8069.5;12;10255704868;S
20240502;100040;8069;134;10255704869;S
20240502;100040;8069;3;10255704870;S
20240502;100040;8069;20;10255704871;S
20240502;100040;8069;6;10255704872;S
20240502;100040;8068.5;300;10255704873;S
20240502;100040;8067;40;10255704874;S
20240502;100040;8066.5;12;10255704875;S
20240502;100040;8065;27;10255704876;S
20240502;100040;8064.5;15;10255704877;S
20240502;100041;8064.5;7;10255704878;S
20240502;100041;8063.5;11;10255704879;S
20240502;100041;8063.5;1;10255704880;S
20240502;100041;8062.5;3;10255704881;S
20240502;100041;8070;17;10255704904;S
20240502;100041;8069;8;10255704905;S
20240502;100041;8069;50;10255704906;S
20240502;100041;8069;3;10255704907;S
20240502;100041;8050;25;10255704908;S
20240502;100041;8059.5;1;10255704909;B
20240502;100041;8065;10;10255704911;S
20240502;100041;8065;2;10255704912;S
20240502;100041;8062;28;10255704913;S
20240502;100041;8062;12;10255704914;S
20240502;100041;8050.5;2;10255704915;S
20240502;100041;8063.5;10;10255704924;B
20240502;100041;8063;1;10255704926;S
20240502;100041;8063.5;17;10255704928;B
20240502;100041;8063.5;10;10255704929;B
20240502;100041;8063.5;40;10255704930;B
20240502;100041;8063.5;233;10255704931;S
20240502;100041;8063.5;62;10255704932;B
20240502;100041;8063.5;51;10255704933;B
20240502;100041;8063.5;61;10255704934;B
20240502;100041;8063.5;20;10255704935;B
20240502;100041;8063;2;10255704936;S
20240502;100041;8063.5;10;10255704937;B
20240502;100041;8063.5;20;10255704938;B
20240502;100041;8062.5;12;10255704939;B
20240502;100041;8062.5;300;10255704940;S
20240502;100041;8062;10;10255704941;B
20240502;100041;8062;40;10255704942;B
20240502;100041;8062;41;10255704943;B
20240502;100041;8062;67;10255704944;B
20240502;100041;8068.5;10;10255705014;B
20240502;100041;8068.5;40;10255705015;B
20240502;100041;8063;9;10255705016;S
20240502;100041;8064;2;10255705018;S
20240502;100041;8063;5;10255705020;S
20240502;100041;8063;2;10255705021;S
20240502;100041;8063;3;10255705022;S
20240502;100041;8063;12;10255705023;S
20240502;100041;8062.5;17;10255705024;S
20240502;100041;8062;38;10255705025;S
20240502;100041;8062.5;1;10255705026;S
20240502;100041;8062.5;8;10255705027;S
20240502;100041;8063.5;4;10255705028;S
20240502;100041;8063.5;10;10255705029;S
20240502;100041;8063.5;3;10255705030;S
20240502;100041;8063.5;6;10255705031;S
20240502;100041;8067;2;10255705032;B
20240502;100041;8062;33;10255705034;S
20240502;100041;8062.5;9;10255705035;S
20240502;100041;8062.5;9;10255705036;S
20240502;100041;8059.5;4;10255705037;S
20240502;100041;8056.5;14;10255705038;S
20240502;100041;8060;1;10255705039;S
20240502;100041;8056;5;10255705040;S
20240502;100041;8056;1;10255705041;S
20240502;100041;8056;11;10255705042;S
20240502;100041;8056;7;10255705043;S
20240502;100041;8056;15;10255705044;S
20240502;100041;8053.5;12;10255705045;S
20240502;100041;8052;27;10255705046;S
20240502;100041;8051.5;27;10255705047;S
20240502;100041;8059;16;10255705048;S
20240502;100041;8064;10;10255705049;B
20240502;100041;8059.5;2;10255705050;S
20240502;100041;8059.5;8;10255705051;S
20240502;100041;8059.5;7;10255705052;S
20240502;100041;8059.5;5;10255705053;S
20240502;100041;8056.5;12;10255705054;S
20240502;100041;8053.5;5;10255705055;S
20240502;100041;8059;1;10255705057;S
20240502;100041;8059;3;10255705058;S
20240502;100041;8059;4;10255705059;S
20240502;100041;8059;15;10255705060;S
20240502;100041;8061.5;1;10255705061;B
20240502;100041;8059.5;4;10255705062;S
20240502;100041;8056.5;1;10255705063;S
20240502;100041;8051;1;10255705064;S
20240502;100041;8061.5;1;10255705066;B
20240502;100041;8058.5;10;10255705071;S
20240502;100041;8058.5;2;10255705072;S
20240502;100041;8058.5;10;10255705073;S
20240502;100041;8058;13;10255705074;S
20240502;100041;8054;12;10255705075;S
20240502;100041;8052.5;1;10255705076;S
20240502;100041;8052.5;27;10255705077;S
20240502;100041;8051;2;10255705078;S
20240502;100041;8054;12;10255705082;B
20240502;100041;8054;12;10255705084;B
20240502;100041;8051;2;10255705087;S
20240502;100041;8049;3;10255705088;S
20240502;100041;8049;3;10255705089;S
20240502;100041;8049;10;10255705090;S
20240502;100041;8054;1;10255705091;B
20240502;100041;8054;12;10255705092;B
20240502;100041;8051.5;5;10255705095;S
20240502;100041;8051.5;1;10255705096;S
20240502;100041;8054;12;10255705097;B
20240502;100041;8052;10;10255705099;S
20240502;100041;8054;7;10255705100;B
20240502;100041;8045;1;10255705101;S
20240502;100041;8045;10;10255705102;S
20240502;100041;8045;8;10255705103;S
20240502;100041;8053.5;27;10255705105;B
20240502;100041;8053.5;10;10255705106;B
20240502;100041;8054;32;10255705107;B
20240502;100041;8054.5;7;10255705108;S
20240502;100041;8054.5;2;10255705109;S
20240502;100041;8046.5;2;10255705110;S
20240502;100041;8045;3;10255705111;S
20240502;100041;8050.5;3;10255705119;S
20240502;100041;8052.5;1;10255705120;S
20240502;100041;8053;10;10255705121;S
20240502;100041;8050.5;22;10255705122;S
20240502;100041;8046.5;27;10255705123;S
20240502;100041;8046;40;10255705124;S
20240502;100041;8045.5;40;10255705125;S
20240502;100041;8045;40;10255705126;S
20240502;100041;8044.5;60;10255705127;S
20240502;100041;8042;200;10255705128;S
20240502;100041;8038;121;10255705129;S
20240502;100041;8037.5;50;10255705130;S
20240502;100041;8037;2;10255705131;S
20240502;100041;8037;37;10255705132;S
20240502;100041;8037;701;10255705133;S
20240502;100041;8051.5;1;10255705134;B
20240502;100041;8051;10;10255705135;B
20240502;100041;8051.5;21;10255705136;B
20240502;100041;8051.5;27;10255705137;B
20240502;100041;8042;27;10255705139;S
20240502;100041;8040;12;10255705140;S
20240502;100041;8039;11;10255705141;S
20240502;100041;8039;2;10255705142;S
20240502;100041;8051;10;10255705144;B
20240502;100041;8054.5;2;10255705148;B
20240502;100041;8053;10;10255705149;B
20240502;100041;8053;27;10255705150;B
20240502;100041;8053.5;76;10255705151;B
20240502;100041;8052.5;10;10255705152;B
20240502;100041;8049;3;10255705153;B
20240502;100041;8051.5;10;10255705154;B
20240502;100041;8053.5;27;10255705155;B
20240502;100041;8047.5;1;10255705156;S
20240502;100041;8047.5;6;10255705157;S
20240502;100041;8053;10;10255705159;B
20240502;100041;8053.5;22;10255705160;B
20240502;100041;8055;27;10255705161;B
20240502;100041;8055.5;64;10255705162;B
20240502;100041;8055.5;40;10255705163;B
20240502;100041;8055.5;3;10255705164;S
20240502;100041;8055.5;2;10255705165;S
20240502;100041;8048;1;10255705166;S
20240502;100041;8040.5;1;10255705167;S
20240502;100041;8057;22;10255705168;B
20240502;100041;8058;27;10255705169;B
20240502;100041;8058.5;40;10255705170;B
20240502;100041;8058.5;2;10255705171;S
20240502;100041;8058.5;2;10255705172;S
20240502;100041;8058.5;10;10255705173;S
20240502;100041;8058.5;16;10255705174;S
20240502;100041;8058.5;16;10255705175;S
20240502;100041;8050.5;27;10255705177;S
20240502;100041;8049;10;10255705178;S
20240502;100041;8048.5;7;10255705179;S
20240502;100041;8043;5;10255705180;S
20240502;100041;8037.5;8;10255705181;S
20240502;100041;8057.5;22;10255705183;B
20240502;100041;8059.5;10;10255705184;B
20240502;100041;8059.5;40;10255705185;B
20240502;100041;8059.5;27;10255705186;B
20240502;100041;8060;201;10255705187;B
20240502;100041;8038;10;10255705192;S
20240502;100041;8038;5;10255705193;S
20240502;100041;8059.5;1;10255705194;B
20240502;100041;8058;10;10255705201;B
20240502;100041;8059;8;10255705202;B
20240502;100041;8059.5;27;10255705203;B
20240502;100041;8060;54;10255705204;B
20240502;100041;8060;40;10255705205;B
20240502;100041;8060.5;40;10255705206;B
20240502;100041;8061;22;10255705207;B
20240502;100041;8061;40;10255705208;B
20240502;100041;8062.5;4;10255705209;B
20240502;100041;8066;300;10255705218;B
20240502;100041;8067.5;1;10255705220;B
20240502;100041;8067.5;26;10255705221;B
20240502;100041;8067.5;10;10255705222;B
20240502;100041;8067.5;54;10255705223;S
20240502;100041;8067.5;56;10255705225;S
20240502;100041;8067.5;154;10255705226;S
20240502;100041;8067.5;10;10255705227;B
20240502;100041;8067.5;40;10255705228;B
20240502;100041;8065;1;10255705236;S
20240502;100041;8061.5;10;10255705258;S
20240502;100041;8061;22;10255705259;S
20240502;100041;8060.5;27;10255705260;S
20240502;100041;8059;191;10255705261;S
20240502;100041;8067;1;10255705280;B
20240502;100041;8060.5;10;10255705295;S
20240502;100041;8060;22;10255705296;S
20240502;100041;8059;28;10255705297;S
20240502;100041;8065;1;10255705307;B
20240502;100041;8059.5;1;10255705308;S
20240502;100041;8059.5;9;10255705309;S
20240502;100041;8059;1;10255705310;S
20240502;100041;8064.5;1;10255705330;B
20240502;100041;8059.5;1;10255705340;S
20240502;100041;8059.5;9;10255705381;S
20240502;100041;8059;25;10255705382;S
20240502;100041;8059;10;10255705389;S
20240502;100041;8057.5;10;10255705390;S
20240502;100041;8057;12;10255705391;S
20240502;100041;8056.5;27;10255705392;S
20240502;100041;8056;1;10255705393;S
20240502;100041;8056.5;10;10255705395;S
20240502;100041;8056.5;27;10255705396;S
20240502;100041;8056;16;10255705397;S
20240502;100041;8055.5;40;10255705398;S
20240502;100041;8055;40;10255705399;S
20240502;100041;8054.5;40;10255705400;S
20240502;100041;8053.5;77;10255705401;S
20240502;100041;8048;2;10255705406;S
20240502;100041;8057.5;3;10255705414;B
20240502;100041;8062;5;10255705442;S
20240502;100041;8062;20;10255705447;S
20240502;100041;8055;10;10255705448;S
20240502;100041;8054.5;20;10255705449;S
20240502;100042;8062.5;1;10255705464;B
20240502;100042;8065;2;10255705472;B
20240502;100042;8065;2;10255705479;B
20240502;100042;8065;6;10255705480;B
20240502;100042;8065.5;76;10255705481;B
20240502;100042;8065.5;38;10255705482;B
20240502;100042;8059.5;5;10255705492;S
20240502;100042;8067;2;10255705497;B
20240502;100042;8059.5;1;10255705511;S
20240502;100042;8059.5;1;10255705547;S
20240502;100042;8065.5;1;10255705566;S
20240502;100042;8059.5;5;10255705567;S
20240502;100042;8056.5;6;10255705575;S
20240502;100042;8063;10;10255705583;B
20240502;100042;8063;1;10255705599;B
20240502;100042;8056.5;2;10255705600;S
20240502;100042;8063;1;10255705602;B
20240502;100042;8055.5;2;10255705605;S
20240502;100042;8054.5;2;10255705609;S
20240502;100042;8054.5;3;10255705612;S
20240502;100042;8060;5;10255705661;B
20240502;100042;8054.5;5;10255705667;S
20240502;100042;8060;2;10255705672;B
20240502;100042;8059;1;10255705685;B
20240502;100042;8059;1;10255705686;B
20240502;100042;8059;1;10255705687;B
20240502;100042;8054.5;10;10255705700;S
20240502;100042;8054;10;10255705701;S
20240502;100042;8053.5;5;10255705702;S
20240502;100042;8053.5;40;10255705711;S
20240502;100042;8053.5;1;10255705722;S
20240502;100042;8053.5;25;10255705723;S
20240502;100042;8053;1;10255705724;S
20240502;100042;8053;6;10255705725;S
20240502;100042;8051.5;18;10255705726;S
20240502;100042;8051;12;10255705745;S
20240502;100042;8056.5;10;10255705747;B
20240502;100042;8051.5;10;10255705783;S
20240502;100042;8051;15;10255705784;S
20240502;100042;8051;3;10255705785;S
20240502;100042;8050;37;10255705786;S
20240502;100042;8050;3;10255705787;S
20240502;100042;8050;3;10255705789;S
20240502;100042;8050;1;10255705869;S
20240502;100042;8050;4;10255705870;S
20240502;100042;8054.5;1;10255705904;B
20240502;100042;8054.5;9;10255705908;B
20240502;100042;8055;1;10255705909;B
20240502;100042;8055;22;10255705910;B
20240502;100042;8056.5;18;10255705911;B
20240502;100042;8050;10;10255705912;S
20240502;100042;8049.5;5;10255705913;S
20240502;100042;8050;10;10255705919;S
20240502;100042;8050;18;10255705920;S
20240502;100042;8049.5;26;10255705921;S
20240502;100042;8047.5;2;10255705930;S
20240502;100042;8055;1;10255705935;S
20240502;100042;8048;6;10255705936;S
20240502;100042;8049;1;10255705943;S
20240502;100042;8054.5;1;10255705944;B
20240502;100042;8054.5;1;10255705945;B
20240502;100042;8049;10;10255705949;S
20240502;100042;8049;2;10255705950;S
20240502;100042;8054.5;1;10255705954;B
20240502;100042;8049;9;10255705956;S
20240502;100042;8048.5;21;10255705957;S
20240502;100042;8048.5;30;10255705960;S
20240502;100042;8050;1;10255705987;B
20240502;100042;8050;1;10255705990;B
20240502;100042;8050;8;10255706013;B
20240502;100042;8054.5;7;10255706014;B
20240502;100042;8055;5;10255706015;B
20240502;100042;8054.5;1;10255706017;B
20240502;100042;8055;3;10255706019;B
20240502;100042;8052;10;10255706026;S
20240502;100042;8051.5;27;10255706027;S
20240502;100042;8050;8;10255706029;S
20240502;100042;8050;1;10255706066;S
20240502;100042;8050;1;10255706067;S
20240502;100042;8050;4;10255706068;S
20240502;100043;8054.5;10;10255706071;B
20240502;100043;8054;1;10255706075;S
20240502;100043;8050.5;3;10255706076;S
20240502;100043;8050.5;7;10255706077;S
20240502;100043;8050.5;1;10255706078;S
20240502;100043;8055;12;10255706079;B
20240502;100043;8055;10;10255706080;B
20240502;100043;8056.5;3;10255706081;B
20240502;100043;8053;1;10255706087;S
20240502;100043;8051;40;10255706088;S
20240502;100043;8051;10;10255706089;S
20240502;100043;8050.5;39;10255706090;S
20240502;100043;8050.5;22;10255706091;S
20240502;100043;8050;6;10255706092;S
20240502;100043;8050;23;10255706093;S
20240502;100043;8055;10;10255706095;B
20240502;100043;8055.5;10;10255706096;B
20240502;100043;8056;10;10255706103;B
20240502;100043;8056;5;10255706104;B
20240502;100043;8050;10;10255706129;S
20240502;100043;8050;5;10255706130;S
20240502;100043;8049.5;5;10255706131;S
20240502;100043;8057.5;1;10255706150;B
20240502;100043;8050.5;10;10255706152;S
20240502;100043;8050;2;10255706172;S
20240502;100043;8050;50;10255706200;S
20240502;100043;8050;5;10255706201;S
20240502;100043;8055.5;10;10255706213;B
20240502;100043;8056;10;10255706214;B
20240502;100043;8051.5;1;10255706218;S
20240502;100043;8050.5;2;10255706256;S
20240502;100043;8050.5;5;10255706262;S
20240502;100043;8052;3;10255706318;S
20240502;100043;8052;5;10255706321;S
20240502;100043;8052;9;10255706330;S
20240502;100043;8052;1;10255706403;S
20240502;100043;8052;1;10255706408;S
20240502;100043;8052;31;10255706409;S
20240502;100043;8050;40;10255706410;S
20240502;100043;8053;4;10255706429;B
20240502;100043;8054.5;10;10255706430;B
20240502;100043;8055;6;10255706431;B
20240502;100043;8055.5;5;10255706450;B
20240502;100043;8050.5;10;10255706475;S
20240502;100043;8050;10;10255706476;S
20240502;100043;8050;33;10255706493;S
20240502;100043;8050;5;10255706494;S
20240502;100043;8050;10;10255706495;S
20240502;100043;8050;5;10255706496;S
20240502;100043;8050;1;10255706497;S
20240502;100043;8050;1;10255706498;S
20240502;100043;8050;25;10255706499;S
20240502;100043;8050;1;10255706500;S
20240502;100043;8050;2;10255706501;S
20240502;100043;8050;10;10255706502;S
20240502;100043;8049.5;7;10255706503;S
20240502;100043;8055.5;22;10255706512;B
20240502;100043;8055.5;10;10255706513;B
20240502;100043;8056;1;10255706514;B
20240502;100043;8056.5;22;10255706515;B
20240502;100043;8058.5;45;10255706516;B
20240502;100043;8054;7;10255706519;S
20240502;100043;8051;5;10255706523;S
20240502;100043;8051;3;10255706538;S
20240502;100043;8051;15;10255706548;S
20240502;100043;8056;1;10255706596;S
20240502;100043;8052.5;1;10255706607;S
20240502;100043;8051;18;10255706618;S
20240502;100043;8051;5;10255706630;S
20240502;100043;8053;4;10255706658;S
20240502;100043;8053;5;10255706659;S
20240502;100043;8053;1;10255706663;S
20240502;100043;8053;4;10255706665;S
20240502;100043;8053;8;10255706670;S
20240502;100043;8053;1;10255706704;S
20240502;100043;8053;11;10255706712;S
20240502;100044;8053;2;10255706833;S
20240502;100044;8054.5;10;10255706915;B
20240502;100044;8055;224;10255706916;B
20240502;100044;8055;16;10255706917;B
20240502;100044;8059.5;24;10255707089;B
20240502;100044;8059.5;5;10255707090;B
20240502;100044;8060;10;10255707109;B
20240502;100044;8060;2;10255707110;B
20240502;100044;8059.5;7;10255707249;S
20240502;100044;8060;3;10255707259;B
20240502;100044;8062.5;2;10255707260;B
20240502;100044;8064;10;10255707261;B
20240502;100044;8064.5;20;10255707262;B
20240502;100045;8061.5;5;10255707490;S
20240502;100045;8065.5;1;10255707523;B
20240502;100045;8065.5;5;10255707526;B
20240502;100046;8062.5;10;10255707682;B
20240502;100046;8063;6;10255707683;B
20240502;100046;8065;27;10255707684;B
20240502;100046;8065.5;31;10255707685;B
20240502;100046;8065;27;10255707735;B
20240502;100046;8065;3;10255707736;B
20240502;100047;8064;1;10255708308;B
20240502;100047;8064;9;10255708311;B
20240502;100047;8064;40;10255708312;B
20240502;100047;8064.5;25;10255708313;B
20240502;100047;8064.5;22;10255708314;B
20240502;100047;8063;1;10255708338;S
20240502;100047;8062;1;10255708339;S
20240502;100048;8065;6;10255708512;B
20240502;100048;8065;21;10255708702;B
20240502;100048;8062;1;10255708708;S
20240502;100049;8063.5;3;10255708854;S
20240502;100049;8063.5;2;10255709087;S
20240502;100050;8062;1;10255709104;B
20240502;100050;8061.5;1;10255709123;S
20240502;100050;8062;1;10255709169;B
20240502;100050;8062;8;10255709312;B
20240502;100050;8062.5;5;10255709313;B
20240502;100050;8062.5;80;10255709314;B
20240502;100050;8064;86;10255709315;B
20240502;100050;8064.5;20;10255709316;B
20240502;100050;8064.5;22;10255709317;B
20240502;100050;8064.5;29;10255709318;B
20240502;100050;8065;1;10255709337;B
20240502;100050;8065;3;10255709375;B
20240502;100051;8065;6;10255709545;B
20240502;100051;8065.5;1;10255709546;B
20240502;100051;8065;10;10255709547;B
20240502;100051;8065.5;115;10255709548;B
20240502;100051;8066;10;10255709747;S
20240502;100051;8068;8;10255709751;B
20240502;100051;8068;2;10255709752;B
20240502;100052;8069;1;10255709823;B
20240502;100052;8069;3;10255709850;B
20240502;100053;8067.5;1;10255710230;B
20240502;100053;8067.5;1;10255710415;B
20240502;100053;8067.5;4;10255710432;B
20240502;100054;8067.5;1;10255710639;B
20240502;100054;8067.5;1;10255710719;B
20240502;100055;8067;1;10255710930;S
20240502;100055;8067.5;1;10255710944;B
20240502;100055;8068;4;10255710945;B
20240502;100055;8066;2;10255710978;S
20240502;100055;8066.5;1;10255711020;S
20240502;100055;8066.5;1;10255711021;S
20240502;100055;8066.5;2;10255711028;S
20240502;100055;8066;8;10255711029;S
20240502;100055;8065.5;18;10255711030;S
20240502;100055;8066;2;10255711059;S
20240502;100056;8067.5;10;10255711160;B
20240502;100056;8067.5;20;10255711161;B
20240502;100056;8067.5;7;10255711179;B
20240502;100056;8068;11;10255711180;B
20240502;100056;8068;10;10255711181;B
20240502;100056;8068.5;25;10255711182;B
20240502;100056;8068.5;10;10255711183;B
20240502;100056;8069.5;1;10255711184;B
20240502;100056;8069.5;300;10255711185;B
20240502;100056;8069.5;40;10255711186;B
20240502;100056;8069.5;22;10255711187;B
20240502;100056;8070;4;10255711188;B
20240502;100056;8070;1;10255711189;B
20240502;100056;8070;32;10255711190;B
20240502;100056;8070;2;10255711191;B
20240502;100056;8070;35;10255711192;B
20240502;100056;8067;1;10255711216;S
20240502;100056;8068.5;1;10255711291;B
20240502;100057;8068.5;5;10255711498;B
20240502;100057;8066;21;10255711597;S
20240502;100058;8068;10;10255711787;B
20240502;100058;8068;7;10255711874;B
20240502;100058;8068;3;10255711907;B
20240502;100058;8068;10;10255711908;B
20240502;100058;8068.5;4;10255711909;B
20240502;100058;8069.5;1;10255711933;B
20240502;100059;8069.5;1;10255712160;B
20240502;100059;8068.5;2;10255712184;S
20240502;100059;8068;1;10255712185;S
20240502;100059;8067.5;1;10255712186;S
20240502;100059;8067.5;10;10255712187;S
20240502;100059;8067;6;10255712188;S
20240502;100059;8069.5;6;10255712196;B
20240502;100100;8069.5;16;10255712251;B
20240502;100100;8069.5;3;10255712269;B
20240502;100100;8069.5;4;10255712270;B
20240502;100100;8069.5;1;10255712292;B
20240502;100100;8069.5;1;10255712331;B
20240502;100100;8069.5;10;10255712458;B
20240502;100101;8070;1;10255712670;B
20240502;100101;8067.5;10;10255712726;S
20240502;100101;8067.5;9;10255712727;S
20240502;100101;8067.5;6;10255712728;S
20240502;100102;8069;1;10255712928;B
20240502;100102;8069.5;10;10255712929;B
20240502;100102;8070;73;10255712930;B
20240502;100102;8070;2;10255712931;B
20240502;100102;8070;5;10255712932;B
20240502;100102;8070;1;10255712933;B
20240502;100102;8070;9;10255712934;B
20240502;100102;8071.5;12;10255712935;B
20240502;100102;8072;20;10255712936;B
20240502;100102;8072;25;10255712937;B
20240502;100102;8072;205;10255712938;B
20240502;100102;8072.5;1;10255713040;B
20240502;100102;8070.5;10;10255713108;S
20240502;100102;8070;5;10255713109;S
20240502;100103;8070;1;10255713444;S
20240502;100104;8072.5;1;10255713597;B
20240502;100104;8073;1;10255713598;B
20240502;100104;8070;3;10255713623;S
20240502;100104;8070;1;10255713711;S
20240502;100105;8070;5;10255713749;S
20240502;100105;8072;1;10255713821;B
20240502;100105;8070;11;10255713839;S
20240502;100106;8070;1;10255713943;S
20240502;100106;8071.5;2;10255713955;B
20240502;100106;8071.5;3;10255713957;B
20240502;100106;8070;2;10255714007;S
20240502;100106;8071.5;2;10255714033;B
20240502;100106;8071.5;2;10255714048;B
20240502;100109;8071;4;10255714925;S
20240502;100109;8071.5;1;10255714937;B
20240502;100109;8072;17;10255714938;B
20240502;100110;8072;2;10255715021;B
20240502;100110;8072.5;8;10255715022;B
20240502;100110;8073;22;10255715077;B
20240502;100110;8073;74;10255715078;B
20240502;100110;8074;4;10255715079;B
20240502;100110;8074;9;10255715080;B
20240502;100112;8075;1;10255715352;B
20240502;100112;8077;1;10255715551;B
20240502;100114;8077;1;10255715890;B
20240502;100114;8080;1;10255716008;B
20240502;100114;8080;2;10255716009;B
20240502;100115;8081;3;10255716098;B
20240502;100115;8081.5;4;10255716100;B
20240502;100115;8080.5;5;10255716108;S
20240502;100115;8081.5;26;10255716149;B
20240502;100115;8082;24;10255716150;B
20240502;100115;8084;130;10255716227;B
20240502;100115;8083.5;10;10255716236;B
20240502;100115;8084;27;10255716237;B
20240502;100115;8084;148;10255716238;B
20240502;100117;8082.5;8;10255716496;S
20240502;100117;8082;5;10255716554;S
20240502;100117;8084.5;1;10255716565;B
20240502;100118;8078;10;10255716635;S
20240502;100118;8077.5;23;10255716636;S
20240502;100118;8077;20;10255716637;S
20240502;100118;8077;25;10255716638;S
20240502;100119;8079;7;10255716780;B
20240502;100119;8075.5;2;10255716816;S
20240502;100120;8075.5;1;10255717046;S
20240502;100121;8079;3;10255717295;B
20240502;100121;8079;1;10255717426;B
20240502;100121;8079;1;10255717480;B
20240502;100123;8077;20;10255717858;S
20240502;100123;8076.5;10;10255717859;S
20240502;100123;8075.5;7;10255717860;S
20240502;100123;8075.5;3;10255717878;B
20240502;100124;8075;1;10255717940;S
20240502;100124;8075;10;10255718061;S
20240502;100125;8075;1;10255718132;S
20240502;100125;8075.5;2;10255718147;B
20240502;100127;8075.5;29;10255718470;B
20240502;100127;8075.5;12;10255718471;B
20240502;100127;8075.5;40;10255718472;B
20240502;100127;8075.5;22;10255718473;B
20240502;100127;8075.5;10;10255718474;B
20240502;100127;8075.5;10;10255718475;B
20240502;100127;8076;40;10255718476;B
20240502;100127;8076;37;10255718515;S
20240502;100127;8076;10;10255718516;S
20240502;100127;8076;10;10255718517;S
20240502;100127;8075;87;10255718518;S
20240502;100127;8074.5;3;10255718519;S
20240502;100127;8073.5;40;10255718520;S
20240502;100127;8073;50;10255718528;S
20240502;100127;8073;3;10255718599;B
20240502;100129;8072.5;1;10255718934;S
20240502;100129;8072.5;27;10255718935;S
20240502;100129;8072.5;10;10255718936;S
20240502;100129;8072;10;10255718937;S
20240502;100129;8072;40;10255718938;S
20240502;100129;8071.5;1;10255718996;S
20240502;100129;8071.5;1;10255718997;S
20240502;100129;8071.5;1;10255718998;S
20240502;100129;8071.5;17;10255718999;S
20240502;100130;8070.5;1;10255719166;S
20240502;100130;8070.5;4;10255719167;S
20240502;100131;8070.5;1;10255719395;S
20240502;100131;8070;2;10255719396;S
20240502;100131;8070;20;10255719397;S
20240502;100131;8070;1;10255719398;S
20240502;100131;8070;1;10255719399;S
20240502;100131;8070;1;10255719508;S
20240502;100132;8070.5;4;10255719692;S
20240502;100132;8070.5;2;10255719786;S
20240502;100133;8070.5;6;10255719911;S
20240502;100133;8070;28;10255719912;S
20240502;100133;8070;213;10255719913;S
20240502;100133;8070;1;10255719914;S
20240502;100133;8070;2;10255719915;S
20240502;100134;8070.5;3;10255720105;B
20240502;100134;8070.5;7;10255720116;B
20240502;100134;8070.5;10;10255720117;B
20240502;100134;8071;10;10255720118;B
20240502;100134;8071;8;10255720119;B
20240502;100134;8071.5;38;10255720120;B
20240502;100134;8071.5;22;10255720121;B
20240502;100134;8072;105;10255720122;B
20240502;100135;8071.5;10;10255720247;B
20240502;100135;8071.5;38;10255720248;B
20240502;100135;8072;107;10255720249;B
20240502;100135;8072;17;10255720250;B
20240502;100135;8072;22;10255720251;B
20240502;100135;8072.5;10;10255720252;B
20240502;100135;8073.5;10;10255720268;B
20240502;100135;8073;20;10255720300;S
20240502;100136;8073.5;9;10255720389;B
20240502;100137;8073.5;20;10255720526;B
20240502;100137;8073.5;20;10255720649;B
20240502;100139;8073.5;4;10255720954;B
20240502;100139;8075;5;10255720994;S
20240502;100139;8075;1;10255721064;S
20240502;100140;8075.5;1;10255721144;B
20240502;100141;8075.5;10;10255721419;B
20240502;100143;8075.5;8;10255721727;B
20240502;100146;8075;20;10255722282;S
20240502;100146;8075.5;1;10255722312;B
20240502;100149;8075.5;1;10255722855;B
20240502;100149;8075;1;10255722898;S
20240502;100149;8075;9;10255722944;S
20240502;100149;8075;5;10255722945;S
20240502;100149;8075;26;10255722946;S
20240502;100149;8075;10;10255722952;S
20240502;100149;8075.5;1;10255722964;B
20240502;100150;8075.5;3;10255723153;B
20240502;100150;8076;10;10255723154;B
20240502;100150;8076.5;10;10255723227;S
20240502;100150;8076.5;10;10255723228;S
20240502;100150;8076;30;10255723229;S
20240502;100151;8076;7;10255723383;S
20240502;100151;8075.5;38;10255723384;S
20240502;100151;8075.5;10;10255723385;S
20240502;100151;8075.5;2;10255723493;B
20240502;100153;8075;3;10255724013;S
20240502;100154;8075;3;10255724161;S
20240502;100154;8075.5;11;10255724178;B
20240502;100154;8075.5;44;10255724352;B
20240502;100156;8075.5;3;10255724535;B
20240502;100157;8076;2;10255725004;S
20240502;100157;8076.5;1;10255725115;B
20240502;100157;8077;3;10255725116;B
20240502;100159;8077.5;200;10255725455;B
20240502;100159;8077.5;50;10255725472;B
20240502;100200;8078.5;10;10255725789;S
20240502;100202;8079;17;10255726117;B
20240502;100203;8079.5;28;10255726128;B
20240502;100204;8079.5;1;10255726420;B
20240502;100207;8079.5;11;10255727071;B
20240502;100207;8079.5;9;10255727072;B
20240502;100207;8080;1;10255727127;B
20240502;100207;8080;14;10255727128;B
20240502;100207;8080.5;8;10255727129;B
20240502;100207;8081;2;10255727130;B
20240502;100207;8081.5;10;10255727165;B
20240502;100207;8082;4;10255727166;B
20240502;100208;8082;50;10255727536;B
20240502;100208;8081;6;10255727580;S
20240502;100208;8081;10;10255727581;S
20240502;100208;8081;1;10255727582;S
20240502;100209;8080.5;2;10255727629;S
20240502;100209;8080.5;8;10255727630;S
20240502;100209;8082;15;10255727662;B
20240502;100209;8082;2;10255727704;B
20240502;100209;8082;5;10255727733;B
20240502;100209;8082;21;10255727827;B
20240502;100210;8080.5;10;10255728123;S
20240502;100210;8080.5;1;10255728124;S
20240502;100211;8080.5;3;10255728146;S
20240502;100211;8080.5;1;10255728147;S
20240502;100211;8082;10;10255728148;B
20240502;100211;8082;1;10255728201;B
20240502;100211;8082;1;10255728202;B
20240502;100211;8081;1;10255728204;S
20240502;100211;8081;1;10255728266;S
20240502;100211;8081;10;10255728267;S
20240502;100212;8082;1;10255728362;B
20240502;100212;8081;1;10255728369;S
20240502;100212;8080.5;10;10255728370;S
20240502;100212;8081.5;10;10255728479;B
20240502;100212;8082;30;10255728480;B
20240502;100212;8082;12;10255728483;B
20240502;100212;8082;8;10255728485;B
20240502;100213;8081;1;10255728555;S
20240502;100213;8080.5;16;10255728556;S
20240502;100213;8080.5;7;10255728557;S
20240502;100213;8082;2;10255728641;B
20240502;100214;8080.5;10;10255728683;S
20240502;100214;8080;1;10255728684;S
20240502;100214;8080;10;10255728685;S
20240502;100214;8079.5;1;10255728686;S
20240502;100214;8079.5;40;10255728687;S
20240502;100214;8079.5;22;10255728688;S
20240502;100214;8079;33;10255728689;S
20240502;100214;8079;40;10255728690;S
20240502;100214;8079;2;10255728691;S
20240502;100214;8078.5;1;10255728692;S
20240502;100214;8078.5;40;10255728693;S
20240502;100214;8079;1;10255728702;S
20240502;100215;8079;1;10255728888;S
20240502;100215;8079;8;10255728994;S
20240502;100215;8078.5;52;10255728995;S
20240502;100216;8080;1;10255729058;B
20240502;100216;8079;10;10255729251;S
20240502;100216;8079;4;10255729252;S
20240502;100218;8080;1;10255729491;B
20240502;100218;8080;4;10255729508;B
20240502;100219;8079.5;2;10255729705;S
20240502;100219;8079.5;1;10255729742;S
20240502;100220;8079.5;6;10255729844;S
20240502;100221;8080;2;10255729936;B
20240502;100221;8079.5;1;10255729991;S
20240502;100222;8080;1;10255730104;B
20240502;100222;8080;4;10255730132;B
20240502;100223;8080;75;10255730498;B
20240502;100223;8080;5;10255730499;B
20240502;100223;8080;5;10255730500;B
20240502;100223;8080;5;10255730501;B
20240502;100223;8080;7;10255730502;B
20240502;100225;8082;5;10255730863;B
20240502;100225;8082.5;8;10255730864;B
20240502;100225;8083.5;10;10255730865;B
20240502;100225;8084;14;10255730866;B
20240502;100226;8084;1;10255730916;B
20240502;100226;8085;2;10255730917;B
20240502;100226;8085;12;10255730918;B
20240502;100226;8085;10;10255730919;B
20240502;100226;8085.5;10;10255730920;B
20240502;100226;8086;55;10255730921;B
20240502;100229;8087.5;3;10255731603;B
20240502;100229;8087.5;3;10255731625;B
20240502;100229;8087.5;1;10255731682;B
20240502;100231;8087.5;1;10255731901;B
20240502;100232;8084;10;10255732232;S
20240502;100232;8084;15;10255732233;S
20240502;100232;8085.5;10;10255732254;B
20240502;100232;8086;5;10255732255;B
20240502;100233;8087;10;10255732332;B
20240502;100233;8087;2;10255732333;B
20240502;100234;8087;2;10255732443;B
20240502;100234;8085;4;10255732456;S
20240502;100235;8087;8;10255732722;B
20240502;100235;8087;4;10255732723;B
20240502;100235;8085;1;10255732724;S
20240502;100236;8087;2;10255732837;B
20240502;100236;8087;7;10255732838;B
20240502;100237;8087;5;10255733009;B
20240502;100237;8087.5;1;10255733010;B
20240502;100237;8087.5;1;10255733011;B
20240502;100237;8087;10;10255733069;B
20240502;100237;8087;2;10255733075;B
20240502;100238;8086;2;10255733151;S
20240502;100238;8087;1;10255733289;B
20240502;100238;8087;6;10255733295;B
20240502;100239;8086;1;10255733489;S
20240502;100240;8087;5;10255733642;B
20240502;100240;8087.5;4;10255733643;B
20240502;100240;8087.5;9;10255733644;B
20240502;100240;8087.5;40;10255733645;B
20240502;100240;8088;40;10255733646;B
20240502;100240;8088;10;10255733647;B
20240502;100240;8088.5;2;10255733648;B
20240502;100240;8088.5;90;10255733649;B
20240502;100240;8088.5;1;10255733652;B
20240502;100240;8088.5;124;10255733766;B
20240502;100242;8088.5;10;10255734121;B
20240502;100243;8088;10;10255734452;B
20240502;100243;8088;20;10255734508;B
20240502;100243;8088;10;10255734513;B
20240502;100243;8088;2;10255734530;B
20240502;100243;8088.5;8;10255734531;B
20240502;100243;8088.5;5;10255734567;B
20240502;100244;8088.5;2;10255734835;B
20240502;100244;8088.5;2;10255734837;B
20240502;100245;8088.5;8;10255734947;B
20240502;100245;8089;3;10255734948;B
20240502;100245;8089;9;10255734949;B
20240502;100245;8090;1;10255734950;B
20240502;100245;8090;40;10255734951;B
20240502;100245;8090.5;7;10255734952;B
20240502;100245;8089.5;1;10255734957;S
20240502;100246;8091;2;10255735234;B
20240502;100247;8091;1;10255735731;B
20240502;100247;8089.5;9;10255735811;S
20240502;100247;8089.5;22;10255735812;S
20240502;100247;8089;9;10255735813;S
20240502;100247;8088;25;10255735814;S
20240502;100248;8091;9;10255736027;B
20240502;100248;8091;9;10255736028;B
20240502;100248;8091;5;10255736029;B
20240502;100249;8091;5;10255736311;B
20240502;100249;8091;12;10255736312;B
20240502;100249;8091;9;10255736313;B
20240502;100249;8091.5;4;10255736314;B
20240502;100249;8091.5;10;10255736315;B
20240502;100249;8091.5;21;10255736316;B
20240502;100249;8091.5;12;10255736386;B
20240502;100249;8091.5;10;10255736387;B
20240502;100249;8092;1;10255736388;B
20240502;100250;8091.5;10;10255736524;B
20240502;100250;8091.5;12;10255736525;B
20240502;100250;8092;1;10255736526;B
20240502;100250;8092;40;10255736527;B
20240502;100250;8092.5;40;10255736528;B
20240502;100250;8093;40;10255736529;B
20240502;100250;8093;22;10255736530;B
20240502;100250;8093.5;1;10255736531;B
20240502;100250;8093.5;34;10255736532;B
20240502;100251;8093;10;10255736724;B
20240502;100251;8093;12;10255736725;B
20240502;100251;8093.5;42;10255736726;B
20240502;100251;8093.5;21;10255736727;B
20240502;100251;8094;5;10255736728;B
20240502;100251;8094;65;10255736729;B
20240502;100251;8094.5;27;10255736730;B
20240502;100251;8094.5;40;10255736731;B
20240502;100251;8095;1;10255736732;B
20240502;100251;8095;1;10255736733;B
20240502;100251;8095;8;10255736734;B
20240502;100251;8095;40;10255736735;B
20240502;100251;8095.5;28;10255736736;B
20240502;100252;8092.5;10;10255736948;S
20240502;100252;8094.5;3;10255737007;B
20240502;100252;8092.5;1;10255737008;S
20240502;100253;8092.5;1;10255737024;S
20240502;100258;8094;2;10255738048;B
20240502;100259;8093.5;1;10255738228;S
20240502;100259;8094;1;10255738275;B
20240502;100259;8093.5;1;10255738317;S
20240502;100300;8093.5;3;10255738567;S
20240502;100301;8094;2;10255738619;B
20240502;100301;8094;7;10255738620;B
20240502;100301;8094.5;7;10255738621;B
20240502;100303;8094.5;2;10255739189;B
20240502;100304;8094.5;3;10255739503;B
20240502;100304;8094.5;9;10255739504;B
20240502;100304;8094.5;12;10255739528;B
20240502;100304;8095;1;10255739529;B
20240502;100306;8094;7;10255740079;S
20240502;100307;8095;1;10255740222;B
20240502;100307;8095;8;10255740244;B
20240502;100307;8095.5;2;10255740245;B
20240502;100308;8095.5;8;10255740447;B
20240502;100308;8095.5;5;10255740448;B
20240502;100308;8095.5;10;10255740449;B
20240502;100308;8095.5;10;10255740450;B
20240502;100308;8095.5;2;10255740451;B
20240502;100308;8095.5;10;10255740489;S
20240502;100308;8095.5;12;10255740490;S
20240502;100309;8096;1;10255740551;B
20240502;100310;8096;1;10255740687;B
20240502;100310;8096;3;10255740708;B
20240502;100310;8096;1;10255740711;B
20240502;100311;8096;1;10255740945;B
20240502;100311;8096;3;10255740984;B
20240502;100312;8095.5;4;10255741087;S
20240502;100312;8096;5;10255741110;B
20240502;100312;8096;61;10255741135;B
20240502;100313;8095.5;6;10255741280;S
20240502;100313;8095.5;21;10255741281;S
20240502;100313;8096;9;10255741361;B
20240502;100314;8096;1;10255741521;B
20240502;100315;8095.5;18;10255741871;S
20240502;100317;8095;10;10255742375;S
20240502;100318;8096;1;10255742502;B
20240502;100318;8096;169;10255742537;B
20240502;100318;8096.5;18;10255742538;B
20240502;100318;8096.5;10;10255742539;B
20240502;100318;8096.5;3;10255742540;B
20240502;100319;8097;42;10255742606;B
20240502;100319;8095.5;1;10255742629;S
20240502;100320;8097;20;10255742886;B
20240502;100321;8095.5;9;10255742903;S
20240502;100321;8095.5;22;10255742904;S
20240502;100321;8095.5;37;10255742905;S
20240502;100322;8095.5;2;10255743145;B
20240502;100322;8095.5;7;10255743270;B
20240502;100322;8095;8;10255743334;S
20240502;100322;8095;10;10255743335;S
20240502;100322;8095;4;10255743336;S
20240502;100322;8095;11;10255743337;S
20240502;100322;8095;10;10255743338;S
20240502;100322;8095;22;10255743339;S
20240502;100322;8094.5;37;10255743340;S
20240502;100322;8094;1;10255743341;S
20240502;100322;8094;3;10255743342;S
20240502;100322;8094;100;10255743343;S
20240502;100322;8094;32;10255743344;S
20240502;100322;8094;100;10255743345;S
20240502;100322;8094;40;10255743346;S
20240502;100322;8094;6;10255743355;B
20240502;100323;8094;23;10255743451;B
20240502;100323;8094;60;10255743523;B
20240502;100325;8094;50;10255743829;B
20240502;100326;8094;1;10255744141;B
20240502;100326;8094;1;10255744147;B
20240502;100326;8094;36;10255744151;B
20240502;100326;8094;5;10255744152;B
20240502;100326;8094.5;9;10255744153;B
20240502;100327;8095;3;10255744219;B
20240502;100327;8095.5;14;10255744359;B
20240502;100328;8095.5;3;10255744569;B
20240502;100328;8095.5;3;10255744570;B
20240502;100328;8094.5;10;10255744579;S
20240502;100328;8094;20;10255744580;S
20240502;100328;8094;10;10255744581;S
20240502;100328;8094;27;10255744582;S
20240502;100328;8094;1;10255744583;S
20240502;100328;8093.5;22;10255744584;S
20240502;100328;8093;2;10255744585;S
20240502;100328;8093;30;10255744586;S
20240502;100328;8093;2;10255744587;S
20240502;100328;8092.5;24;10255744588;S
20240502;100328;8092.5;1;10255744589;S
20240502;100328;8092.5;40;10255744590;S
20240502;100328;8092;100;10255744591;S
20240502;100328;8092;40;10255744592;S
20240502;100328;8091.5;40;10255744593;S
20240502;100328;8091.5;30;10255744594;S
20240502;100328;8091;6;10255744595;S
20240502;100328;8091;8;10255744596;S
20240502;100328;8090;5;10255744597;S
20240502;100328;8090;5;10255744598;S
20240502;100328;8090;18;10255744599;S
20240502;100328;8090;60;10255744600;S
20240502;100328;8090;15;10255744601;S
20240502;100328;8089.5;76;10255744602;S
20240502;100328;8089;300;10255744603;S
20240502;100328;8088.5;1;10255744604;S
20240502;100328;8088.5;1;10255744605;S
20240502;100328;8087;2;10255744606;S
20240502;100328;8087;104;10255744607;S
20240502;100329;8091;3;10255744794;B
20240502;100329;8091;7;10255744813;B
20240502;100330;8089.5;3;10255744951;B
20240502;100330;8089.5;1;10255745046;B
20240502;100331;8088;27;10255745063;S
20240502;100331;8087.5;10;10255745064;S
20240502;100331;8086.5;10;10255745065;S
20240502;100331;8086;7;10255745066;S
20240502;100331;8086.5;1;10255745173;S
20240502;100331;8088;1;10255745175;B
20240502;100332;8087;1;10255745450;B
20240502;100332;8086.5;26;10255745452;S
20240502;100332;8086;29;10255745453;S
20240502;100332;8085.5;10;10255745454;S
20240502;100332;8085;1;10255745455;S
20240502;100332;8085;12;10255745456;S
20240502;100332;8084.5;2;10255745457;S
20240502;100332;8084.5;2;10255745496;S
20240502;100333;8087;9;10255745889;B
20240502;100333;8087;10;10255745890;B
20240502;100333;8087.5;5;10255745891;B
20240502;100333;8087.5;22;10255745892;B
20240502;100333;8089;30;10255745893;B
20240502;100333;8089;24;10255745894;B
20240502;100334;8089;8;10255746095;B
20240502;100335;8089.5;2;10255746425;B
20240502;100336;8089.5;2;10255746491;B
20240502;100336;8089.5;2;10255746550;B
20240502;100337;8086.5;10;10255746673;S
20240502;100337;8086.5;19;10255746674;S
20240502;100338;8088;10;10255746832;B
20240502;100338;8088;10;10255746833;B
20240502;100338;8088.5;3;10255746834;B
20240502;100338;8086.5;1;10255746856;S
20240502;100338;8086.5;5;10255746870;S
20240502;100338;8087;10;10255746944;B
20240502;100338;8087.5;5;10255746945;B
20240502;100338;8088;10;10255746946;B
20240502;100338;8088.5;19;10255746947;B
20240502;100338;8088.5;8;10255746948;B
20240502;100338;8089.5;20;10255746949;B
20240502;100338;8089.5;22;10255746950;B
20240502;100338;8090;6;10255746951;B
20240502;100339;8089;1;10255746987;B
20240502;100339;8086;10;10255747251;S
20240502;100339;8086;5;10255747252;S
20240502;100340;8089;9;10255747440;B
20240502;100340;8089;31;10255747441;B
20240502;100340;8089;10;10255747442;B
20240502;100340;8089.5;90;10255747443;B
20240502;100344;8088;1;10255748052;B
20240502;100344;8088;4;10255748117;B
20240502;100344;8089.5;1;10255748118;B
20240502;100345;8089.5;1;10255748299;B
20240502;100347;8088.5;2;10255748670;B
20240502;100348;8088.5;1;10255748698;B
20240502;100349;8088.5;2;10255748857;B
20240502;100349;8089;10;10255748858;B
20240502;100349;8089;8;10255748859;B
20240502;100349;8089.5;7;10255748860;B
20240502;100349;8089.5;10;10255748861;B
20240502;100349;8090;12;10255748862;B
20240502;100349;8089.5;10;10255748946;B
20240502;100349;8090;6;10255748947;B
20240502;100354;8089.5;1;10255749662;B
20240502;100354;8090.5;10;10255749663;B
20240502;100354;8091;10;10255749740;S
20240502;100354;8090.5;5;10255749741;S
20240502;100355;8090.5;22;10255749816;S
20240502;100357;8091.5;1;10255750080;B
20240502;100359;8091.5;9;10255750488;B
20240502;100359;8090.5;62;10255750535;S
20240502;100359;8090.5;10;10255750536;S
20240502;100359;8090;10;10255750537;S
20240502;100359;8090;18;10255750538;S
20240502;100400;8091.5;6;10255750569;B
20240502;100400;8090;1;10255750654;S
20240502;100401;8091.5;4;10255750823;B
20240502;100401;8092;12;10255750824;B
20240502;100401;8090;2;10255750827;S
20240502;100401;8090;25;10255750864;S
20240502;100402;8091.5;2;10255751197;B
20240502;100403;8091.5;1;10255751499;B
20240502;100403;8090;4;10255751654;S
20240502;100403;8090;1;10255751655;S
20240502;100403;8090;3;10255751656;S
20240502;100403;8090;7;10255751657;S
20240502;100404;8091.5;10;10255751958;B
20240502;100404;8092;10;10255751959;B
20240502;100404;8092;22;10255751960;B
20240502;100404;8092;3;10255751961;B
20240502;100404;8092;12;10255751962;B
20240502;100404;8092.5;46;10255751963;B
20240502;100404;8092;10;10255752066;B
20240502;100404;8092;12;10255752067;B
20240502;100404;8092.5;204;10255752068;B
20240502;100404;8093;40;10255752069;B
20240502;100404;8093;3;10255752070;B
20240502;100405;8094.5;3;10255752193;B
20240502;100407;8094.5;1;10255752517;B
20240502;100407;8094.5;2;10255752658;B
20240502;100410;8092.5;10;10255753023;B
20240502;100410;8094;10;10255753024;B
20240502;100410;8094.5;24;10255753025;B
20240502;100410;8095;2;10255753026;B
20240502;100411;8092;1;10255753329;S
20240502;100412;8095;10;10255753359;B
20240502;100412;8095;8;10255753360;B
20240502;100412;8095;2;10255753395;B
20240502;100412;8095;2;10255753458;B
20240502;100415;8095;8;10255754089;B
20240502;100415;8095.5;5;10255754090;B
20240502;100415;8095.5;10;10255754091;B
20240502;100415;8095.5;27;10255754092;B
20240502;100415;8095.5;8;10255754093;B
20240502;100415;8096;10;10255754094;B
20240502;100415;8096.5;45;10255754095;B
20240502;100415;8097;138;10255754096;B
20240502;100415;8097;5;10255754097;B
20240502;100416;8097.5;2;10255754122;B
20240502;100417;8095;1;10255754408;S
20240502;100417;8095;10;10255754409;S
20240502;100417;8093.5;9;10255754410;S
20240502;100417;8093;9;10255754411;S
20240502;100417;8093;22;10255754412;S
20240502;100417;8092.5;22;10255754413;S
20240502;100417;8092.5;40;10255754414;S
20240502;100417;8092.5;27;10255754415;S
20240502;100417;8092;40;10255754416;S
20240502;100417;8091.5;40;10255754417;S
20240502;100417;8090.5;1;10255754418;S
20240502;100417;8090;1;10255754419;S
20240502;100417;8090;1;10255754420;S
20240502;100417;8090;1;10255754421;S
20240502;100417;8090;1;10255754422;S
20240502;100417;8090;2;10255754423;S
20240502;100417;8090;1;10255754424;S
20240502;100417;8089.5;20;10255754425;S
20240502;100417;8089.5;9;10255754426;S
20240502;100417;8088.5;12;10255754427;S
20240502;100417;8088;76;10255754428;S
20240502;100417;8088;76;10255754429;S
20240502;100417;8087.5;30;10255754430;S
20240502;100417;8087.5;15;10255754431;S
20240502;100417;8087.5;14;10255754432;S
20240502;100417;8087.5;5;10255754433;S
20240502;100417;8087.5;300;10255754434;S
20240502;100417;8087;2;10255754435;S
20240502;100417;8087;24;10255754436;S
20240502;100417;8087;1;10255754437;S
20240502;100417;8087;300;10255754438;S
20240502;100417;8087;60;10255754439;S
20240502;100417;8086.5;300;10255754440;S
20240502;100417;8086;1;10255754441;S
20240502;100417;8085.5;81;10255754442;S
20240502;100417;8086.5;27;10255754448;S
20240502;100417;8086.5;10;10255754449;S
20240502;100418;8086.5;7;10255754707;B
20240502;100420;8087;1;10255754995;B
20240502;100420;8087;8;10255755008;B
20240502;100421;8087;1;10255755182;B
20240502;100421;8087;10;10255755183;B
20240502;100421;8087.5;22;10255755184;B
20240502;100421;8088.5;24;10255755185;B
20240502;100421;8089;300;10255755186;B
20240502;100421;8089;30;10255755187;B
20240502;100421;8090;300;10255755188;B
20240502;100421;8090;21;10255755189;B
20240502;100421;8090;40;10255755190;B
20240502;100421;8090.5;40;10255755191;B
20240502;100421;8091;40;10255755192;B
20240502;100421;8092;27;10255755193;B
20240502;100421;8092.5;12;10255755194;B
20240502;100421;8092.5;280;10255755195;B
20240502;100421;8090.5;5;10255755302;S
20240502;100422;8094;6;10255755486;B
20240502;100424;8094;4;10255755780;B
20240502;100424;8094;9;10255755781;B
20240502;100424;8094.5;76;10255755782;B
20240502;100424;8094.5;33;10255755783;B
20240502;100425;8094;1;10255756140;B
20240502;100425;8094;9;10255756141;B
20240502;100425;8094.5;8;10255756142;B
20240502;100425;8095.5;15;10255756186;B
20240502;100425;8095.5;30;10255756187;B
20240502;100425;8096;9;10255756188;B
20240502;100425;8096;6;10255756189;B
20240502;100426;8094;10;10255756374;S
20240502;100426;8094;40;10255756375;S
20240502;100426;8094;23;10255756376;S
20240502;100426;8093.5;9;10255756377;S
20240502;100426;8093.5;40;10255756378;S
20240502;100426;8093;40;10255756379;S
20240502;100426;8093;22;10255756380;S
20240502;100426;8092;27;10255756381;S
20240502;100427;8092;5;10255756452;B
20240502;100429;8092;13;10255756752;B
20240502;100430;8092;71;10255757016;B
20240502;100430;8092.5;9;10255757017;B
20240502;100430;8094;1;10255757018;B
20240502;100430;8094.5;10;10255757019;B
20240502;100430;8094.5;19;10255757020;B
20240502;100432;8092.5;1;10255757241;S
20240502;100433;8092;9;10255757421;S
20240502;100433;8092;10;10255757422;S
20240502;100433;8091.5;1;10255757483;S
20240502;100433;8091.5;2;10255757484;S
20240502;100434;8092;48;10255757736;B
20240502;100434;8093;9;10255757737;B
20240502;100434;8093.5;40;10255757738;B
20240502;100434;8094;33;10255757739;B
20240502;100435;8094.5;1;10255757870;B
20240502;100437;8094.5;2;10255758284;B
20240502;100437;8093;5;10255758328;S
20240502;100438;8094.5;4;10255758410;B
20240502;100438;8094.5;2;10255758513;B
20240502;100440;8094.5;1;10255758665;B
20240502;100440;8094;10;10255758699;S
20240502;100440;8093.5;14;10255758700;S
20240502;100440;8093.5;10;10255758701;S
20240502;100440;8093;9;10255758702;S
20240502;100440;8092.5;1;10255758703;S
20240502;100440;8091.5;11;10255758704;S
20240502;100440;8091;22;10255758705;S
20240502;100440;8091;40;10255758706;S
20240502;100440;8090.5;3;10255758707;S
20240502;100440;8090.5;22;10255758708;S
20240502;100440;8091.5;10;10255758778;S
20240502;100440;8091;6;10255758779;S
20240502;100440;8090.5;19;10255758780;S
20240502;100440;8090.5;1;10255758781;S
20240502;100440;8090.5;9;10255758782;S
20240502;100440;8090.5;76;10255758783;S
20240502;100440;8090;1;10255758784;S
20240502;100440;8090;53;10255758785;S
20240502;100441;8090.5;1;10255758843;S
20240502;100442;8092.5;1;10255758975;B
20240502;100442;8093;4;10255758976;B
20240502;100442;8093;6;10255758990;B
20240502;100442;8093.5;6;10255758991;B
20240502;100443;8092;3;10255759158;S
20240502;100443;8091.5;9;10255759159;S
20240502;100443;8090.5;3;10255759160;S
20240502;100443;8093;10;10255759214;B
20240502;100444;8092;5;10255759409;S
20240502;100444;8091;10;10255759438;B
20240502;100444;8091.5;2;10255759439;B
20240502;100445;8092;10;10255759537;B
20240502;100445;8092;2;10255759538;B
20240502;100446;8091;1;10255759675;B
20240502;100446;8092;29;10255759676;B
20240502;100446;8092.5;1;10255759741;B
20240502;100448;8090.5;4;10255759963;S
20240502;100450;8092.5;9;10255760193;B
20240502;100450;8093;3;10255760194;B
20240502;100451;8094;1;10255760383;B
20240502;100451;8092;1;10255760422;S
20240502;100451;8094;3;10255760436;B
20240502;100451;8094;23;10255760466;B
20240502;100451;8094;10;10255760467;B
20240502;100452;8094.5;1;10255760621;B
20240502;100454;8094.5;1;10255760962;B
20240502;100455;8092;1;10255761044;S
20240502;100455;8092;10;10255761045;S
20240502;100455;8091;1;10255761046;S
20240502;100455;8091;9;10255761047;S
20240502;100455;8090.5;4;10255761048;S
20240502;100455;8094;2;10255761079;B
20240502;100458;8093;1;10255761523;B
20240502;100458;8093;10;10255761606;B
20240502;100458;8093.5;1;10255761607;B
20240502;100458;8093.5;9;10255761608;B
20240502;100458;8093.5;5;10255761609;B
20240502;100458;8093.5;5;10255761611;B
20240502;100500;8093.5;2;10255761887;B
20240502;100500;8093.5;1;10255761892;B
20240502;100500;8093.5;5;10255761897;B
20240502;100501;8091.5;1;10255762193;S
20240502;100501;8091;1;10255762194;S
20240502;100502;8093;13;10255762412;B
20240502;100502;8093;10;10255762446;B
20240502;100502;8093;2;10255762483;B
20240502;100504;8093;4;10255762828;B
20240502;100505;8093;1;10255763022;B
20240502;100506;8093;5;10255763063;B
20240502;100506;8093;1;10255763109;B
20240502;100506;8093;2;10255763148;B
20240502;100506;8093;9;10255763149;B
20240502;100506;8093;11;10255763150;B
20240502;100506;8093;12;10255763151;B
20240502;100506;8093;15;10255763152;B
20240502;100508;8093;2;10255763524;B
20240502;100509;8093;10;10255763951;B
20240502;100509;8093.5;19;10255763952;B
20240502;100509;8093.5;14;10255763953;B
20240502;100509;8093.5;26;10255763954;B
20240502;100509;8093.5;25;10255763955;B
20240502;100509;8093.5;10;10255763956;B
20240502;100509;8093.5;40;10255763957;B
20240502;100509;8093.5;16;10255763958;B
20240502;100509;8093.5;9;10255763959;B
20240502;100509;8094;40;10255763960;B
20240502;100509;8094.5;38;10255763961;B
20240502;100509;8094.5;22;10255763962;B
20240502;100509;8094.5;27;10255763963;B
20240502;100509;8095;1;10255763964;B
20240502;100509;8095;2;10255763965;B
20240502;100509;8095;1;10255763966;B
20240502;100509;8095;7;10255763967;B
20240502;100510;8093.5;10;10255764100;S
20240502;100510;8093.5;1;10255764101;S
20240502;100510;8093.5;2;10255764102;S
20240502;100511;8095;1;10255764215;B
20240502;100511;8095;1;10255764317;B
20240502;100511;8095;16;10255764345;B
20240502;100511;8095.5;12;10255764346;B
20240502;100511;8095.5;9;10255764347;B
20240502;100511;8096;5;10255764348;B
20240502;100511;8096;5;10255764349;B
20240502;100511;8096;1;10255764350;B
20240502;100511;8096;3;10255764351;B
20240502;100511;8096;1;10255764352;B
20240502;100511;8096.5;1;10255764353;B
20240502;100511;8097;15;10255764354;B
20240502;100511;8097;10;10255764355;B
20240502;100511;8097.5;8;10255764356;B
20240502;100511;8097.5;27;10255764357;B
20240502;100511;8097.5;40;10255764358;B
20240502;100511;8097.5;30;10255764359;B
20240502;100511;8098;20;10255764360;B
20240502;100511;8098;500;10255764361;B
20240502;100511;8098;22;10255764362;B
20240502;100511;8098;40;10255764363;B
20240502;100511;8098.5;5;10255764364;B
20240502;100511;8098.5;12;10255764365;B
20240502;100511;8098.5;40;10255764366;B
20240502;100511;8099;3;10255764367;B
20240502;100511;8099;2;10255764368;B
20240502;100511;8099;4;10255764369;B
20240502;100511;8099.5;2;10255764370;B
20240502;100511;8099.5;17;10255764371;B
20240502;100511;8098.5;3;10255764377;S
20240502;100512;8097;10;10255764390;S
20240502;100512;8096.5;38;10255764391;S
20240502;100512;8096;7;10255764392;S
20240502;100512;8098.5;10;10255764413;B
20240502;100512;8098;10;10255764420;S
20240502;100512;8099.5;1;10255764461;B
20240502;100513;8099.5;1;10255764570;B
20240502;100514;8099.5;4;10255764889;B
20240502;100517;8099.5;6;10255765301;B
20240502;100517;8100;8;10255765302;B
20240502;100517;8100;8;10255765303;B
20240502;100517;8100;25;10255765304;B
20240502;100517;8100;10;10255765305;B
20240502;100517;8100;2;10255765306;B
20240502;100517;8100;2;10255765307;B
20240502;100517;8100;2;10255765308;B
20240502;100517;8100;62;10255765309;B
20240502;100517;8100;5;10255765310;B
20240502;100517;8100;6;10255765311;B
20240502;100517;8099.5;1;10255765337;B
20240502;100518;8099;2;10255765400;S
20240502;100519;8099.5;11;10255765585;B
20240502;100519;8100;4;10255765586;B
20240502;100519;8100;1;10255765587;B
20240502;100519;8100;9;10255765588;B
20240502;100519;8101;47;10255765589;B
20240502;100519;8101;2;10255765590;B
20240502;100519;8102;10;10255765591;B
20240502;100519;8102.5;10;10255765592;B
20240502;100519;8102.5;5;10255765593;B
20240502;100519;8102.5;12;10255765594;B
20240502;100519;8102.5;14;10255765595;B
20240502;100519;8100.5;9;10255765609;S
20240502;100519;8100;8;10255765670;S
20240502;100519;8100;2;10255765671;S
20240502;100521;8099;3;10255766016;S
20240502;100522;8099;1;10255766083;S
20240502;100524;8098.5;5;10255766320;B
20240502;100525;8098;3;10255766585;S
20240502;100526;8098.5;10;10255766703;B
20240502;100526;8098.5;17;10255766704;B
20240502;100526;8099;6;10255766705;B
20240502;100526;8098.5;10;10255766713;B
20240502;100526;8098.5;11;10255766714;B
20240502;100527;8099;32;10255766827;B
20240502;100527;8099;8;10255766828;B
20240502;100528;8100;1;10255766959;B
20240502;100528;8098.5;10;10255766983;S
20240502;100528;8098.5;8;10255766984;S
20240502;100528;8098.5;17;10255766985;S
20240502;100528;8098;1;10255766986;S
20240502;100528;8098;7;10255766987;S
20240502;100528;8098;11;10255766988;S
20240502;100528;8099;4;10255767039;B
20240502;100528;8099;34;10255767071;B
20240502;100528;8099;8;10255767072;B
20240502;100528;8099.5;50;10255767073;B
20240502;100528;8100;1;10255767074;B
20240502;100528;8100;10;10255767075;B
20240502;100529;8101;12;10255767316;B
20240502;100530;8100.5;10;10255767437;S
20240502;100530;8100;78;10255767438;S
20240502;100531;8100.5;8;10255767621;B
20240502;100531;8101;3;10255767622;B
20240502;100532;8100;3;10255767765;S
20240502;100532;8100.5;20;10255767881;B
20240502;100537;8100.5;10;10255768545;B
20240502;100537;8101;9;10255768546;B
20240502;100537;8101;8;10255768547;B
20240502;100537;8101;3;10255768548;B
20240502;100538;8102;17;10255768772;B
20240502;100539;8100.5;11;10255768817;S
20240502;100539;8100.5;2;10255768818;S
20240502;100539;8100.5;10;10255768819;S
20240502;100539;8100.5;131;10255768855;B
20240502;100539;8100;116;10255768957;S
20240502;100539;8100;1;10255768958;S
20240502;100539;8100;10;10255768959;S
20240502;100539;8100;10;10255768960;S
20240502;100540;8100;85;10255768984;B
20240502;100540;8100;8;10255768985;B
20240502;100540;8100;10;10255768986;B
20240502;100540;8100;1;10255769120;S
20240502;100541;8100.5;2;10255769372;B
20240502;100542;8100.5;49;10255769436;B
20240502;100543;8100;5;10255769661;S
20240502;100544;8100;1;10255769760;S
20240502;100544;8100.5;15;10255769766;B
20240502;100544;8101;8;10255769767;B
20240502;100544;8101;8;10255769768;B
20240502;100544;8102;18;10255769769;B
20240502;100544;8100.5;10;10255769862;S
20240502;100544;8100.5;4;10255769863;S
20240502;100544;8100.5;2;10255769864;S
20240502;100544;8100.5;1;10255769881;B
20240502;100544;8100.5;36;10255769884;B
20240502;100545;8100;3;10255769894;S
20240502;100545;8100.5;87;10255769968;B
20240502;100546;8102;1;10255770039;B
20240502;100546;8102.5;1;10255770040;B
20240502;100547;8102.5;10;10255770347;B
20240502;100548;8103;1;10255770397;B
20240502;100549;8101;3;10255770517;S
20240502;100549;8103;1;10255770556;B
20240502;100549;8103;198;10255770612;B
20240502;100549;8103;1;10255770613;B
20240502;100549;8103;10;10255770614;B
20240502;100549;8103.5;8;10255770615;B
20240502;100549;8104;1;10255770616;B
20240502;100549;8104;50;10255770617;B
20240502;100549;8104;30;10255770618;B
20240502;100549;8104;5;10255770619;B
20240502;100549;8104.5;2;10255770620;B
20240502;100549;8104.5;252;10255770621;B
20240502;100550;8104;10;10255770763;S
20240502;100550;8104;5;10255770764;S
20240502;100551;8104;9;10255770868;S
20240502;100551;8103.5;2;10255770869;S
20240502;100551;8103;40;10255770870;S
20240502;100551;8103;49;10255770871;S
20240502;100551;8104;10;10255770872;B
20240502;100551;8104.5;2;10255770873;B
20240502;100551;8104.5;14;10255770874;B
20240502;100551;8103;1;10255770960;S
20240502;100551;8102.5;27;10255770961;S
20240502;100551;8103;1;10255770988;B
20240502;100552;8103;9;10255771002;B
20240502;100552;8103;17;10255771003;B
20240502;100552;8103;8;10255771004;B
20240502;100552;8103;38;10255771005;B
20240502;100552;8103;26;10255771006;B
20240502;100553;8103;15;10255771211;B
20240502;100553;8104.5;1;10255771300;B
20240502;100553;8105;69;10255771301;B
20240502;100553;8105;14;10255771304;B
20240502;100553;8105;5;10255771305;B
20240502;100553;8105;43;10255771306;B
20240502;100554;8105;25;10255771461;B
20240502;100554;8105;32;10255771585;B
20240502;100554;8105;2;10255771586;B
20240502;100554;8105;50;10255771587;B
20240502;100554;8105;2;10255771588;B
20240502;100554;8105;2;10255771589;B
20240502;100554;8105;7;10255771590;B
20240502;100554;8105.5;5;10255771591;B
20240502;100555;8105;10;10255771714;S
20240502;100555;8105;50;10255771715;S
20240502;100555;8105;1;10255771716;S
20240502;100555;8104.5;8;10255771717;S
20240502;100555;8104.5;31;10255771718;S
20240502;100555;8105;37;10255771725;B
20240502;100555;8105;27;10255771746;B
20240502;100555;8105.5;7;10255771747;B
20240502;100555;8105.5;8;10255771748;B
20240502;100555;8105.5;10;10255771749;B
20240502;100555;8106;20;10255771750;B
20240502;100555;8106;9;10255771751;B
20240502;100557;8105.5;1;10255772019;B
20240502;100557;8105.5;11;10255772075;B
20240502;100557;8106;1;10255772076;B
20240502;100557;8106;5;10255772077;B
20240502;100557;8106;10;10255772078;B
20240502;100557;8106.5;10;10255772079;B
20240502;100558;8106.5;1;10255772218;B
20240502;100558;8106.5;5;10255772254;B
20240502;100559;8105.5;2;10255772379;B
20240502;100559;8106.5;5;10255772380;B
20240502;100559;8106.5;3;10255772478;B
20240502;100559;8106.5;6;10255772490;B
20240502;100559;8106.5;4;10255772491;B
20240502;100600;8106.5;6;10255772567;B
20240502;100600;8106;4;10255772576;S
20240502;100600;8105;8;10255772577;S
20240502;100600;8104.5;10;10255772578;S
20240502;100600;8104.5;1;10255772579;S
20240502;100600;8104;50;10255772580;S
20240502;100600;8103.5;40;10255772581;S
20240502;100600;8103.5;50;10255772582;S
20240502;100600;8103.5;22;10255772583;S
20240502;100600;8103;1;10255772584;S
20240502;100600;8103;50;10255772585;S
20240502;100600;8103;40;10255772586;S
20240502;100600;8103;1;10255772587;S
20240502;100600;8102.5;50;10255772588;S
20240502;100600;8102.5;40;10255772589;S
20240502;100600;8102.5;27;10255772590;S
20240502;100600;8102.5;1;10255772591;S
20240502;100600;8102;1;10255772592;S
20240502;100600;8102;50;10255772593;S
20240502;100600;8101.5;50;10255772594;S
20240502;100600;8101.5;4;10255772595;S
20240502;100601;8102.5;7;10255772812;B
20240502;100602;8102.5;3;10255772872;B
20240502;100602;8103.5;8;10255772873;B
20240502;100602;8103.5;38;10255772874;B
20240502;100602;8104;27;10255772875;B
20240502;100602;8104;1;10255772876;B
20240502;100602;8104;35;10255772877;B
20240502;100602;8104;10;10255772878;B
20240502;100602;8104.5;67;10255772879;B
20240502;100602;8104;5;10255772886;B
20240502;100603;8104;1;10255773167;S
20240502;100604;8105.5;1;10255773268;B
20240502;100605;8105.5;10;10255773363;B
20240502;100607;8104;1;10255773696;S
20240502;100608;8105;1;10255773811;B
20240502;100608;8105;2;10255773812;B
20240502;100608;8105.5;2;10255773813;B
20240502;100608;8105.5;20;10255773845;B
20240502;100609;8105.5;2;10255774127;B
20240502;100610;8104.5;10;10255774291;S
20240502;100611;8104;5;10255774379;S
20240502;100611;8104;66;10255774385;S
20240502;100611;8104.5;2;10255774484;B
20240502;100611;8104.5;8;10255774485;B
20240502;100611;8105;5;10255774486;B
20240502;100612;8105;1;10255774626;B
20240502;100613;8105;2;10255774721;B
20240502;100613;8104;77;10255774892;S
20240502;100613;8104;3;10255774893;S
20240502;100613;8103.5;10;10255774894;S
20240502;100613;8103;8;10255774895;S
20240502;100613;8101.5;17;10255774896;S
20240502;100613;8101.5;22;10255774897;S
20240502;100613;8101;67;10255774898;S
20240502;100613;8101;5;10255774899;S
20240502;100613;8101;40;10255774900;S
20240502;100615;8101;28;10255775108;B
20240502;100615;8101;43;10255775195;B
20240502;100615;8101;10;10255775196;B
20240502;100615;8101.5;8;10255775197;B
20240502;100615;8102;38;10255775198;B
20240502;100615;8102;1;10255775199;B
20240502;100616;8101.5;38;10255775335;B
20240502;100616;8102;39;10255775336;B
20240502;100616;8102.5;40;10255775337;B
20240502;100616;8102.5;17;10255775338;B
20240502;100616;8102.5;8;10255775339;B
20240502;100616;8103;40;10255775340;B
20240502;100616;8103;18;10255775341;B
20240502;100616;8103.5;17;10255775395;B
20240502;100616;8103.5;38;10255775396;B
20240502;100616;8104;12;10255775397;B
20240502;100616;8104;8;10255775398;B
20240502;100616;8104;5;10255775399;B
20240502;100617;8104;1;10255775606;B
20240502;100618;8103;1;10255775691;S
20240502;100618;8104.5;10;10255775711;B
20240502;100618;8105;1;10255775763;B
20240502;100619;8104;5;10255775887;B
20240502;100619;8104;3;10255775888;B
20240502;100620;8103.5;1;10255776115;B
20240502;100620;8104;5;10255776116;B
20240502;100620;8103;2;10255776169;S
20240502;100620;8102;10;10255776170;S
20240502;100620;8101.5;8;10255776171;S
20240502;100620;8101;22;10255776172;S
20240502;100620;8101;9;10255776173;S
20240502;100620;8100.5;39;10255776174;S
20240502;100620;8102;5;10255776202;B
20240502;100621;8101.5;1;10255776298;B
20240502;100621;8101.5;8;10255776299;B
20240502;100621;8102;19;10255776300;B
20240502;100622;8103;10;10255776415;B
20240502;100622;8103.5;17;10255776416;B
20240502;100622;8103.5;1;10255776417;B
20240502;100622;8103.5;14;10255776418;B
20240502;100623;8103.5;1;10255776533;B
20240502;100623;8103.5;15;10255776542;B
20240502;100625;8102.5;1;10255776860;B
20240502;100625;8103;1;10255776861;B
20240502;100625;8103;1;10255776906;B
20240502;100625;8103;8;10255776923;B
20240502;100625;8103.5;6;10255776924;B
20240502;100626;8102.5;1;10255777062;B
20240502;100626;8101;3;10255777084;S
20240502;100626;8103.5;10;10255777095;B
20240502;100627;8103.5;11;10255777162;B
20240502;100628;8101;5;10255777455;S
20240502;100628;8101.5;27;10255777474;B
20240502;100628;8102;8;10255777475;B
20240502;100628;8103.5;25;10255777476;B
20240502;100628;8103.5;10;10255777477;B
20240502;100630;8101;2;10255777752;S
20240502;100630;8101;4;10255777753;S
20240502;100630;8100.5;174;10255777754;S
20240502;100630;8100.5;10;10255777755;S
20240502;100630;8100.5;1;10255777756;S
20240502;100630;8100.5;10;10255777757;B
20240502;100630;8100.5;10;10255777758;S
20240502;100630;8100.5;10;10255777760;S
20240502;100630;8100.5;10;10255777766;S
20240502;100630;8100.5;10;10255777767;S
20240502;100630;8100.5;10;10255777768;S
20240502;100631;8100.5;1;10255777922;B
20240502;100631;8100.5;10;10255777923;S
20240502;100631;8100.5;10;10255777958;B
20240502;100631;8100.5;10;10255777959;S
20240502;100631;8100.5;8;10255777979;B
20240502;100631;8100.5;2;10255778037;B
20240502;100631;8100.5;10;10255778039;S
20240502;100632;8100.5;1;10255778122;B
20240502;100632;8100.5;3;10255778242;B
20240502;100633;8100.5;1;10255778361;B
20240502;100634;8100.5;113;10255778738;B
20240502;100635;8101;10;10255778918;B
20240502;100635;8101;9;10255778919;B
20240502;100635;8101.5;1;10255778920;B
20240502;100635;8101.5;8;10255778921;B
20240502;100635;8102;12;10255778922;B
20240502;100635;8103;10;10255778923;B
20240502;100635;8103;5;10255778924;B
20240502;100635;8103;1;10255778928;B
20240502;100636;8102.5;1;10255779150;B
20240502;100636;8103;9;10255779151;B
20240502;100638;8103;1;10255779411;B
20240502;100641;8103;10;10255779890;B
20240502;100641;8103;1;10255779907;B
20240502;100641;8103;10;10255779908;B
20240502;100641;8103;10;10255779909;B
