<DATE>;<TIME>;<LAST>;<VOL>;<ID>;<OPER>
20240401;095954;7574;1;9991427248;S
20240401;095954;7574;1;9991427249;S
20240401;095954;7574;23;9991427250;S
20240401;095954;7574;7;9991427251;S
20240401;095954;7574;2;9991427252;S
20240401;095954;7574;13;9991427253;S
20240401;095954;7574;10;9991427254;S
20240401;095954;7574;62;9991427255;S
20240401;095954;7574;54;9991427256;S
20240401;095954;7574;1;9991427257;S
20240401;095954;7574;2;9991427258;S
20240401;095954;7574;16;9991427259;S
20240401;095954;7574;1;9991427260;S
20240401;095954;7574;2;9991427261;S
20240401;095954;7574;50;9991427262;S
20240401;095954;7574;10;9991427263;S
20240401;095954;7574;2;9991427264;S
20240401;095954;7574;1;9991427265;S
20240401;095954;7574;1;9991427266;S
20240401;095954;7574;9;9991427267;S
20240401;095954;7574;1;9991427268;S
20240401;095954;7574;7;9991427269;S
20240401;095954;7574;6;9991427270;S
20240401;095954;7574;3;9991427271;S
20240401;095954;7574;1;9991427272;S
20240401;095954;7574;1;9991427273;B
20240401;095954;7574;9;9991427274;S
20240401;095954;7574;1;9991427275;B
20240401;095954;7574;1;9991427276;B
20240401;095954;7574;35;9991427277;B
20240401;095954;7574;1;9991427278;B
20240401;095954;7574;1;9991427279;B
20240401;095954;7574;1;9991427280;B
20240401;095954;7574;5;9991427281;B
20240401;095954;7574;1;9991427282;B
20240401;095954;7574;1;9991427283;B
20240401;095954;7574;1;9991427284;B
20240401;095954;7574;1;9991427285;B
20240401;095954;7574;1;9991427286;B
20240401;095954;7574;1;9991427287;B
20240401;095954;7574;1;9991427288;B
20240401;095954;7574;1;9991427289;S
20240401;095954;7574;2;9991427290;B
20240401;095954;7574;1;9991427291;B
20240401;095954;7574;5;9991427292;B
20240401;095954;7574;4;9991427293;B
20240401;095954;7574;1;9991427294;B
20240401;095954;7574;1;9991427295;B
20240401;095954;7574;3;9991427296;B
20240401;095954;7574;1;9991427297;B
20240401;095954;7574;2;9991427298;B
20240401;095954;7574;1;9991427299;B
20240401;095954;7574;1;9991427300;B
20240401;095954;7574;1;9991427301;B
20240401;095954;7574;2;9991427302;B
20240401;095954;7574;1;9991427303;B
20240401;095954;7574;1;9991427304;B
20240401;095954;7574;1;9991427305;B
20240401;095954;7574;1;9991427306;B
20240401;095954;7574;1;9991427307;B
20240401;095954;7574;1;9991427308;B
20240401;095954;7574;1;9991427309;B
20240401;095954;7574;1;9991427310;B
20240401;095954;7574;2;9991427311;B
20240401;095954;7574;6;9991427312;B
20240401;095954;7574;14;9991427313;B
20240401;095954;7574;9;9991427314;B
20240401;095954;7574;1;9991427315;B
20240401;095954;7574;2;9991427316;B
20240401;095954;7574;5;9991427317;B
20240401;095954;7574;3;9991427318;B
20240401;095954;7574;2;9991427319;B
20240401;095954;7574;1;9991427320;B
20240401;095954;7574;1;9991427321;B
20240401;095954;7574;1;9991427322;B
20240401;095954;7574;1;9991427323;B
20240401;095954;7574;4;9991427324;B
20240401;095954;7574;1;9991427325;S
20240401;095954;7574;1;9991427326;S
20240401;095954;7574;2;9991427327;S
20240401;095954;7574;13;9991427328;B
20240401;095954;7574;3;9991427329;S
20240401;095954;7574;10;9991427330;B
20240401;095954;7574;29;9991427331;B
20240401;095954;7574;1;9991427332;B
20240401;095954;7574;1;9991427333;S
20240401;095954;7574;1;9991427334;B
20240401;095954;7574;6;9991427335;B
20240401;095954;7574;14;9991427336;B
20240401;095954;7574;10;9991427337;B
20240401;095954;7574;2;9991427338;B
20240401;095954;7574;1;9991427339;B
20240401;095954;7574;44;9991427340;B
20240401;095954;7574;1;9991427341;B
20240401;095954;7574;21;9991427342;B
20240401;095954;7574;4;9991427343;S
20240401;095954;7574;6;9991427344;B
20240401;095954;7574;2;9991427345;B
20240401;095954;7574;2;9991427346;B
20240401;095954;7574;2;9991427347;B
20240401;095954;7574;1;9991427348;B
20240401;095954;7574;3;9991427349;S
20240401;095954;7574;3;9991427350;S
20240401;095954;7574;10;9991427351;B
20240401;095954;7574;27;9991427352;B
20240401;095954;7574;1;9991427353;B
20240401;095954;7574;1;9991427354;S
20240401;095954;7574;2;9991427355;B
20240401;095954;7574;1;9991427356;S
20240401;095954;7574;1;9991427357;B
20240401;095954;7574;7;9991427358;B
20240401;095954;7574;2;9991427359;B
20240401;095954;7574;1;9991427360;S
20240401;095954;7574;44;9991427361;B
20240401;095954;7574;6;9991427362;B
20240401;095954;7574;2;9991427363;B
20240401;095954;7574;2;9991427364;B
20240401;095954;7574;22;9991427365;B
20240401;095954;7574;154;9991427366;B
20240401;095954;7574;40;9991427367;B
20240401;095954;7574;5;9991427368;B
20240401;095954;7574;1;9991427369;B
20240401;095954;7574;4;9991427370;B
20240401;095954;7574;15;9991427371;B
20240401;095954;7574;1;9991427372;B
20240401;095954;7574;1;9991427373;B
20240401;095954;7574;18;9991427374;B
20240401;095954;7574;10;9991427375;B
20240401;095954;7574;35;9991427376;B
20240401;095954;7574;4;9991427377;B
20240401;095954;7574;4;9991427378;S
20240401;095954;7574;2;9991427379;B
20240401;095954;7574;1;9991427380;S
20240401;095954;7574;84;9991427381;B
20240401;095954;7574;5;9991427382;B
20240401;095954;7574;1;9991427383;B
20240401;095954;7574;10;9991427384;B
20240401;095954;7574;20;9991427385;B
20240401;095954;7574;1;9991427386;S
20240401;095954;7574;10;9991427387;B
20240401;095954;7574;10;9991427388;B
20240401;095954;7574;1;9991427389;B
20240401;095954;7574;5;9991427390;B
20240401;095954;7574;3;9991427391;B
20240401;095954;7574;130;9991427392;B
20240401;100000;7574;10;9991429863;B
20240401;100000;7573.5;10;9991429882;B
20240401;100000;7573.5;10;9991429901;B
20240401;100000;7573.5;10;9991429916;B
20240401;100000;7573.5;9;9991429948;B
20240401;100000;7574;1;9991429949;B
20240401;100000;7574;10;9991429964;B
20240401;100000;7574;2;9991430030;B
20240401;100000;7573;1;9991430102;S
20240401;100000;7573.5;29;9991430158;B
20240401;100000;7573.5;26;9991430159;B
20240401;100000;7573.5;3;9991430160;B
20240401;100000;7573.5;2;9991430161;B
20240401;100000;7573;1;9991430166;S
20240401;100000;7574;44;9991430168;B
20240401;100000;7574;15;9991430169;B
20240401;100000;7574.5;2;9991430170;B
20240401;100000;7574.5;1;9991430171;B
20240401;100000;7575;1;9991430172;B
20240401;100000;7575;5;9991430173;B
20240401;100000;7575;3;9991430174;B
20240401;100000;7575;23;9991430175;B
20240401;100000;7573.5;13;9991430200;B
20240401;100000;7575;21;9991430212;B
20240401;100000;7575;3;9991430213;B
20240401;100000;7575;1;9991430214;B
20240401;100000;7573.5;29;9991430227;B
20240401;100000;7575;1;9991430347;B
20240401;100000;7575;1;9991430348;B
20240401;100000;7575.5;6;9991430349;B
20240401;100000;7576;5;9991430350;B
20240401;100000;7577;1;9991430409;B
20240401;100000;7577;9;9991430545;B
20240401;100000;7577;1;9991430546;B
20240401;100000;7577;1;9991430612;B
20240401;100000;7577;1;9991430714;B
20240401;100000;7577;20;9991430733;B
20240401;100000;7577;30;9991430763;B
20240401;100000;7577;18;9991430823;B
20240401;100000;7577;319;9991430879;B
20240401;100000;7577;160;9991430880;B
20240401;100000;7578;4;9991430990;B
20240401;100000;7578;100;9991430991;B
20240401;100000;7579;1;9991431023;B
20240401;100000;7579;2;9991431024;B
20240401;100000;7579;1;9991431025;B
20240401;100000;7579;3;9991431026;B
20240401;100000;7579.5;20;9991431027;B
20240401;100000;7580;1;9991431028;B
20240401;100000;7580;1;9991431029;B
20240401;100000;7580;1;9991431030;B
20240401;100000;7580;1;9991431031;B
20240401;100000;7580;2;9991431032;B
20240401;100000;7580;11;9991431033;B
20240401;100000;7580;1;9991431034;B
20240401;100000;7580;6;9991431035;B
20240401;100000;7580;62;9991431036;B
20240401;100000;7580;1;9991431037;B
20240401;100000;7580;6;9991431038;B
20240401;100000;7580;44;9991431082;B
20240401;100000;7580;1;9991431083;B
20240401;100000;7580;50;9991431084;B
20240401;100000;7580;1;9991431085;B
20240401;100000;7580;10;9991431086;B
20240401;100000;7580;1;9991431087;B
20240401;100000;7580;3;9991431088;B
20240401;100000;7580;5;9991431089;B
20240401;100000;7580;5;9991431090;B
20240401;100000;7580;12;9991431091;B
20240401;100000;7580;20;9991431092;B
20240401;100000;7581;14;9991431152;B
20240401;100000;7581;1;9991431153;B
20240401;100000;7581.5;1;9991431298;B
20240401;100000;7581.5;19;9991431299;B
20240401;100001;7582;6;9991431318;B
20240401;100001;7581;5;9991431332;S
20240401;100001;7581.5;10;9991431469;S
20240401;100001;7581.5;29;9991431470;S
20240401;100001;7581;161;9991431471;S
20240401;100001;7580.5;10;9991431606;S
20240401;100001;7580;40;9991431607;S
20240401;100001;7582.5;29;9991431821;B
20240401;100001;7582.5;10;9991431822;B
20240401;100001;7583;3;9991431823;B
20240401;100001;7583;2;9991431824;B
20240401;100001;7583.5;13;9991431825;B
20240401;100001;7582;1;9991431840;S
20240401;100001;7580.5;10;9991431964;S
20240401;100001;7580;7;9991431965;S
20240401;100001;7580;1;9991432120;B
20240401;100001;7580;2;9991432696;B
20240401;100001;7582;1;9991432880;B
20240401;100001;7579.5;1;9991432944;S
20240401;100001;7582.5;1;9991432975;B
20240401;100001;7582.5;28;9991433159;B
20240401;100001;7582.5;10;9991433160;B
20240401;100001;7583;22;9991433161;B
20240401;100002;7583;1;9991433401;B
20240401;100002;7579.5;8;9991433486;S
20240401;100002;7583;9;9991433487;B
20240401;100002;7583;1;9991433521;B
20240401;100002;7579.5;1;9991433531;S
20240401;100002;7579;1;9991433532;S
20240401;100002;7579;1;9991433533;S
20240401;100002;7579.5;3;9991433622;S
20240401;100002;7579.5;1;9991433731;S
20240401;100002;7579.5;6;9991433763;S
20240401;100002;7579;94;9991433764;S
20240401;100002;7582;8;9991433810;B
20240401;100002;7579;1;9991433813;S
20240401;100002;7579.5;1;9991433946;S
20240401;100002;7579.5;1;9991434004;S
20240401;100002;7579.5;5;9991434088;S
20240401;100002;7580;1;9991434182;B
20240401;100002;7582;1;9991434183;B
20240401;100002;7582.5;1;9991434238;B
20240401;100002;7579.5;2;9991434325;S
20240401;100002;7582.5;10;9991434448;B
20240401;100002;7582.5;5;9991434449;B
20240401;100002;7583;20;9991434502;B
20240401;100002;7583;9;9991434505;B
20240401;100002;7583;10;9991434506;B
20240401;100002;7583.5;7;9991434507;B
20240401;100002;7583.5;40;9991434508;B
20240401;100002;7583.5;15;9991434509;B
20240401;100002;7584;1;9991434510;B
20240401;100002;7584;26;9991434511;B
20240401;100002;7582;1;9991434597;S
20240401;100002;7582;1;9991434619;S
20240401;100002;7582;5;9991434632;S
20240401;100002;7581.5;1;9991434658;S
20240401;100002;7583.5;3;9991434705;B
20240401;100002;7581;10;9991434763;S
20240401;100002;7581;29;9991434764;S
20240401;100002;7581;1;9991434765;S
20240401;100002;7583.5;7;9991434787;B
20240401;100002;7584;3;9991434788;B
20240401;100002;7583.5;5;9991434841;B
20240401;100002;7581.5;4;9991434842;S
20240401;100002;7581.5;6;9991434861;S
20240401;100002;7581;14;9991434862;S
20240401;100002;7583.5;5;9991434998;B
20240401;100002;7584;71;9991434999;B
20240401;100002;7584;36;9991435000;B
20240401;100002;7584;38;9991435001;B
20240401;100002;7584.5;1;9991435002;B
20240401;100002;7584.5;29;9991435003;B
20240401;100002;7584.5;40;9991435004;B
20240401;100002;7584.5;14;9991435005;B
20240401;100002;7584.5;2;9991435261;S
20240401;100002;7584.5;5;9991435288;S
20240401;100002;7584.5;1;9991435352;S
20240401;100002;7584.5;1;9991435356;S
20240401;100003;7584.5;2;9991435381;S
20240401;100003;7584.5;1;9991435473;S
20240401;100003;7584.5;1;9991435520;S
20240401;100003;7584.5;1;9991435555;S
20240401;100003;7584.5;1;9991435558;S
20240401;100003;7584.5;2;9991435589;S
20240401;100003;7584.5;100;9991435614;S
20240401;100003;7585;1;9991435734;B
20240401;100003;7585;5;9991435735;B
20240401;100003;7585;1;9991435736;B
20240401;100003;7585;9;9991435737;B
20240401;100003;7585;1;9991435738;B
20240401;100003;7585;3;9991435739;B
20240401;100003;7585;13;9991435740;B
20240401;100003;7585;10;9991435741;B
20240401;100003;7585.5;20;9991435742;B
20240401;100003;7585.5;14;9991435743;B
20240401;100003;7585.5;40;9991435744;B
20240401;100003;7586;25;9991435745;B
20240401;100003;7586;1;9991435746;B
20240401;100003;7586;2;9991435747;B
20240401;100003;7586;24;9991435748;B
20240401;100003;7584.5;13;9991435821;S
20240401;100003;7586;1;9991435873;B
20240401;100003;7584.5;1;9991435878;S
20240401;100003;7584.5;8;9991435897;S
20240401;100003;7584.5;4;9991435957;S
20240401;100003;7585;2;9991435962;B
20240401;100003;7584.5;1;9991436039;S
20240401;100003;7584.5;7;9991436081;S
20240401;100003;7585;1;9991436093;B
20240401;100003;7584.5;1;9991436097;S
20240401;100003;7584.5;1;9991436140;S
20240401;100003;7585;2;9991436203;B
20240401;100003;7584.5;13;9991436321;S
20240401;100003;7580.5;37;9991436322;S
20240401;100003;7580.5;1;9991436334;S
20240401;100003;7580.5;3;9991436574;S
20240401;100003;7580.5;1;9991436652;S
20240401;100003;7580.5;5;9991436663;S
20240401;100003;7580.5;1;9991436664;S
20240401;100003;7580;2;9991436665;S
20240401;100003;7580;17;9991436666;S
20240401;100003;7582.5;3;9991436714;S
20240401;100003;7581.5;2;9991436715;S
20240401;100003;7581.5;6;9991436748;S
20240401;100003;7581.5;2;9991436781;S
20240401;100004;7584;1;9991436922;B
20240401;100004;7584;30;9991436940;B
20240401;100004;7583.5;1;9991436974;B
20240401;100004;7581.5;10;9991436983;S
20240401;100004;7581.5;5;9991436984;S
20240401;100004;7581;5;9991436986;S
20240401;100004;7581.5;1;9991437079;S
20240401;100004;7583;10;9991437251;B
20240401;100004;7581.5;1;9991437315;S
20240401;100004;7581.5;5;9991437356;S
20240401;100004;7581.5;3;9991437460;S
20240401;100004;7581.5;27;9991437461;S
20240401;100004;7581.5;1;9991437572;S
20240401;100004;7581.5;3;9991437616;S
20240401;100004;7583;1;9991437794;B
20240401;100004;7581.5;10;9991437807;S
20240401;100004;7581.5;5;9991437871;S
20240401;100004;7581.5;1;9991437880;S
20240401;100005;7581.5;1;9991438028;S
20240401;100005;7583;9;9991438075;B
20240401;100005;7583;1;9991438076;B
20240401;100005;7583.5;16;9991438077;B
20240401;100005;7581.5;2;9991438460;S
20240401;100005;7581.5;2;9991438469;S
20240401;100005;7581.5;5;9991438474;S
20240401;100005;7581.5;10;9991438475;S
20240401;100005;7583;1;9991438518;B
20240401;100005;7583;6;9991438545;B
20240401;100005;7583;3;9991438549;B
20240401;100005;7583;7;9991438550;B
20240401;100005;7583;1;9991438552;B
20240401;100005;7583;9;9991438614;B
20240401;100005;7583.5;17;9991438615;B
20240401;100005;7581.5;1;9991438819;S
20240401;100005;7583.5;1;9991438885;B
20240401;100005;7583.5;1;9991438886;B
20240401;100006;7583.5;8;9991439304;B
20240401;100006;7583.5;37;9991439305;B
20240401;100006;7581.5;10;9991439477;S
20240401;100006;7581;20;9991439478;S
20240401;100006;7581.5;10;9991439880;S
20240401;100006;7581.5;9;9991439881;S
20240401;100006;7581.5;4;9991440058;S
20240401;100006;7581.5;10;9991440284;S
20240401;100006;7581;40;9991440285;S
20240401;100006;7581;1;9991440761;S
20240401;100006;7582;2;9991441054;S
20240401;100006;7581.5;3;9991441055;S
20240401;100006;7583.5;10;9991441079;B
20240401;100006;7583.5;10;9991441080;B
20240401;100006;7583.5;1;9991441275;B
20240401;100006;7583.5;1;9991441278;B
20240401;100006;7583.5;13;9991441279;B
20240401;100006;7581.5;6;9991441281;S
20240401;100007;7583.5;10;9991441848;B
20240401;100007;7583.5;40;9991441849;B
20240401;100007;7584;2;9991441850;B
20240401;100007;7581.5;5;9991442317;S
20240401;100007;7581.5;1;9991442427;S
20240401;100007;7583.5;4;9991442903;B
20240401;100007;7583;1;9991443630;B
20240401;100008;7583.5;1;9991444939;B
20240401;100008;7583.5;1;9991445232;B
20240401;100008;7583.5;8;9991445583;B
20240401;100008;7583.5;31;9991445584;B
20240401;100008;7583.5;1;9991445596;B
20240401;100008;7581.5;1;9991445607;S
20240401;100008;7581.5;1;9991445617;S
20240401;100008;7583.5;1;9991445840;B
20240401;100008;7583.5;1;9991445849;B
20240401;100008;7583.5;8;9991445865;B
20240401;100008;7581.5;2;9991445885;S
20240401;100008;7583.5;1;9991445894;B
20240401;100008;7583.5;2;9991445899;B
20240401;100009;7583.5;7;9991446642;B
20240401;100009;7584;85;9991446643;B
20240401;100009;7584;8;9991446644;B
20240401;100009;7584.5;1;9991447452;B
20240401;100009;7584.5;1;9991447466;B
20240401;100009;7584.5;3;9991447472;B
20240401;100009;7584.5;1;9991447480;B
20240401;100009;7584.5;1;9991447488;B
20240401;100009;7582.5;3;9991448084;S
20240401;100009;7582;2;9991448130;S
20240401;100009;7584.5;6;9991448139;B
20240401;100010;7584.5;6;9991448835;B
20240401;100010;7584.5;4;9991449012;B
20240401;100010;7584.5;10;9991449013;B
20240401;100010;7585;12;9991449014;B
20240401;100010;7585;3;9991449015;B
20240401;100010;7585;5;9991449018;B
20240401;100010;7585;20;9991449023;B
20240401;100010;7585;7;9991449024;B
20240401;100010;7585;23;9991449025;B
20240401;100010;7585;1;9991449027;B
20240401;100010;7585;1;9991449183;B
20240401;100010;7585;1;9991449595;B
20240401;100010;7585;1;9991449596;B
20240401;100010;7585.5;2;9991449597;B
20240401;100010;7585.5;2;9991449855;B
20240401;100010;7585.5;3;9991449920;B
20240401;100010;7585.5;1;9991449952;B
20240401;100010;7585.5;4;9991450339;B
20240401;100010;7586;40;9991450340;B
20240401;100010;7586;1;9991450341;B
20240401;100010;7586;1;9991450434;B
20240401;100010;7586;1;9991450441;B
20240401;100010;7586;1;9991450590;B
20240401;100010;7586;1;9991450593;B
20240401;100010;7586.5;1;9991450598;B
20240401;100010;7586.5;1;9991450606;B
20240401;100010;7586.5;5;9991450655;B
20240401;100010;7586.5;9;9991450758;B
20240401;100010;7584.5;1;9991451016;S
20240401;100010;7586.5;25;9991451030;B
20240401;100010;7586.5;10;9991451031;B
20240401;100010;7587;10;9991451032;B
20240401;100010;7587;1;9991451033;B
20240401;100010;7587;30;9991451034;B
20240401;100010;7587;1;9991451035;B
20240401;100010;7587;2;9991451036;B
20240401;100010;7587;100;9991451037;B
20240401;100010;7587;40;9991451038;B
20240401;100010;7587;10;9991451039;B
20240401;100010;7587.5;1;9991451040;B
20240401;100010;7587.5;20;9991451041;B
20240401;100010;7584.5;1;9991451046;S
20240401;100010;7585.5;8;9991451153;S
20240401;100010;7585.5;1;9991451205;S
20240401;100011;7587.5;3;9991451383;B
20240401;100011;7587.5;2;9991451417;B
20240401;100011;7587.5;1;9991451449;B
20240401;100011;7587.5;1;9991451519;B
20240401;100011;7587.5;1;9991451666;B
20240401;100011;7585.5;1;9991451689;S
20240401;100011;7585.5;13;9991451691;S
20240401;100011;7585.5;1;9991451711;S
20240401;100011;7587.5;2;9991451775;B
20240401;100011;7587.5;8;9991451776;B
20240401;100011;7587.5;2;9991451782;B
20240401;100011;7587.5;3;9991451839;B
20240401;100011;7588;2;9991451855;B
20240401;100011;7586;2;9991451903;S
20240401;100011;7586.5;1;9991452497;B
20240401;100011;7586.5;9;9991452803;B
20240401;100011;7587;7;9991452804;B
20240401;100011;7586.5;10;9991453013;B
20240401;100011;7587;2;9991453014;B
20240401;100011;7586;1;9991453040;S
20240401;100011;7587;2;9991453043;B
20240401;100011;7585.5;1;9991453044;S
20240401;100011;7587;1;9991453045;B
20240401;100011;7587;6;9991453047;B
20240401;100011;7585.5;5;9991453048;S
20240401;100011;7585;1;9991453121;S
20240401;100011;7587;2;9991453160;B
20240401;100011;7586.5;1;9991453244;S
20240401;100011;7587;5;9991453324;B
20240401;100011;7586.5;3;9991453374;S
20240401;100011;7587.5;2;9991453381;B
20240401;100011;7587;2;9991453417;B
20240401;100011;7587;1;9991453428;B
20240401;100011;7587;3;9991453459;B
20240401;100011;7587;4;9991453494;B
20240401;100011;7587;1;9991453531;B
20240401;100011;7587;3;9991453544;B
20240401;100011;7587;4;9991453551;B
20240401;100012;7586;1;9991453937;S
20240401;100012;7586;1;9991453995;B
20240401;100012;7586;19;9991453996;B
20240401;100012;7585.5;3;9991454025;S
20240401;100012;7585.5;1;9991455206;B
20240401;100012;7585.5;4;9991455207;B
20240401;100012;7584.5;4;9991455275;S
20240401;100012;7585.5;5;9991455409;B
20240401;100012;7585.5;1;9991455985;B
20240401;100013;7584.5;1;9991456365;S
20240401;100013;7585.5;1;9991456422;B
20240401;100013;7585.5;19;9991456427;B
20240401;100013;7585.5;5;9991456433;B
20240401;100013;7585.5;1;9991456486;B
20240401;100013;7584.5;1;9991456488;S
20240401;100013;7585.5;3;9991456878;B
20240401;100013;7585.5;5;9991456906;B
20240401;100013;7585.5;1;9991456943;B
20240401;100013;7585.5;1;9991456948;B
20240401;100013;7584.5;1;9991456951;S
20240401;100013;7585.5;1;9991457022;B
20240401;100014;7584.5;1;9991457674;S
20240401;100014;7585;1;9991457700;B
20240401;100014;7584.5;2;9991457890;S
20240401;100014;7585;2;9991457966;B
20240401;100015;7585;2;9991458025;B
20240401;100015;7585;10;9991458371;B
20240401;100016;7585;2;9991458406;B
20240401;100016;7585;1;9991458453;B
20240401;100016;7584.5;1;9991458680;S
20240401;100018;7585;1;9991459302;B
20240401;100018;7585;2;9991459315;B
20240401;100019;7585;63;9991459609;B
20240401;100019;7585;10;9991459610;B
20240401;100019;7585;11;9991459611;B
20240401;100019;7585;6;9991459618;B
20240401;100019;7585;1;9991459801;B
20240401;100020;7585;4;9991459981;B
20240401;100020;7584.5;1;9991460161;S
20240401;100020;7585;130;9991460215;B
20240401;100021;7585;48;9991460341;B
20240401;100021;7585.5;13;9991460342;B
20240401;100021;7586.5;10;9991460343;B
20240401;100021;7587;1;9991460344;B
20240401;100021;7587;1;9991460345;B
20240401;100021;7587;8;9991460346;B
20240401;100021;7587;5;9991460347;B
20240401;100021;7588;8;9991460348;B
20240401;100021;7588;5;9991460349;B
20240401;100021;7588;100;9991460350;B
20240401;100021;7588;2;9991460351;B
20240401;100021;7588;15;9991460352;B
20240401;100021;7588;1;9991460353;B
20240401;100021;7588;40;9991460354;B
20240401;100021;7588;1;9991460355;B
20240401;100021;7588;1;9991460356;B
20240401;100021;7588;4;9991460357;B
20240401;100021;7588;1;9991460358;B
20240401;100021;7588;2;9991460359;B
20240401;100021;7588;10;9991460360;B
20240401;100021;7587.5;1;9991460400;B
20240401;100021;7587.5;1;9991460620;B
20240401;100022;7587.5;8;9991460913;B
20240401;100022;7588;12;9991460914;B
20240401;100022;7586;15;9991461211;S
20240401;100023;7587.5;2;9991461526;B
20240401;100024;7587.5;8;9991461848;B
20240401;100024;7587.5;13;9991461849;B
20240401;100024;7588;18;9991461850;B
20240401;100024;7588;2;9991461851;B
20240401;100024;7588;1;9991461852;B
20240401;100024;7588;3;9991461853;B
20240401;100024;7588;1;9991461854;B
20240401;100024;7588;8;9991461855;B
20240401;100024;7588;2;9991461856;B
20240401;100024;7588;1;9991461857;B
20240401;100024;7588;6;9991461858;B
20240401;100024;7588;1;9991461859;B
20240401;100024;7588;5;9991461860;B
20240401;100024;7588;1;9991461861;B
20240401;100024;7588.5;1;9991461862;B
20240401;100024;7589;1;9991461863;B
20240401;100024;7589;1;9991461864;B
20240401;100024;7589;10;9991461865;B
20240401;100024;7589;1;9991461866;B
20240401;100024;7589;3;9991461867;B
20240401;100024;7589;18;9991461868;B
20240401;100024;7589.5;20;9991461869;B
20240401;100024;7589.5;1;9991461870;B
20240401;100024;7589.5;2;9991461871;B
20240401;100024;7589.5;40;9991461872;B
20240401;100024;7589.5;29;9991461873;B
20240401;100024;7590;5;9991461874;B
20240401;100024;7590;2;9991461875;B
20240401;100024;7587;13;9991462184;S
20240401;100024;7587;37;9991462185;S
20240401;100024;7588;15;9991462195;B
20240401;100024;7586.5;1;9991462198;S
20240401;100024;7586.5;1;9991462199;S
20240401;100024;7586.5;5;9991462200;S
20240401;100024;7586;1;9991462202;S
20240401;100024;7586;10;9991462204;S
20240401;100025;7585.5;1;9991462389;S
20240401;100025;7585.5;1;9991462394;S
20240401;100025;7585.5;2;9991462851;S
20240401;100025;7586.5;1;9991462918;B
20240401;100025;7586.5;4;9991462919;B
20240401;100026;7586;2;9991463206;B
20240401;100026;7586;27;9991463213;B
20240401;100026;7586.5;2;9991463214;B
20240401;100026;7586.5;10;9991463215;B
20240401;100026;7587;3;9991463216;B
20240401;100026;7587;5;9991463217;B
20240401;100026;7587.5;3;9991463218;B
20240401;100026;7585.5;1;9991463301;S
20240401;100026;7587.5;7;9991463347;B
20240401;100026;7588;23;9991463348;B
20240401;100027;7587.5;5;9991463471;B
20240401;100027;7587.5;3;9991463475;B
20240401;100027;7587.5;7;9991463497;B
20240401;100027;7587.5;14;9991463510;B
20240401;100027;7587;1;9991463631;B
20240401;100028;7587.5;1;9991464061;B
20240401;100028;7587.5;3;9991464193;B
20240401;100029;7587.5;14;9991464516;B
20240401;100029;7585.5;1;9991464872;S
20240401;100029;7587.5;1;9991464938;B
20240401;100030;7587.5;8;9991465128;B
20240401;100030;7587.5;57;9991465131;B
20240401;100030;7587.5;1;9991465205;S
20240401;100031;7588;50;9991465484;B
20240401;100031;7588;2;9991465580;B
20240401;100031;7588;10;9991465581;B
20240401;100031;7588.5;2;9991465582;B
20240401;100031;7588.5;1;9991465583;B
20240401;100031;7588.5;1;9991465584;B
20240401;100031;7589;1;9991465585;B
20240401;100031;7589;3;9991465586;B
20240401;100031;7589;200;9991465587;B
20240401;100031;7589;1;9991465588;B
20240401;100031;7589;4;9991465589;B
20240401;100031;7589;1;9991465590;B
20240401;100031;7589.5;4;9991465591;B
20240401;100031;7589.5;1;9991465592;B
20240401;100031;7589.5;10;9991465593;B
20240401;100031;7589.5;3;9991465594;B
20240401;100031;7590;2;9991465595;B
20240401;100031;7590;1;9991465596;B
20240401;100031;7590;55;9991465597;B
20240401;100031;7590;2;9991465598;B
20240401;100031;7590;5;9991465599;B
20240401;100031;7590;5;9991465600;B
20240401;100031;7590;2;9991465601;B
20240401;100031;7590;1;9991465602;B
20240401;100031;7590;1;9991465603;B
20240401;100031;7590;11;9991465604;B
20240401;100031;7590;1;9991465605;B
20240401;100031;7590;1;9991465606;B
20240401;100031;7590;5;9991465607;B
20240401;100031;7590;20;9991465608;B
20240401;100031;7590;25;9991465609;B
20240401;100031;7590;18;9991465610;B
20240401;100031;7590;100;9991465611;B
20240401;100031;7590;1;9991465612;B
20240401;100031;7589.5;10;9991465691;B
20240401;100031;7589.5;87;9991465692;B
20240401;100031;7589;10;9991465722;S
20240401;100031;7588.5;35;9991465723;S
20240401;100031;7588;40;9991465724;S
20240401;100031;7587.5;215;9991465725;S
20240401;100031;7589.5;6;9991465829;B
20240401;100031;7588;1;9991465834;S
20240401;100032;7589.5;26;9991465972;B
20240401;100032;7589.5;1;9991465977;B
20240401;100032;7589;1;9991466222;B
20240401;100033;7589;9;9991466793;B
20240401;100034;7589;74;9991467170;B
20240401;100034;7589.5;10;9991467171;B
20240401;100034;7590;16;9991467172;B
20240401;100034;7590;50;9991467173;B
20240401;100034;7589.5;10;9991467261;B
20240401;100034;7590;6;9991467262;B
20240401;100034;7589.5;10;9991467295;B
20240401;100035;7589.5;10;9991467426;B
20240401;100035;7590;4;9991467427;B
20240401;100035;7590;2;9991467428;B
20240401;100035;7590;70;9991467429;B
20240401;100035;7590;16;9991467430;B
20240401;100035;7590;6;9991467431;B
20240401;100035;7590;1;9991467432;B
20240401;100035;7590;1;9991467433;B
20240401;100035;7590;1;9991467434;B
20240401;100035;7590;2;9991467435;B
20240401;100035;7590;2;9991467436;B
20240401;100035;7590;1;9991467437;B
20240401;100035;7590;8;9991467438;B
20240401;100035;7590;1;9991467439;B
20240401;100035;7590;1;9991467440;B
20240401;100035;7590;14;9991467441;B
20240401;100035;7589.5;6;9991467459;B
20240401;100035;7589.5;4;9991467500;B
20240401;100035;7590;86;9991467579;B
20240401;100035;7590;23;9991467580;B
20240401;100035;7590;11;9991467581;B
20240401;100035;7590;7;9991467582;B
20240401;100035;7590;5;9991467583;B
20240401;100035;7590;4;9991467584;B
20240401;100035;7590;1;9991467585;B
20240401;100035;7590;2;9991467586;B
20240401;100035;7590;1;9991467587;B
20240401;100035;7590;2;9991467588;B
20240401;100035;7590;7;9991467589;B
20240401;100035;7590;1;9991467590;B
20240401;100035;7590;5;9991467591;B
20240401;100035;7590;5;9991467592;B
20240401;100035;7590;2;9991467593;B
20240401;100035;7590;5;9991467594;B
20240401;100035;7590;1;9991467595;B
20240401;100035;7590;1;9991467596;B
20240401;100035;7590;5;9991467597;B
20240401;100035;7590.5;1;9991467598;B
20240401;100035;7590.5;5;9991467599;B
20240401;100035;7590.5;1;9991467600;B
20240401;100035;7591;1;9991467601;B
20240401;100035;7591;1;9991467602;B
20240401;100035;7591;10;9991467603;B
20240401;100035;7591.5;20;9991467604;B
20240401;100035;7591.5;13;9991467605;B
20240401;100035;7591.5;160;9991467606;B
20240401;100035;7591.5;10;9991467607;B
20240401;100035;7592;13;9991467608;B
20240401;100035;7592;10;9991467609;B
20240401;100035;7592;1;9991467610;B
20240401;100035;7592;4;9991467611;B
20240401;100035;7592;5;9991467612;B
20240401;100035;7592;1;9991467613;B
20240401;100035;7592;70;9991467614;B
20240401;100035;7590.5;10;9991467616;S
20240401;100035;7591;2;9991467729;S
20240401;100035;7591;4;9991467730;S
20240401;100036;7591.5;10;9991467841;B
20240401;100036;7592;3;9991467842;B
20240401;100036;7592;10;9991467843;B
20240401;100036;7592.5;26;9991467844;B
20240401;100036;7592.5;11;9991467845;B
20240401;100036;7591;2;9991467848;S
20240401;100036;7591;1;9991467862;S
20240401;100036;7590.5;16;9991467863;S
20240401;100036;7590.5;2;9991467864;S
20240401;100036;7590.5;10;9991467865;S
20240401;100036;7590;1;9991467866;S
20240401;100036;7590;11;9991467869;S
20240401;100036;7590;5;9991467873;S
20240401;100036;7590;3;9991467876;S
20240401;100036;7590;10;9991467889;S
20240401;100036;7589.5;6;9991467890;S
20240401;100036;7589;40;9991467891;S
20240401;100036;7589;29;9991467892;S
20240401;100036;7589;2;9991467984;B
20240401;100036;7588.5;6;9991468098;S
20240401;100037;7588.5;4;9991468335;S
20240401;100037;7588;2;9991468336;S
20240401;100037;7587.5;14;9991468337;S
20240401;100037;7589;3;9991468357;B
20240401;100037;7588;1;9991468425;S
20240401;100037;7588;9;9991468428;S
20240401;100037;7588;29;9991468429;S
20240401;100037;7587.5;38;9991468430;S
20240401;100037;7588;3;9991468513;S
20240401;100037;7588.5;2;9991468534;B
20240401;100037;7588.5;38;9991468633;B
20240401;100037;7589;42;9991468634;B
20240401;100037;7590;35;9991468635;B
20240401;100037;7590.5;10;9991468636;B
20240401;100037;7591;1;9991468637;B
20240401;100037;7591;8;9991468638;B
20240401;100037;7591;1;9991468639;B
20240401;100037;7591.5;1;9991468640;B
20240401;100037;7591.5;1;9991468641;B
20240401;100037;7591.5;38;9991468642;B
20240401;100037;7591.5;40;9991468643;B
20240401;100037;7591.5;40;9991468644;B
20240401;100037;7592;10;9991468645;B
20240401;100037;7592;1;9991468646;B
20240401;100037;7592;8;9991468647;B
20240401;100037;7592;1;9991468648;B
20240401;100037;7592;2;9991468649;B
20240401;100037;7592;129;9991468650;B
20240401;100037;7592;1;9991468651;B
20240401;100037;7592;1;9991468652;B
20240401;100037;7592;300;9991468653;B
20240401;100037;7592;18;9991468654;B
20240401;100037;7592;1;9991468655;B
20240401;100037;7592;40;9991468656;B
20240401;100037;7592;2;9991468657;B
20240401;100037;7592.5;15;9991468658;B
20240401;100037;7592.5;5;9991468659;B
20240401;100037;7592.5;3;9991468660;B
20240401;100037;7592.5;2;9991468661;B
20240401;100037;7592.5;10;9991468662;B
20240401;100037;7592.5;1;9991468663;B
20240401;100037;7592.5;1;9991468664;B
20240401;100037;7592.5;10;9991468665;B
20240401;100037;7592.5;40;9991468666;B
20240401;100037;7592.5;3;9991468667;B
20240401;100037;7592.5;3;9991468668;B
20240401;100037;7593;1;9991468669;B
20240401;100037;7593;40;9991468670;B
20240401;100037;7593;29;9991468671;B
20240401;100037;7593.5;20;9991468672;B
20240401;100037;7593.5;1;9991468673;B
20240401;100037;7594;1;9991468674;B
20240401;100037;7594;2;9991468675;B
20240401;100037;7594;1;9991468676;B
20240401;100037;7594;1;9991468677;B
20240401;100037;7594;120;9991468678;B
20240401;100037;7594.5;1;9991468679;B
20240401;100037;7595;3;9991468680;B
20240401;100037;7595;8;9991468681;B
20240401;100037;7595;1;9991468682;B
20240401;100037;7595;10;9991468683;B
20240401;100037;7595;184;9991468684;B
20240401;100037;7595;20;9991468685;B
20240401;100037;7595;10;9991468686;B
20240401;100037;7595;1;9991468687;B
20240401;100037;7595;5;9991468688;B
20240401;100037;7595;1;9991468689;B
20240401;100037;7595;350;9991468690;B
20240401;100037;7595;10;9991468691;B
20240401;100037;7595.5;20;9991468692;B
20240401;100037;7595.5;10;9991468693;B
20240401;100037;7595.5;5;9991468694;B
20240401;100037;7596;1;9991468695;B
20240401;100037;7596;7;9991468696;B
20240401;100037;7596;1275;9991468697;B
20240401;100037;7592;1;9991468724;S
20240401;100037;7594.5;1;9991468731;B
20240401;100038;7592;4;9991468743;S
20240401;100038;7592.5;1;9991468777;S
20240401;100038;7593;10;9991468784;B
20240401;100038;7593.5;20;9991468791;B
20240401;100038;7593;40;9991468792;B
20240401;100038;7594.5;10;9991468793;B
20240401;100038;7595;20;9991468794;B
20240401;100038;7594;2;9991468799;B
20240401;100038;7594;8;9991468800;B
20240401;100038;7594.5;40;9991468801;B
20240401;100038;7594.5;2;9991468802;B
20240401;100038;7594.5;1;9991468807;B
20240401;100038;7593;2;9991468815;S
20240401;100038;7593;1;9991468818;B
20240401;100038;7594.5;3;9991468819;B
20240401;100038;7594.5;1;9991468820;B
20240401;100038;7591;1;9991468821;S
20240401;100038;7594.5;8;9991468824;B
20240401;100038;7594.5;2;9991468825;B
20240401;100038;7595;23;9991468826;B
20240401;100038;7591;5;9991468829;S
20240401;100038;7593.5;1;9991468830;B
20240401;100038;7590;17;9991468831;S
20240401;100038;7594;1;9991468832;B
20240401;100038;7595;29;9991468833;B
20240401;100038;7595.5;10;9991468834;B
20240401;100038;7595.5;20;9991468835;B
20240401;100038;7591;1;9991468845;S
20240401;100038;7591;9;9991468847;S
20240401;100038;7591;11;9991468848;S
20240401;100038;7591.5;8;9991468849;S
20240401;100038;7595;7;9991468850;B
20240401;100038;7595.5;1;9991468851;B
20240401;100038;7592;7;9991468864;S
20240401;100038;7595.5;10;9991468868;B
20240401;100038;7595.5;4;9991468869;B
20240401;100038;7594;1;9991468906;B
20240401;100038;7594;9;9991468915;B
20240401;100038;7594.5;17;9991468916;B
20240401;100038;7592;3;9991468934;S
20240401;100038;7591.5;8;9991468935;S
20240401;100038;7592;7;9991468940;S
20240401;100038;7594;10;9991468942;B
20240401;100038;7594.5;40;9991468943;B
20240401;100038;7595;35;9991468944;B
20240401;100038;7595;29;9991468945;B
20240401;100038;7595;2;9991468946;B
20240401;100038;7595.5;10;9991468947;B
20240401;100038;7595.5;16;9991468948;B
20240401;100038;7596;158;9991468949;B
20240401;100038;7595.5;5;9991468960;B
20240401;100038;7593;5;9991468986;B
20240401;100038;7593;7;9991469025;B
20240401;100038;7593;4;9991469034;B
20240401;100038;7595.5;5;9991469035;B
20240401;100038;7595.5;16;9991469036;B
20240401;100038;7591;1;9991469041;S
20240401;100038;7595.5;10;9991469053;B
20240401;100039;7595.5;10;9991469148;B
20240401;100039;7596;15;9991469149;B
20240401;100039;7595.5;10;9991469184;B
20240401;100039;7596;40;9991469185;B
20240401;100039;7596;25;9991469221;B
20240401;100039;7595;4;9991469268;B
20240401;100039;7595;7;9991469269;B
20240401;100039;7595;14;9991469270;B
20240401;100039;7592;20;9991469271;S
20240401;100039;7595;13;9991469272;B
20240401;100039;7596;37;9991469273;B
20240401;100039;7592.5;1;9991469331;B
20240401;100039;7595;24;9991469332;B
20240401;100039;7595;6;9991469378;B
20240401;100039;7595;1;9991469379;B
20240401;100039;7596;112;9991469380;B
20240401;100039;7596;25;9991469387;B
20240401;100039;7593.5;1;9991469392;S
20240401;100040;7595.5;29;9991469536;B
20240401;100040;7596;10;9991469537;B
20240401;100040;7593;4;9991469636;S
20240401;100040;7593;3;9991469637;S
20240401;100040;7593;4;9991469717;S
20240401;100040;7594;1;9991469735;B
20240401;100040;7596;20;9991469747;B
20240401;100040;7596;3;9991469812;B
20240401;100040;7595;3;9991469851;B
20240401;100040;7595;2;9991469852;B
20240401;100040;7596;95;9991469853;B
20240401;100040;7593;15;9991469858;S
20240401;100040;7592.5;2;9991469887;S
20240401;100040;7595;10;9991469917;B
20240401;100040;7596;55;9991469918;B
20240401;100041;7596;111;9991469937;B
20240401;100041;7595.5;1;9991470024;B
20240401;100041;7593.5;2;9991470217;S
20240401;100041;7593.5;3;9991470218;S
20240401;100041;7595;10;9991470257;B
20240401;100042;7595;16;9991470381;B
20240401;100042;7595;20;9991470382;B
20240401;100042;7595.5;3;9991470383;B
20240401;100042;7596;21;9991470384;B
20240401;100042;7593;1;9991470405;S
20240401;100042;7591.5;10;9991470877;S
20240401;100042;7591;9;9991470878;S
20240401;100042;7590.5;1;9991470892;S
20240401;100043;7590.5;5;9991470996;S
20240401;100043;7590.5;3;9991471039;S
20240401;100043;7593.5;10;9991471048;B
20240401;100043;7594;3;9991471049;B
20240401;100043;7594;1;9991471058;B
20240401;100043;7594;4;9991471150;B
20240401;100043;7594.5;1;9991471251;B
20240401;100044;7593.5;2;9991471338;B
20240401;100044;7591;1;9991471422;S
20240401;100044;7591;10;9991471434;S
20240401;100044;7594.5;10;9991471453;B
20240401;100044;7595;16;9991471454;B
20240401;100045;7594.5;2;9991471659;B
20240401;100045;7593;2;9991471839;S
20240401;100046;7594.5;8;9991472059;B
20240401;100046;7594.5;3;9991472302;B
20240401;100046;7594.5;45;9991472311;B
20240401;100046;7595;34;9991472312;B
20240401;100046;7596;16;9991472313;B
20240401;100047;7596;1;9991472462;B
20240401;100047;7593;10;9991472676;S
20240401;100048;7593;5;9991472754;S
20240401;100048;7595;5;9991473064;B
20240401;100048;7596;15;9991473065;B
20240401;100049;7596;244;9991473179;B
20240401;100049;7595.5;29;9991473326;S
20240401;100049;7595;2;9991473327;S
20240401;100049;7596;65;9991473344;B
20240401;100049;7596;5;9991473350;B
20240401;100049;7596;500;9991473353;B
20240401;100050;7595.5;2;9991473649;S
20240401;100050;7596;1;9991473652;B
20240401;100050;7595.5;27;9991473704;S
20240401;100050;7595;18;9991473705;S
20240401;100050;7595;35;9991473706;S
20240401;100050;7594;40;9991473814;S
20240401;100050;7594;10;9991473815;S
20240401;100050;7595;120;9991473850;B
20240401;100050;7596;130;9991473851;B
20240401;100051;7593.5;5;9991474026;S
20240401;100051;7595.5;23;9991474137;B
20240401;100051;7595.5;29;9991474138;B
20240401;100051;7596;10;9991474139;B
20240401;100052;7595;10;9991474309;S
20240401;100052;7596;2;9991474424;B
20240401;100052;7596;1;9991474481;B
20240401;100052;7596;1;9991474497;B
20240401;100052;7595;2;9991474501;S
20240401;100052;7594.5;3;9991474502;S
20240401;100052;7594.5;1;9991474535;S
20240401;100053;7595;46;9991474662;B
20240401;100053;7595;1;9991474774;B
20240401;100053;7595;2;9991474929;B
20240401;100054;7593.5;5;9991475043;S
20240401;100054;7593.5;5;9991475188;S
20240401;100054;7594.5;1;9991475193;B
20240401;100054;7594.5;10;9991475197;B
20240401;100054;7594.5;1;9991475284;B
20240401;100055;7594.5;1;9991475503;B
20240401;100055;7595;1;9991475504;B
20240401;100055;7593.5;2;9991475529;S
20240401;100055;7595;37;9991475561;B
20240401;100055;7595;1;9991475592;B
20240401;100055;7593.5;5;9991475632;S
20240401;100055;7595;20;9991475674;B
20240401;100056;7593.5;1;9991475758;S
20240401;100056;7593.5;10;9991475814;S
20240401;100056;7595;1;9991475824;B
20240401;100056;7595;2;9991475857;B
20240401;100056;7593.5;1;9991475871;S
20240401;100056;7593.5;4;9991475872;S
20240401;100056;7593.5;6;9991475971;S
20240401;100056;7593.5;29;9991475972;S
20240401;100056;7593;40;9991475973;S
20240401;100056;7593;40;9991475974;S
20240401;100056;7593;5;9991475975;S
20240401;100056;7592.5;19;9991475976;S
20240401;100056;7594.5;1;9991475982;B
20240401;100057;7594;2;9991476403;B
20240401;100058;7594;8;9991476556;B
20240401;100058;7594.5;15;9991476557;B
20240401;100058;7595;558;9991476558;B
20240401;100058;7595;35;9991476559;B
20240401;100058;7595.5;10;9991476560;B
20240401;100058;7595.5;5;9991476561;S
20240401;100058;7595.5;1;9991476563;S
20240401;100058;7596;8;9991476640;B
20240401;100058;7595.5;29;9991476659;S
20240401;100058;7595.5;5;9991476700;S
20240401;100058;7595.5;4;9991476728;S
20240401;100058;7596;500;9991476754;B
20240401;100058;7595.5;6;9991476838;S
20240401;100058;7595.5;10;9991476868;S
20240401;100059;7595.5;5;9991476916;S
20240401;100059;7595.5;5;9991476964;S
20240401;100059;7596;1;9991477002;B
20240401;100059;7596;3;9991477034;B
20240401;100059;7596;15;9991477138;B
20240401;100059;7595.5;1;9991477146;S
20240401;100059;7596;50;9991477158;B
20240401;100059;7595.5;5;9991477163;S
20240401;100059;7596;27;9991477187;B
20240401;100059;7595.5;4;9991477237;S
20240401;100059;7595.5;5;9991477294;S
20240401;100100;7596;39;9991477334;B
20240401;100100;7595.5;1;9991477353;S
20240401;100100;7595.5;5;9991477362;S
20240401;100100;7595.5;1;9991477382;S
20240401;100100;7595.5;5;9991477426;S
20240401;100100;7595.5;70;9991477445;S
20240401;100100;7595.5;1;9991477453;S
20240401;100100;7595.5;5;9991477477;S
20240401;100100;7595.5;5;9991477515;S
20240401;100100;7596;1;9991477584;B
20240401;100101;7595.5;2;9991477638;S
20240401;100101;7595.5;5;9991477660;S
20240401;100101;7595.5;5;9991477680;S
20240401;100101;7596;7;9991477873;B
20240401;100102;7595.5;5;9991478201;S
20240401;100102;7595.5;1;9991478283;S
20240401;100102;7595.5;5;9991478316;S
20240401;100102;7596;10;9991478481;B
20240401;100103;7596;5;9991478642;B
20240401;100103;7596;80;9991478679;B
20240401;100103;7596;5;9991478723;B
20240401;100103;7596;1;9991478874;B
20240401;100103;7596;21;9991478881;B
20240401;100103;7595.5;5;9991478903;S
20240401;100104;7595.5;1;9991479034;S
20240401;100104;7595.5;2;9991479071;S
20240401;100104;7595.5;14;9991479142;S
20240401;100104;7596;10;9991479167;B
20240401;100105;7595.5;5;9991479256;S
20240401;100105;7596;1;9991479259;B
20240401;100105;7595.5;146;9991479333;S
20240401;100105;7595.5;3;9991479334;S
20240401;100105;7595.5;1;9991479335;S
20240401;100105;7595.5;23;9991479336;S
20240401;100105;7595.5;10;9991479337;S
20240401;100105;7595.5;5;9991479338;S
20240401;100105;7595.5;11;9991479339;S
20240401;100105;7595;40;9991479340;S
20240401;100105;7595;5;9991479341;S
20240401;100105;7595;1;9991479342;S
20240401;100105;7594.5;40;9991479343;S
20240401;100105;7594;40;9991479344;S
20240401;100105;7593.5;10;9991479345;S
20240401;100105;7593.5;35;9991479346;S
20240401;100105;7593;1;9991479347;S
20240401;100105;7593;5;9991479348;S
20240401;100105;7591.5;80;9991479349;S
20240401;100105;7591.5;80;9991479350;S
20240401;100105;7591.5;40;9991479351;S
20240401;100105;7591.5;29;9991479352;S
20240401;100105;7591;100;9991479353;S
20240401;100105;7590.5;3;9991479354;S
20240401;100105;7590.5;10;9991479355;S
20240401;100105;7590;85;9991479356;S
20240401;100105;7589.5;24;9991479357;S
20240401;100105;7589;5;9991479358;S
20240401;100105;7589;768;9991479359;S
20240401;100105;7592.5;3;9991479399;B
20240401;100105;7592.5;1;9991479406;B
20240401;100105;7592.5;5;9991479412;B
20240401;100105;7590.5;5;9991479502;S
20240401;100105;7593.5;10;9991479512;B
20240401;100105;7594;9;9991479513;B
20240401;100105;7594;14;9991479514;B
20240401;100105;7594.5;35;9991479515;B
20240401;100105;7595;10;9991479516;B
20240401;100105;7595.5;10;9991479517;B
20240401;100106;7595;10;9991479563;B
20240401;100106;7595.5;30;9991479666;B
20240401;100106;7595.5;20;9991479667;B
20240401;100106;7595.5;1;9991479752;B
20240401;100106;7593;6;9991479830;S
20240401;100106;7593.5;5;9991479853;S
20240401;100106;7593;5;9991479878;S
20240401;100107;7593;2;9991479906;S
20240401;100107;7593;3;9991479907;S
20240401;100107;7592.5;1;9991480060;S
20240401;100107;7592.5;5;9991480190;S
20240401;100107;7592.5;4;9991480191;S
20240401;100107;7592;1;9991480192;S
20240401;100107;7595.5;1;9991480225;B
20240401;100108;7595.5;9;9991480477;B
20240401;100108;7595.5;1;9991480478;B
20240401;100108;7595;4;9991480516;B
20240401;100108;7595.5;25;9991480622;B
20240401;100109;7593;5;9991480664;S
20240401;100109;7593;5;9991480679;S
20240401;100109;7595;1;9991480701;B
20240401;100109;7595;7;9991480714;B
20240401;100109;7593;1;9991480840;S
20240401;100110;7593;2;9991480974;S
20240401;100110;7594.5;1;9991481265;B
20240401;100110;7594.5;3;9991481266;B
20240401;100110;7595;2;9991481267;B
20240401;100110;7595;1;9991481268;B
20240401;100111;7594.5;21;9991481463;B
20240401;100111;7593.5;1;9991481529;S
20240401;100111;7595;7;9991481564;B
20240401;100111;7595;15;9991481622;B
20240401;100111;7595;35;9991481623;B
20240401;100111;7595;15;9991481624;B
20240401;100112;7593;3;9991481695;B
20240401;100112;7594.5;7;9991481696;B
20240401;100112;7594.5;11;9991481749;B
20240401;100112;7594.5;5;9991481774;B
20240401;100112;7593;1;9991481817;S
20240401;100112;7593;1;9991481903;S
20240401;100112;7593;10;9991481971;S
20240401;100112;7592.5;10;9991481972;S
20240401;100113;7592.5;5;9991482180;S
20240401;100113;7594;2;9991482183;B
20240401;100113;7592.5;5;9991482277;S
20240401;100113;7592.5;5;9991482340;S
20240401;100113;7594;8;9991482341;B
20240401;100113;7594.5;4;9991482342;B
20240401;100114;7594;1;9991482445;B
20240401;100114;7592;5;9991482457;S
20240401;100114;7594;9;9991482509;B
20240401;100114;7594.5;17;9991482510;B
20240401;100114;7594.5;4;9991482511;B
20240401;100114;7592;1;9991482512;S
20240401;100114;7594;1;9991482560;B
20240401;100114;7593;5;9991482561;S
20240401;100114;7593;5;9991482562;S
20240401;100114;7592.5;5;9991482572;S
20240401;100114;7594;5;9991482646;B
20240401;100114;7594;10;9991482685;B
20240401;100114;7594.5;6;9991482686;B
20240401;100114;7594.5;20;9991482687;B
20240401;100115;7592;10;9991482696;S
20240401;100115;7592;11;9991482697;S
20240401;100115;7594.5;10;9991482793;B
20240401;100115;7595;29;9991482794;B
20240401;100115;7595;35;9991482795;B
20240401;100115;7595;6;9991482796;B
20240401;100115;7592;3;9991482953;S
20240401;100115;7592;1;9991483090;S
20240401;100115;7594.5;6;9991483093;B
20240401;100116;7592;5;9991483571;S
20240401;100116;7592;5;9991483614;S
20240401;100116;7591.5;5;9991483811;S
20240401;100116;7591;5;9991483858;S
20240401;100117;7592;40;9991484181;B
20240401;100117;7592.5;55;9991484182;B
20240401;100117;7592.5;10;9991484183;B
20240401;100117;7593;22;9991484184;B
20240401;100117;7594;80;9991484185;B
20240401;100117;7594.5;1;9991484186;B
20240401;100117;7594.5;29;9991484187;B
20240401;100117;7594.5;35;9991484188;B
20240401;100117;7594.5;80;9991484189;B
20240401;100117;7594.5;1;9991484190;B
20240401;100117;7595;2;9991484191;B
20240401;100117;7594.5;1;9991484208;B
20240401;100117;7591.5;10;9991484226;S
20240401;100117;7591.5;29;9991484227;S
20240401;100117;7591;35;9991484228;S
20240401;100117;7591;40;9991484229;S
20240401;100117;7591;22;9991484230;S
20240401;100117;7590.5;40;9991484231;S
20240401;100117;7590.5;80;9991484232;S
20240401;100117;7590;1;9991484233;S
20240401;100117;7590;40;9991484234;S
20240401;100117;7589.5;15;9991484235;S
20240401;100117;7589.5;4;9991484236;S
20240401;100117;7589;232;9991484237;S
20240401;100117;7588;5;9991484238;S
20240401;100117;7588;10;9991484239;S
20240401;100117;7588;10;9991484240;S
20240401;100117;7587.5;427;9991484241;S
20240401;100117;7588.5;1;9991484297;S
20240401;100119;7591.5;9;9991484664;B
20240401;100119;7590.5;10;9991484866;S
20240401;100120;7591.5;8;9991485251;B
20240401;100120;7592;2;9991485252;B
20240401;100121;7590.5;10;9991485612;S
20240401;100123;7590.5;10;9991486170;S
20240401;100123;7590;13;9991486171;S
20240401;100123;7590.5;10;9991486278;S
20240401;100123;7591;1;9991486454;B
20240401;100123;7591;1;9991486455;B
20240401;100123;7592;1;9991486456;B
20240401;100124;7592;1;9991486576;B
20240401;100124;7591.5;1;9991486643;B
20240401;100124;7590.5;1;9991486713;S
20240401;100124;7591.5;1;9991486871;B
20240401;100124;7590.5;9;9991486887;S
20240401;100124;7590.5;50;9991486892;B
20240401;100125;7590.5;100;9991487009;B
20240401;100125;7590.5;10;9991487080;B
20240401;100125;7592;1;9991487081;B
20240401;100125;7592.5;1;9991487082;B
20240401;100125;7592.5;21;9991487083;B
20240401;100125;7593;1;9991487084;B
20240401;100125;7593.5;1;9991487085;B
20240401;100125;7593.5;50;9991487086;B
20240401;100125;7593.5;10;9991487087;B
20240401;100125;7594;3;9991487088;B
20240401;100125;7591.5;35;9991487182;S
20240401;100125;7591.5;10;9991487183;S
20240401;100125;7591;21;9991487184;S
20240401;100125;7590.5;40;9991487185;S
20240401;100125;7590;72;9991487186;S
20240401;100125;7590;322;9991487187;S
20240401;100125;7590;150;9991487233;S
20240401;100126;7590;2;9991487289;S
20240401;100126;7590;5;9991487348;S
20240401;100126;7590;65;9991487523;S
20240401;100126;7590;6;9991487525;S
20240401;100127;7591.5;1;9991487633;B
20240401;100127;7590.5;5;9991487849;B
20240401;100127;7589;2;9991487891;S
20240401;100127;7590.5;5;9991487957;B
20240401;100127;7591;1;9991487958;B
20240401;100127;7591.5;14;9991487959;B
20240401;100127;7591.5;1;9991487991;B
20240401;100128;7588.5;1;9991488137;S
20240401;100128;7590.5;1;9991488167;B
20240401;100129;7588.5;1;9991488395;B
20240401;100129;7588.5;40;9991488498;B
20240401;100129;7589;60;9991488499;B
20240401;100129;7589;10;9991488517;B
20240401;100130;7587.5;100;9991488648;S
20240401;100130;7588;5;9991488732;B
20240401;100130;7588;1;9991488794;B
20240401;100130;7588;3;9991488810;B
20240401;100130;7588;1;9991488829;B
20240401;100130;7588;1;9991488834;B
20240401;100131;7588;1;9991489108;S
20240401;100131;7588.5;4;9991489176;B
20240401;100131;7588.5;19;9991489275;B
20240401;100132;7588;9;9991489403;S
20240401;100132;7588;21;9991489404;S
20240401;100132;7587.5;65;9991489405;S
20240401;100132;7588.5;1;9991489558;B
20240401;100133;7589.5;1;9991489726;B
20240401;100133;7589.5;10;9991489727;B
20240401;100133;7590;21;9991489728;B
20240401;100133;7590.5;1;9991489729;B
20240401;100133;7590.5;40;9991489730;B
20240401;100133;7591;40;9991489731;B
20240401;100133;7591;35;9991489732;B
20240401;100133;7591;29;9991489733;B
20240401;100133;7591;5;9991489836;S
20240401;100134;7591.5;5;9991489939;B
20240401;100135;7591.5;10;9991490611;B
20240401;100135;7592;50;9991490612;B
20240401;100135;7592;20;9991490613;B
20240401;100135;7592.5;5;9991490614;B
20240401;100135;7592.5;10;9991490615;B
20240401;100135;7592.5;40;9991490616;B
20240401;100135;7593;16;9991490617;B
20240401;100135;7591;10;9991490754;S
20240401;100136;7591;1;9991491143;S
20240401;100136;7591.5;4;9991491232;B
20240401;100137;7591;7;9991491557;S
20240401;100137;7591.5;1;9991491734;B
20240401;100137;7591.5;5;9991491780;B
20240401;100137;7591.5;1;9991491781;B
20240401;100138;7591;2;9991491821;S
20240401;100138;7591;5;9991491854;S
20240401;100138;7591;3;9991491993;S
20240401;100138;7591;1;9991492030;S
20240401;100139;7591;4;9991492237;S
20240401;100139;7589;20;9991492238;S
20240401;100139;7588.5;45;9991492239;S
20240401;100139;7588.5;3;9991492243;S
20240401;100139;7588;2;9991492244;S
20240401;100139;7590;10;9991492373;B
20240401;100139;7590.5;5;9991492374;B
20240401;100139;7587.5;1;9991492391;S
20240401;100140;7589.5;20;9991492557;B
20240401;100140;7589;2;9991492566;B
20240401;100140;7589;2;9991492592;B
20240401;100140;7588;10;9991492657;S
20240401;100140;7588;1;9991492664;S
20240401;100140;7589;36;9991492748;B
20240401;100140;7589.5;14;9991492749;B
20240401;100142;7589.5;2;9991493317;B
20240401;100142;7589.5;6;9991493349;B
20240401;100142;7589.5;1;9991493431;B
20240401;100143;7588;1;9991493521;S
20240401;100143;7589.5;1;9991493586;B
20240401;100143;7589.5;2;9991493587;B
20240401;100143;7588;1;9991493669;S
20240401;100143;7590;2;9991493705;B
20240401;100144;7590;8;9991493786;B
20240401;100144;7590;22;9991493787;B
20240401;100144;7590;4;9991493795;B
20240401;100144;7588;8;9991493820;S
20240401;100144;7588;12;9991493821;S
20240401;100144;7590;1;9991493999;B
20240401;100145;7589;1;9991494202;B
20240401;100145;7590;1;9991494203;B
20240401;100145;7590.5;1;9991494331;B
20240401;100146;7588.5;1;9991494497;S
20240401;100146;7589.5;1;9991494890;B
20240401;100146;7589.5;4;9991494948;B
20240401;100147;7588.5;10;9991495013;S
20240401;100147;7589;7;9991495147;B
20240401;100148;7589;22;9991495488;B
20240401;100148;7589.5;2;9991495503;B
20240401;100148;7589.5;10;9991495534;S
20240401;100148;7589;25;9991495535;S
20240401;100148;7589.5;10;9991495607;S
20240401;100148;7590;13;9991495695;B
20240401;100148;7589.5;1;9991495696;S
20240401;100148;7590;1;9991495710;B
20240401;100149;7590;1;9991495967;B
20240401;100150;7590;20;9991496207;B
20240401;100150;7589.5;7;9991496395;S
20240401;100151;7589;1;9991496437;S
20240401;100151;7589;6;9991496442;S
20240401;100151;7589;5;9991496558;S
20240401;100151;7589.5;5;9991496609;B
20240401;100152;7589.5;2;9991496688;B
20240401;100152;7589;1;9991496870;S
20240401;100152;7589;132;9991497000;S
20240401;100153;7589;4;9991497195;S
20240401;100153;7589.5;7;9991497239;B
20240401;100154;7589.5;2;9991497416;B
20240401;100154;7589.5;2;9991497451;B
20240401;100154;7589.5;2;9991497505;B
20240401;100155;7589;1;9991497849;S
20240401;100155;7589;5;9991497854;S
20240401;100155;7589;10;9991497936;S
20240401;100156;7589.5;4;9991498096;B
20240401;100156;7589.5;1;9991498198;B
20240401;100156;7590;1;9991498199;B
20240401;100156;7589.5;10;9991498221;S
20240401;100157;7589.5;5;9991498256;S
20240401;100157;7589.5;1;9991498397;S
20240401;100157;7590;10;9991498413;B
20240401;100157;7589.5;1;9991498433;S
20240401;100158;7590;13;9991498673;B
20240401;100158;7589;1;9991498849;S
20240401;100159;7590;20;9991499069;B
20240401;100159;7590;1;9991499083;B
20240401;100159;7589.5;10;9991499172;S
20240401;100200;7590;15;9991499535;B
20240401;100200;7590;5;9991499536;B
20240401;100201;7590;5;9991499617;B
20240401;100201;7590;1;9991499618;B
20240401;100201;7590;14;9991499619;B
20240401;100201;7590;2;9991499817;B
20240401;100202;7589.5;30;9991500114;S
20240401;100202;7589.5;10;9991500115;S
20240401;100202;7589;10;9991500116;S
20240401;100203;7590;1;9991500613;B
20240401;100203;7589.5;3;9991500633;S
20240401;100203;7590;2;9991500910;B
20240401;100204;7590;5;9991501126;B
20240401;100204;7590;30;9991501180;B
20240401;100205;7590;1;9991501303;B
20240401;100205;7590;1;9991501325;B
20240401;100205;7589.5;37;9991501348;S
20240401;100205;7589.5;10;9991501349;S
20240401;100205;7589.5;11;9991501350;S
20240401;100205;7590;50;9991501473;B
20240401;100206;7590;50;9991501646;B
20240401;100206;7590;1;9991501671;B
20240401;100206;7589.5;7;9991501731;S
20240401;100207;7590;21;9991501896;B
20240401;100208;7590;5;9991502062;B
20240401;100208;7590;14;9991502184;B
20240401;100209;7589.5;3;9991502317;S
20240401;100209;7589.5;1;9991502382;S
20240401;100209;7590;14;9991502430;B
20240401;100209;7590;1;9991502472;B
20240401;100210;7589.5;5;9991502859;S
20240401;100211;7590;30;9991503016;B
20240401;100211;7590;1;9991503187;B
20240401;100212;7589.5;5;9991503431;S
20240401;100213;7590;57;9991503914;B
20240401;100213;7590;23;9991503915;B
20240401;100213;7590;81;9991503916;B
20240401;100213;7590;10;9991503917;B
20240401;100213;7590;10;9991503918;B
20240401;100213;7590;90;9991503919;B
20240401;100213;7590;5;9991503920;B
20240401;100213;7590;11;9991503921;B
20240401;100213;7590.5;4;9991504077;B
20240401;100214;7590.5;2;9991504137;S
20240401;100214;7590.5;1;9991504499;S
20240401;100215;7591;10;9991504691;B
20240401;100215;7590.5;18;9991504880;S
20240401;100215;7590.5;35;9991504881;S
20240401;100215;7590.5;40;9991504882;S
20240401;100215;7590.5;29;9991504883;S
20240401;100215;7590.5;10;9991504884;S
20240401;100215;7590;108;9991504885;S
20240401;100215;7590;40;9991504886;S
20240401;100215;7590;5;9991504887;S
20240401;100215;7589.5;8;9991504888;S
20240401;100215;7589.5;5;9991504889;S
20240401;100215;7589.5;2;9991504890;S
20240401;100215;7589.5;1;9991504891;S
20240401;100215;7589;699;9991504892;S
20240401;100215;7590.5;3;9991504909;B
20240401;100216;7590.5;7;9991505011;B
20240401;100216;7590.5;2;9991505012;B
20240401;100217;7590;1;9991505256;S
20240401;100217;7590;40;9991505480;S
20240401;100218;7590;1;9991505638;S
20240401;100218;7590.5;1;9991505665;B
20240401;100219;7590;3;9991506026;S
20240401;100219;7590;10;9991506027;S
20240401;100219;7590;1;9991506091;S
20240401;100220;7590.5;19;9991506456;B
20240401;100221;7590.5;32;9991506519;B
20240401;100221;7590.5;18;9991506520;B
20240401;100221;7590;18;9991506554;S
20240401;100221;7589.5;32;9991506555;S
20240401;100221;7590;1;9991506567;S
20240401;100221;7590.5;6;9991506573;B
20240401;100221;7590;6;9991506731;S
20240401;100222;7590.5;2;9991506777;B
20240401;100222;7590;1;9991506843;S
20240401;100222;7590.5;1;9991506885;B
20240401;100222;7590.5;2;9991506961;B
20240401;100223;7590;1;9991507215;S
20240401;100223;7590.5;3;9991507297;B
20240401;100223;7590.5;6;9991507341;B
20240401;100223;7590.5;4;9991507342;B
20240401;100224;7590.5;1;9991507366;B
20240401;100224;7590.5;21;9991507367;B
20240401;100224;7591;8;9991507368;B
20240401;100224;7590;2;9991507385;S
20240401;100226;7590;29;9991508027;S
20240401;100226;7590;1;9991508028;S
20240401;100226;7589.5;14;9991508029;S
20240401;100226;7589.5;21;9991508030;S
20240401;100226;7589.5;29;9991508031;S
20240401;100226;7589;78;9991508032;S
20240401;100226;7589;100;9991508033;S
20240401;100226;7589;1;9991508034;S
20240401;100226;7589;5;9991508035;S
20240401;100226;7589;10;9991508036;S
20240401;100226;7589;10;9991508037;S
20240401;100226;7589;30;9991508058;B
20240401;100226;7588.5;1;9991508068;S
20240401;100226;7588.5;3;9991508177;S
20240401;100226;7588.5;16;9991508179;S
20240401;100226;7588.5;36;9991508180;S
20240401;100226;7588.5;3;9991508181;S
20240401;100227;7589;1;9991508313;B
20240401;100227;7589;6;9991508354;B
20240401;100227;7589;3;9991508382;B
20240401;100228;7589;20;9991508530;B
20240401;100228;7588.5;5;9991508592;S
20240401;100229;7589;6;9991508781;B
20240401;100229;7589;2;9991509089;B
20240401;100230;7588.5;1;9991509230;S
20240401;100230;7589;3;9991509348;B
20240401;100230;7589;3;9991509378;B
20240401;100231;7588.5;1;9991509443;S
20240401;100231;7589;94;9991509595;B
20240401;100231;7589;2;9991509596;B
20240401;100231;7589.5;4;9991509597;B
20240401;100231;7590;1;9991509655;B
20240401;100232;7590.5;3;9991509851;B
20240401;100233;7590;1;9991510191;S
20240401;100233;7590.5;1;9991510215;B
20240401;100233;7590;3;9991510313;S
20240401;100233;7590;1;9991510314;S
20240401;100234;7589.5;10;9991510665;B
20240401;100234;7589.5;5;9991510666;B
20240401;100235;7589;5;9991510912;S
20240401;100235;7589.5;1;9991510934;B
20240401;100235;7589.5;4;9991510945;B
20240401;100235;7589.5;2;9991511005;B
20240401;100235;7589.5;11;9991511043;B
20240401;100236;7589.5;15;9991511111;B
20240401;100236;7589;7;9991511195;B
20240401;100236;7588.5;3;9991511285;S
20240401;100236;7589;10;9991511300;B
20240401;100237;7589;6;9991511460;B
20240401;100237;7589;13;9991511591;B
20240401;100238;7589;1;9991511880;B
20240401;100240;7588.5;2;9991512496;S
20240401;100240;7589;8;9991512548;B
20240401;100240;7589;20;9991512549;B
20240401;100240;7589.5;3;9991512550;B
20240401;100240;7589.5;9;9991512551;B
20240401;100240;7590;237;9991512552;B
20240401;100240;7590;16;9991512553;B
20240401;100240;7590.5;2;9991512554;B
20240401;100240;7590.5;6;9991512555;B
20240401;100240;7590.5;1;9991512556;B
20240401;100240;7590.5;1;9991512557;B
20240401;100240;7590.5;1;9991512558;B
20240401;100240;7590.5;10;9991512559;B
20240401;100240;7591;86;9991512560;B
20240401;100240;7590;40;9991512779;S
20240401;100240;7590;35;9991512780;S
20240401;100240;7590;10;9991512781;S
20240401;100240;7589;20;9991512782;S
20240401;100240;7589;24;9991512783;S
20240401;100240;7588.5;1;9991512784;S
20240401;100240;7588.5;32;9991512785;S
20240401;100241;7589;2;9991512954;S
20240401;100241;7589;38;9991513080;S
20240401;100241;7589;20;9991513081;S
20240401;100241;7588.5;18;9991513082;S
20240401;100241;7588.5;1;9991513083;S
20240401;100241;7588.5;5;9991513084;S
20240401;100241;7588.5;29;9991513085;S
20240401;100241;7588.5;10;9991513086;S
20240401;100241;7588;1;9991513087;S
20240401;100241;7588;1;9991513088;S
20240401;100241;7588;138;9991513089;S
20240401;100241;7588;3;9991513090;S
20240401;100241;7588;10;9991513091;S
20240401;100241;7588;2;9991513092;S
20240401;100241;7588;1;9991513093;S
20240401;100241;7588;2;9991513094;S
20240401;100241;7588;30;9991513095;S
20240401;100241;7588;10;9991513096;S
20240401;100241;7588;13;9991513097;S
20240401;100241;7588;35;9991513098;S
20240401;100241;7587.5;82;9991513099;S
20240401;100241;7587.5;20;9991513100;S
20240401;100241;7587.5;10;9991513101;S
20240401;100241;7587;21;9991513102;S
20240401;100242;7588.5;1;9991513487;B
20240401;100242;7588.5;1;9991513644;B
20240401;100242;7588.5;1;9991513645;B
20240401;100244;7588;1;9991513977;B
20240401;100244;7588;9;9991513978;B
20240401;100244;7588;4;9991513979;B
20240401;100244;7586.5;1;9991513989;S
20240401;100244;7586.5;4;9991514040;S
20240401;100244;7586.5;20;9991514041;S
20240401;100244;7586;2;9991514042;S
20240401;100244;7586;40;9991514043;S
20240401;100244;7586;4;9991514044;S
20240401;100244;7586;8;9991514054;S
20240401;100244;7588;3;9991514080;B
20240401;100244;7586.5;3;9991514177;S
20240401;100244;7586;2;9991514178;S
20240401;100245;7586;2;9991514269;S
20240401;100245;7588;1;9991514296;B
20240401;100246;7586;1;9991514518;S
20240401;100246;7586;1;9991514796;S
20240401;100247;7588;1;9991514817;B
20240401;100247;7588;5;9991514895;B
20240401;100247;7588;2;9991514991;B
20240401;100249;7588;10;9991515500;B
20240401;100249;7588;15;9991515501;B
20240401;100249;7588;10;9991515513;B
20240401;100249;7588;2;9991515627;B
20240401;100249;7588;1;9991515630;B
20240401;100249;7588;8;9991515688;B
20240401;100249;7586.5;3;9991515693;S
20240401;100250;7588;4;9991515923;B
20240401;100250;7586.5;7;9991515930;S
20240401;100250;7586;25;9991515931;S
20240401;100250;7586;20;9991515932;S
20240401;100250;7585.5;20;9991515933;S
20240401;100250;7585.5;5;9991515934;S
20240401;100250;7585.5;10;9991515935;S
20240401;100250;7585.5;10;9991515936;S
20240401;100250;7585;2;9991515937;S
20240401;100250;7585;1;9991515938;S
20240401;100250;7585.5;10;9991515952;S
20240401;100250;7585;20;9991515953;S
20240401;100250;7585.5;10;9991516077;S
20240401;100250;7585;130;9991516078;S
20240401;100250;7585;25;9991516079;S
20240401;100250;7585;66;9991516080;S
20240401;100250;7585;15;9991516081;S
20240401;100250;7585;2;9991516082;S
20240401;100250;7585;10;9991516083;S
20240401;100250;7585;10;9991516084;S
20240401;100250;7585;40;9991516085;S
20240401;100250;7584.5;18;9991516086;S
20240401;100250;7584.5;1;9991516087;S
20240401;100250;7584.5;142;9991516088;S
20240401;100250;7584.5;31;9991516089;S
20240401;100250;7584;2;9991516132;S
20240401;100250;7586;1;9991516218;B
20240401;100252;7586;9;9991516559;B
20240401;100252;7586;1;9991516560;B
20240401;100252;7584;2;9991516694;S
20240401;100253;7584;2;9991516948;S
20240401;100253;7584;1;9991517036;S
20240401;100253;7586;1;9991517083;B
20240401;100254;7585;5;9991517237;B
20240401;100255;7585;5;9991517480;B
20240401;100255;7585;16;9991517481;B
20240401;100255;7584;3;9991517704;S
20240401;100256;7586;1;9991517774;B
20240401;100256;7586.5;7;9991517775;B
20240401;100256;7584;7;9991517823;S
20240401;100256;7584;31;9991517824;S
20240401;100256;7586.5;1;9991517825;B
20240401;100257;7586.5;2;9991518121;B
20240401;100257;7586.5;1;9991518122;B
20240401;100257;7584.5;2;9991518246;S
20240401;100258;7584.5;4;9991518655;S
20240401;100259;7584.5;4;9991518794;S
20240401;100259;7584.5;17;9991518795;S
20240401;100259;7586.5;3;9991518909;B
20240401;100259;7584.5;2;9991518923;S
20240401;100259;7584.5;98;9991519003;S
20240401;100259;7584.5;10;9991519004;S
20240401;100259;7584.5;29;9991519005;S
20240401;100259;7584;26;9991519006;S
20240401;100259;7583.5;3;9991519007;S
20240401;100259;7583.5;19;9991519008;S
20240401;100259;7583;10;9991519009;S
20240401;100259;7583;40;9991519010;S
20240401;100259;7583;3;9991519011;S
20240401;100259;7582.5;1;9991519012;S
20240401;100259;7582.5;35;9991519013;S
20240401;100259;7582.5;40;9991519014;S
20240401;100259;7582;5;9991519015;S
20240401;100259;7582;40;9991519016;S
20240401;100259;7581.5;80;9991519017;S
20240401;100259;7581.5;40;9991519018;S
20240401;100259;7581;31;9991519019;S
20240401;100259;7581.5;10;9991519025;S
20240401;100259;7581.5;11;9991519026;S
20240401;100259;7582;10;9991519068;B
20240401;100259;7582.5;35;9991519069;B
20240401;100259;7583.5;15;9991519070;B
20240401;100300;7581.5;7;9991519391;S
20240401;100301;7581.5;3;9991519550;S
20240401;100301;7581;2;9991519551;S
20240401;100301;7581.5;2;9991519644;S
20240401;100302;7582;1;9991519783;B
20240401;100302;7582;1;9991519817;B
20240401;100302;7582.5;1;9991519886;B
20240401;100302;7583;1;9991520031;B
20240401;100302;7581.5;8;9991520038;S
20240401;100302;7581.5;2;9991520039;S
20240401;100303;7583;1;9991520163;B
20240401;100303;7583;1;9991520259;B
20240401;100303;7582.5;2;9991520280;S
20240401;100303;7583;5;9991520296;B
20240401;100303;7583;2;9991520297;B
20240401;100304;7583;3;9991520390;B
20240401;100304;7582.5;29;9991520502;S
20240401;100304;7582.5;18;9991520503;S
20240401;100304;7582;5;9991520504;S
20240401;100304;7581.5;10;9991520505;S
20240401;100304;7581.5;10;9991520506;S
20240401;100304;7581;12;9991520507;S
20240401;100304;7581;1;9991520508;S
20240401;100304;7581;4;9991520509;S
20240401;100304;7581;6;9991520510;S
20240401;100304;7580.5;10;9991520511;S
20240401;100304;7580.5;10;9991520547;S
20240401;100305;7581.5;1;9991520682;S
20240401;100305;7580.5;13;9991520683;S
20240401;100305;7583.5;3;9991520703;B
20240401;100305;7580.5;10;9991520753;S
20240401;100305;7580.5;10;9991520754;S
20240401;100305;7580;4;9991520755;S
20240401;100305;7580;5;9991520756;S
20240401;100305;7582.5;1;9991520902;S
20240401;100306;7582.5;5;9991520978;S
20240401;100306;7583.5;7;9991520999;B
20240401;100306;7583.5;28;9991521000;B
20240401;100306;7582.5;3;9991521011;S
20240401;100307;7583;10;9991521373;B
20240401;100307;7583;1;9991521374;B
20240401;100307;7583.5;18;9991521375;B
20240401;100307;7583.5;29;9991521376;B
20240401;100307;7584;12;9991521377;B
20240401;100307;7583;1;9991521536;S
20240401;100308;7582.5;2;9991521693;S
20240401;100308;7582.5;3;9991521694;S
20240401;100308;7581;1;9991521806;S
20240401;100309;7583.5;2;9991521976;B
20240401;100309;7583.5;3;9991521980;B
20240401;100309;7583.5;5;9991522038;B
20240401;100309;7584;6;9991522039;B
20240401;100310;7583;5;9991522067;S
20240401;100310;7582;18;9991522068;S
20240401;100310;7582;10;9991522069;S
20240401;100310;7581.5;40;9991522070;S
20240401;100310;7581;51;9991522071;S
20240401;100310;7580.5;1;9991522072;S
20240401;100310;7580.5;6;9991522259;S
20240401;100310;7580.5;1;9991522271;S
20240401;100311;7581.5;1;9991522348;B
20240401;100311;7581.5;1;9991522421;B
20240401;100311;7582.5;4;9991522422;B
20240401;100311;7582.5;1;9991522524;B
20240401;100311;7582.5;5;9991522583;B
20240401;100311;7582.5;6;9991522584;B
20240401;100313;7583;1;9991523088;B
20240401;100313;7583;4;9991523089;B
20240401;100313;7580.5;1;9991523215;S
20240401;100313;7582;10;9991523227;B
20240401;100313;7583;1;9991523228;B
20240401;100313;7583;2;9991523229;B
20240401;100314;7582;1;9991523566;B
20240401;100315;7580.5;1;9991523684;S
20240401;100315;7580.5;1;9991523685;S
20240401;100315;7581.5;40;9991523762;B
20240401;100315;7582;160;9991523763;B
20240401;100315;7582;200;9991523839;B
20240401;100316;7582;10;9991523871;B
20240401;100316;7581.5;17;9991524048;S
20240401;100316;7581.5;10;9991524049;S
20240401;100316;7581.5;1;9991524050;S
20240401;100316;7581;35;9991524051;S
20240401;100316;7581;37;9991524056;B
20240401;100316;7582;6;9991524057;B
20240401;100316;7582;8;9991524064;B
20240401;100317;7582;97;9991524218;B
20240401;100317;7583;17;9991524219;B
20240401;100317;7583;47;9991524220;B
20240401;100317;7583;29;9991524221;B
20240401;100317;7583.5;10;9991524222;B
20240401;100317;7583;5;9991524228;S
20240401;100317;7582.5;1;9991524233;S
20240401;100317;7582.5;1;9991524407;S
20240401;100318;7584;200;9991524540;B
20240401;100318;7585;4;9991524575;B
20240401;100318;7585;16;9991524576;B
20240401;100318;7586;1;9991524586;B
20240401;100318;7586;1;9991524661;B
20240401;100318;7583;4;9991524767;S
20240401;100319;7586;8;9991524834;B
20240401;100319;7586.5;2;9991524835;B
20240401;100319;7586.5;29;9991524860;B
20240401;100319;7586.5;10;9991524861;B
20240401;100319;7586.5;161;9991524862;B
20240401;100319;7587;2;9991524972;B
20240401;100319;7587;11;9991524973;B
20240401;100321;7587.5;1;9991525479;B
20240401;100321;7587.5;2;9991525561;B
20240401;100321;7587.5;2;9991525690;B
20240401;100322;7587.5;5;9991525749;B
20240401;100322;7587.5;33;9991525750;B
20240401;100322;7588;1;9991525796;B
20240401;100323;7587.5;2;9991526175;B
20240401;100324;7584.5;1;9991526397;S
20240401;100324;7584.5;9;9991526471;S
20240401;100324;7584.5;40;9991526472;S
20240401;100324;7584;17;9991526473;S
20240401;100324;7583.5;43;9991526474;S
20240401;100324;7583;29;9991526475;S
20240401;100324;7582.5;35;9991526476;S
20240401;100324;7582;40;9991526477;S
20240401;100324;7581.5;40;9991526478;S
20240401;100324;7581.5;30;9991526479;S
20240401;100324;7581;40;9991526480;S
20240401;100324;7580.5;1;9991526481;S
20240401;100324;7580.5;10;9991526482;S
20240401;100324;7580.5;130;9991526483;S
20240401;100324;7580.5;3;9991526484;S
20240401;100324;7580;33;9991526485;S
20240401;100325;7583.5;5;9991526565;B
20240401;100325;7581.5;10;9991526752;S
20240401;100325;7581;11;9991526753;S
20240401;100326;7583.5;1;9991526879;B
20240401;100326;7583.5;1;9991526880;B
20240401;100326;7584;40;9991526932;B
20240401;100326;7584;10;9991526933;B
20240401;100326;7584.5;40;9991526934;B
20240401;100326;7584.5;17;9991526935;B
20240401;100326;7584.5;1;9991526936;B
20240401;100326;7584.5;35;9991526937;B
20240401;100326;7585;40;9991526938;B
20240401;100326;7585.5;17;9991526939;B
20240401;100326;7585.5;4;9991527164;B
20240401;100326;7585.5;4;9991527199;B
20240401;100327;7583;10;9991527366;S
20240401;100327;7582.5;17;9991527367;S
20240401;100327;7582;40;9991527368;S
20240401;100327;7581.5;17;9991527369;S
20240401;100327;7581.5;22;9991527370;S
20240401;100327;7581;11;9991527371;S
20240401;100327;7585.5;21;9991527384;B
20240401;100327;7585.5;10;9991527385;B
20240401;100327;7586;40;9991527386;B
20240401;100327;7586;17;9991527387;B
20240401;100327;7586;92;9991527388;B
20240401;100327;7586.5;20;9991527389;B
20240401;100327;7586.5;10;9991527510;B
20240401;100327;7586.5;11;9991527511;B
20240401;100327;7587;35;9991527512;B
20240401;100327;7587;40;9991527513;B
20240401;100327;7587;4;9991527514;B
20240401;100329;7584.5;3;9991527912;S
20240401;100329;7584.5;7;9991528133;S
20240401;100329;7584.5;21;9991528134;S
20240401;100330;7587.5;10;9991528558;B
20240401;100330;7587.5;16;9991528559;B
20240401;100330;7588;6;9991528560;B
20240401;100330;7588;10;9991528561;B
20240401;100330;7588;5;9991528562;B
20240401;100330;7588;40;9991528563;B
20240401;100330;7588;30;9991528564;B
20240401;100330;7588;29;9991528565;B
20240401;100330;7588;15;9991528566;B
20240401;100330;7588.5;35;9991528567;B
20240401;100330;7588.5;4;9991528568;B
20240401;100331;7584.5;2;9991528659;S
20240401;100331;7585.5;10;9991528753;S
20240401;100331;7585;40;9991528754;S
20240401;100331;7585;10;9991528755;S
20240401;100331;7585.5;10;9991529004;S
20240401;100331;7585.5;29;9991529005;S
20240401;100332;7585;2;9991529123;S
20240401;100332;7585.5;2;9991529163;B
20240401;100332;7585;3;9991529171;S
20240401;100332;7585;5;9991529196;S
20240401;100332;7585;3;9991529197;S
20240401;100332;7585.5;10;9991529284;S
20240401;100332;7585;4;9991529285;S
20240401;100332;7585.5;1;9991529323;S
20240401;100333;7587.5;1;9991529509;B
20240401;100333;7587.5;9;9991529650;B
20240401;100333;7587.5;11;9991529651;B
20240401;100335;7587.5;1;9991530006;B
20240401;100335;7585.5;1;9991530123;S
20240401;100336;7587.5;1;9991530479;B
20240401;100337;7588;15;9991530776;B
20240401;100338;7586.5;10;9991531002;S
20240401;100338;7586;16;9991531003;S
20240401;100338;7585.5;40;9991531004;S
20240401;100338;7585;2;9991531005;S
20240401;100338;7585;27;9991531006;S
20240401;100338;7585;32;9991531007;S
20240401;100338;7585.5;5;9991531064;S
20240401;100339;7587.5;1;9991531105;B
20240401;100339;7587.5;2;9991531311;B
20240401;100339;7587.5;1;9991531325;B
20240401;100340;7587.5;6;9991531457;B
20240401;100340;7587.5;1;9991531458;B
20240401;100340;7587.5;15;9991531608;B
20240401;100340;7587.5;29;9991531609;B
20240401;100340;7587.5;10;9991531610;B
20240401;100341;7587.5;29;9991531701;S
20240401;100341;7587.5;17;9991531753;S
20240401;100341;7587;10;9991531754;S
20240401;100341;7586.5;16;9991531755;S
20240401;100341;7586;40;9991531756;S
20240401;100341;7585.5;17;9991531757;S
20240401;100341;7588;45;9991531874;B
20240401;100341;7588;10;9991531875;B
20240401;100341;7588;1;9991532053;S
20240401;100342;7589;2;9991532085;B
20240401;100342;7589;10;9991532086;B
20240401;100342;7589.5;1;9991532087;B
20240401;100342;7589.5;3;9991532088;B
20240401;100342;7589.5;10;9991532152;B
20240401;100342;7590;5;9991532153;B
20240401;100342;7589.5;10;9991532238;B
20240401;100342;7588;2;9991532257;S
20240401;100342;7590;10;9991532355;B
20240401;100343;7590;1;9991532432;B
20240401;100343;7588.5;2;9991532452;S
20240401;100343;7590;12;9991532518;B
20240401;100343;7590;13;9991532519;B
20240401;100343;7590;50;9991532520;B
20240401;100343;7590;100;9991532521;B
20240401;100343;7590;1;9991532522;B
20240401;100343;7590;3;9991532523;B
20240401;100343;7590;21;9991532524;B
20240401;100344;7588.5;8;9991532713;S
20240401;100344;7588.5;30;9991532714;S
20240401;100344;7590;169;9991532730;B
20240401;100344;7590;31;9991532731;B
20240401;100344;7590;3;9991532758;B
20240401;100344;7589.5;1;9991532910;S
20240401;100344;7589.5;3;9991532981;S
20240401;100345;7589;1;9991533118;S
20240401;100345;7590;6;9991533121;B
20240401;100345;7590;1;9991533122;B
20240401;100345;7590.5;1;9991533123;B
20240401;100345;7590.5;5;9991533124;B
20240401;100345;7589;9;9991533172;S
20240401;100345;7589;2;9991533186;B
20240401;100345;7588.5;2;9991533211;S
20240401;100346;7588.5;10;9991533393;S
20240401;100346;7588;6;9991533394;S
20240401;100346;7588.5;5;9991533399;S
20240401;100346;7588.5;1;9991533438;S
20240401;100346;7590;1;9991533442;B
20240401;100346;7588.5;4;9991533443;S
20240401;100346;7588.5;5;9991533511;S
20240401;100346;7588.5;5;9991533532;S
20240401;100346;7588;5;9991533574;S
20240401;100346;7590;10;9991533595;B
20240401;100346;7590.5;2;9991533596;B
20240401;100346;7588.5;5;9991533598;S
20240401;100347;7588.5;5;9991533719;S
20240401;100347;7588;4;9991533720;S
20240401;100347;7590;1;9991533723;B
20240401;100347;7590.5;2;9991533736;B
20240401;100347;7590.5;2;9991533737;B
20240401;100347;7590.5;4;9991533738;B
20240401;100347;7588.5;4;9991533833;S
20240401;100348;7590.5;10;9991534234;B
20240401;100348;7591;10;9991534235;B
20240401;100350;7590.5;13;9991534696;B
20240401;100351;7591;6;9991534852;B
20240401;100352;7590.5;1;9991535234;B
20240401;100353;7591;2;9991535401;B
20240401;100353;7590.5;10;9991535511;B
20240401;100353;7590.5;14;9991535512;B
20240401;100353;7589;3;9991535567;S
20240401;100354;7589;7;9991535738;S
20240401;100354;7589;40;9991535739;S
20240401;100354;7589;29;9991535740;S
20240401;100354;7588.5;13;9991535741;S
20240401;100354;7588;22;9991535742;S
20240401;100354;7588;1;9991535743;S
20240401;100354;7588;36;9991535744;S
20240401;100354;7588;8;9991535745;S
20240401;100354;7587.5;1;9991535746;S
20240401;100354;7587;40;9991535747;S
20240401;100354;7587;35;9991535748;S
20240401;100354;7586.5;40;9991535749;S
20240401;100354;7586;40;9991535750;S
20240401;100354;7585.5;10;9991535751;S
20240401;100354;7585.5;30;9991535752;S
20240401;100354;7585.5;46;9991535753;S
20240401;100354;7585;5;9991535754;S
20240401;100354;7585;97;9991535755;S
20240401;100355;7586;2;9991536050;S
20240401;100355;7588;35;9991536058;B
20240401;100355;7588;10;9991536059;B
20240401;100355;7589;15;9991536060;B
20240401;100355;7589;40;9991536061;B
20240401;100355;7588.5;33;9991536076;B
20240401;100355;7588.5;10;9991536077;B
20240401;100355;7589;35;9991536078;B
20240401;100355;7589;15;9991536079;B
20240401;100355;7589.5;40;9991536080;B
20240401;100355;7590;40;9991536081;B
20240401;100355;7590;27;9991536082;B
20240401;100355;7589.5;10;9991536132;B
20240401;100355;7590;6;9991536161;B
20240401;100355;7590;10;9991536162;B
20240401;100355;7590.5;15;9991536163;B
20240401;100355;7590.5;80;9991536164;B
20240401;100355;7590.5;53;9991536165;B
20240401;100355;7591;36;9991536166;B
20240401;100356;7591;60;9991536423;B
20240401;100356;7591;1;9991536424;B
20240401;100356;7591;1;9991536425;B
20240401;100356;7591;2;9991536426;B
20240401;100356;7591;10;9991536427;B
20240401;100356;7591;10;9991536428;B
20240401;100356;7591.5;1;9991536429;B
20240401;100356;7591.5;15;9991536430;B
20240401;100356;7592;50;9991536431;B
20240401;100356;7592;3;9991536432;B
20240401;100356;7592;1;9991536433;B
20240401;100356;7592;40;9991536434;B
20240401;100356;7592;6;9991536435;B
20240401;100356;7592;5;9991536534;B
20240401;100356;7592;5;9991536554;B
20240401;100356;7592;10;9991536555;B
20240401;100356;7592.5;4;9991536556;B
20240401;100356;7592.5;55;9991536557;B
20240401;100356;7592.5;14;9991536558;B
20240401;100356;7593;29;9991536559;B
20240401;100356;7593;2;9991536560;B
20240401;100356;7593;1;9991536561;B
20240401;100356;7593;80;9991536562;B
20240401;100357;7591.5;2;9991536623;S
20240401;100357;7593.5;10;9991536751;B
20240401;100357;7593.5;10;9991536752;B
20240401;100357;7594;1;9991536753;B
20240401;100357;7594;1;9991536754;B
20240401;100357;7594;15;9991536755;B
20240401;100357;7594;14;9991536756;B
20240401;100357;7594.5;100;9991536757;B
20240401;100357;7594.5;10;9991536758;B
20240401;100357;7594.5;1;9991536759;B
20240401;100357;7594.5;10;9991536760;B
20240401;100357;7594.5;28;9991536761;B
20240401;100357;7594.5;4;9991536784;B
20240401;100358;7593.5;1;9991536986;B
20240401;100358;7593.5;1;9991536987;B
20240401;100400;7592;1;9991537532;S
20240401;100400;7590.5;10;9991537552;S
20240401;100400;7590;5;9991537553;S
20240401;100400;7590;14;9991537554;S
20240401;100400;7589.5;33;9991537555;S
20240401;100400;7590.5;6;9991537638;B
20240401;100400;7590.5;1;9991537694;B
20240401;100400;7590.5;3;9991537761;B
20240401;100400;7590.5;10;9991537762;B
20240401;100401;7591;4;9991538058;B
20240401;100401;7592;6;9991538059;B
20240401;100401;7592.5;40;9991538121;B
20240401;100401;7592.5;29;9991538122;B
20240401;100401;7592.5;10;9991538123;B
20240401;100401;7593;21;9991538124;B
20240401;100402;7593.5;10;9991538237;B
20240401;100402;7593.5;16;9991538238;B
20240401;100403;7593;2;9991538568;B
20240401;100403;7590.5;3;9991538579;S
20240401;100405;7591;1;9991539123;B
20240401;100405;7593;9;9991539124;B
20240401;100405;7593;10;9991539219;B
20240401;100406;7591.5;1;9991539353;S
20240401;100406;7593;1;9991539383;B
20240401;100406;7591.5;1;9991539482;S
20240401;100406;7593;3;9991539605;B
20240401;100407;7593;10;9991539662;B
20240401;100408;7592;1;9991539946;B
20240401;100408;7593;31;9991539947;B
20240401;100408;7593;1;9991539948;B
20240401;100408;7593.5;1;9991540154;S
20240401;100408;7594;10;9991540175;B
20240401;100408;7594.5;1;9991540176;B
20240401;100408;7595;192;9991540177;B
20240401;100408;7595;5;9991540178;B
20240401;100408;7595;1;9991540179;B
20240401;100408;7595;50;9991540180;B
20240401;100408;7595;50;9991540181;B
20240401;100408;7595;1;9991540182;B
20240401;100408;7595;1;9991540183;B
20240401;100408;7595;5;9991540184;B
20240401;100408;7595;10;9991540185;B
20240401;100408;7595;174;9991540186;B
20240401;100409;7594;1;9991540408;S
20240401;100409;7594;1;9991540496;S
20240401;100410;7594.5;2;9991540834;B
20240401;100410;7594.5;3;9991541050;B
20240401;100410;7594.5;5;9991541196;B
20240401;100410;7594.5;2;9991541197;B
20240401;100411;7594;1;9991541325;S
20240401;100411;7594;1;9991541499;S
20240401;100411;7594.5;1;9991541694;B
20240401;100412;7594;1;9991541776;S
20240401;100412;7594.5;14;9991541948;B
20240401;100413;7594;1;9991542054;S
20240401;100413;7594;2;9991542215;S
20240401;100413;7594;1;9991542231;S
20240401;100413;7594;10;9991542395;S
20240401;100413;7593.5;49;9991542396;S
20240401;100413;7593.5;13;9991542397;S
20240401;100414;7593;20;9991542633;B
20240401;100415;7590.5;11;9991542813;S
20240401;100415;7590.5;1;9991542884;S
20240401;100415;7590.5;28;9991543018;S
20240401;100415;7590.5;29;9991543019;S
20240401;100415;7590.5;10;9991543020;S
20240401;100415;7590;100;9991543021;S
20240401;100415;7590;9;9991543022;S
20240401;100415;7591;1;9991543033;B
20240401;100415;7592;1;9991543034;B
20240401;100415;7592;4;9991543035;B
20240401;100416;7590.5;1;9991543296;S
20240401;100416;7591;1;9991543407;B
20240401;100416;7592;4;9991543408;B
20240401;100417;7590.5;1;9991543465;S
20240401;100417;7592;10;9991543535;B
20240401;100417;7592.5;10;9991543536;B
20240401;100417;7590.5;1;9991543596;S
20240401;100417;7590.5;7;9991543700;S
20240401;100417;7590.5;13;9991543701;S
20240401;100417;7590;1;9991543702;S
20240401;100417;7590;47;9991543703;S
20240401;100417;7592;1;9991543769;B
20240401;100417;7592.5;1;9991543786;B
20240401;100418;7592.5;1;9991543854;B
20240401;100418;7592.5;8;9991543867;B
20240401;100418;7592.5;21;9991543868;B
20240401;100418;7593;66;9991543869;B
20240401;100418;7591;1;9991544033;B
20240401;100418;7592.5;3;9991544128;B
20240401;100419;7593;2;9991544165;B
20240401;100419;7592.5;5;9991544386;B
20240401;100419;7590.5;1;9991544432;S
20240401;100420;7591.5;1;9991544575;B
20240401;100420;7592;9;9991544576;B
20240401;100420;7592;4;9991544578;B
20240401;100420;7593;16;9991544579;B
20240401;100420;7593;70;9991544704;B
20240401;100420;7591.5;1;9991544716;S
20240401;100420;7591.5;34;9991544847;S
20240401;100420;7591.5;10;9991544848;S
20240401;100420;7590.5;12;9991544849;S
20240401;100420;7590.5;40;9991544850;S
20240401;100420;7590.5;4;9991544851;S
20240401;100422;7593;20;9991545231;B
20240401;100422;7591;10;9991545243;S
20240401;100422;7591.5;10;9991545345;S
20240401;100422;7591;40;9991545346;S
20240401;100422;7591;35;9991545347;S
20240401;100422;7590.5;1;9991545348;S
20240401;100422;7590.5;13;9991545349;S
20240401;100423;7590.5;1;9991545584;B
20240401;100423;7592.5;2;9991545585;B
20240401;100424;7593;2;9991545861;B
20240401;100425;7593;5;9991546192;B
20240401;100425;7593;2;9991546238;B
20240401;100425;7593;45;9991546284;B
20240401;100425;7593;10;9991546285;B
20240401;100425;7593.5;13;9991546286;B
20240401;100425;7594;1;9991546295;B
20240401;100425;7594;8;9991546296;B
20240401;100425;7594;1;9991546297;B
20240401;100426;7594.5;2;9991546443;B
20240401;100427;7594.5;2;9991546815;B
20240401;100427;7594.5;8;9991546816;B
20240401;100427;7595;74;9991546817;B
20240401;100427;7595;10;9991546818;B
20240401;100427;7595;27;9991546819;B
20240401;100427;7595;2;9991546820;B
20240401;100427;7595;5;9991546846;S
20240401;100427;7595;5;9991546888;S
20240401;100429;7595.5;1;9991547654;B
20240401;100429;7595.5;1;9991547655;B
20240401;100429;7595.5;3;9991547731;B
20240401;100429;7595.5;5;9991547732;B
20240401;100430;7595.5;358;9991547966;B
20240401;100430;7595.5;2;9991547967;B
20240401;100430;7595.5;300;9991547968;B
20240401;100430;7595.5;340;9991547969;B
20240401;100430;7595.5;160;9991548031;B
20240401;100430;7595.5;13;9991548032;B
20240401;100430;7595.5;29;9991548033;B
20240401;100430;7596;223;9991548034;B
20240401;100430;7596;14;9991548035;B
20240401;100430;7596;1;9991548036;B
20240401;100430;7596;1;9991548037;B
20240401;100430;7596;1;9991548038;B
20240401;100430;7596;3;9991548039;B
20240401;100430;7596;10;9991548040;B
20240401;100430;7596;10;9991548041;B
20240401;100430;7596;12;9991548042;B
20240401;100430;7596;5;9991548043;B
20240401;100430;7596;1;9991548044;B
20240401;100430;7596;1;9991548045;B
20240401;100430;7596;6;9991548046;B
20240401;100430;7596;1;9991548047;B
20240401;100430;7596;5;9991548048;B
20240401;100430;7596;100;9991548049;B
20240401;100430;7596;1;9991548050;B
20240401;100430;7596;1;9991548051;B
20240401;100430;7596;10;9991548052;B
20240401;100430;7596.5;5;9991548053;B
20240401;100430;7596.5;1;9991548054;B
20240401;100430;7596.5;50;9991548055;B
20240401;100430;7596.5;3;9991548056;B
20240401;100430;7596.5;1;9991548057;B
20240401;100430;7597;1;9991548058;B
20240401;100430;7597;1;9991548059;B
20240401;100430;7597;9;9991548060;B
20240401;100430;7597;321;9991548061;B
20240401;100430;7597;500;9991548077;B
20240401;100430;7597;60;9991548080;B
20240401;100430;7597;4;9991548124;B
20240401;100430;7596.5;25;9991548183;S
20240401;100430;7597;10;9991548190;B
20240401;100430;7596.5;10;9991548214;S
20240401;100430;7597;4;9991548264;B
20240401;100430;7597;1;9991548273;B
20240401;100430;7596.5;20;9991548285;S
20240401;100430;7597;500;9991548310;B
20240401;100431;7597;2;9991548516;B
20240401;100431;7597;1;9991548584;B
20240401;100431;7596.5;15;9991548628;S
20240401;100431;7597;50;9991548690;B
20240401;100431;7597;100;9991548727;B
20240401;100431;7597;1;9991548852;B
20240401;100431;7597;6;9991548871;B
20240401;100431;7597;100;9991548937;B
20240401;100431;7597;1;9991548988;B
20240401;100431;7597;94;9991549021;B
20240401;100431;7596.5;1;9991549022;S
20240401;100432;7597;8;9991549053;B
20240401;100432;7597;8;9991549094;B
20240401;100432;7596.5;1;9991549097;S
20240401;100432;7596.5;3;9991549098;S
20240401;100432;7597;115;9991549165;B
20240401;100432;7597;8;9991549173;B
20240401;100432;7597;1;9991549211;B
20240401;100432;7596.5;3;9991549212;S
20240401;100433;7597;8;9991549544;B
20240401;100433;7597;10;9991549601;B
20240401;100434;7597;1000;9991549955;B
20240401;100434;7597;5;9991549981;B
20240401;100434;7596.5;1;9991550007;S
20240401;100434;7596.5;4;9991550008;S
20240401;100434;7596.5;1;9991550103;S
20240401;100435;7597;20;9991550209;B
20240401;100436;7596.5;1;9991550444;S
20240401;100436;7596.5;1;9991550710;S
20240401;100437;7596.5;1;9991550830;S
20240401;100437;7596.5;2;9991550847;S
20240401;100437;7597;1;9991550899;B
20240401;100437;7597;2;9991550966;B
20240401;100438;7597;10;9991551030;B
20240401;100438;7597;23;9991551098;B
20240401;100438;7597;2;9991551111;B
20240401;100438;7597;5;9991551260;B
20240401;100438;7596.5;6;9991551285;S
20240401;100438;7597;6;9991551364;B
20240401;100439;7597;200;9991551418;B
20240401;100439;7596.5;2;9991551471;S
20240401;100439;7597;114;9991551583;B
20240401;100440;7597;1;9991551684;B
20240401;100440;7596.5;3;9991551717;S
20240401;100440;7596.5;1;9991551944;S
20240401;100440;7597;2;9991551967;B
20240401;100440;7597;2;9991551990;B
20240401;100441;7596.5;1;9991552191;S
20240401;100441;7597;2;9991552272;B
20240401;100442;7597;3;9991552321;B
20240401;100442;7597;20;9991552501;B
20240401;100443;7596.5;1;9991552831;S
20240401;100444;7597;1;9991552988;B
20240401;100444;7597;8;9991553002;B
20240401;100444;7596.5;1;9991553121;S
20240401;100444;7596.5;1;9991553122;S
20240401;100444;7596.5;1;9991553123;S
20240401;100444;7596.5;52;9991553124;S
20240401;100444;7596.5;10;9991553125;S
20240401;100444;7596.5;28;9991553126;S
20240401;100444;7596.5;40;9991553127;S
20240401;100444;7596;1;9991553128;S
20240401;100444;7596;25;9991553129;S
20240401;100444;7596;10;9991553130;S
20240401;100444;7596;55;9991553131;S
20240401;100444;7595.5;4;9991553132;S
20240401;100444;7595.5;1;9991553133;S
20240401;100444;7595.5;35;9991553134;S
20240401;100444;7595.5;29;9991553135;S
20240401;100444;7595;3;9991553136;S
20240401;100444;7596.5;1;9991553356;B
20240401;100445;7595.5;10;9991553381;S
20240401;100445;7596;20;9991553447;B
20240401;100445;7596;1;9991553513;B
20240401;100445;7595.5;1;9991553611;S
20240401;100445;7596;50;9991553652;B
20240401;100446;7595.5;10;9991553711;S
20240401;100446;7596;5;9991553758;B
20240401;100446;7596;10;9991553780;B
20240401;100446;7596;50;9991553787;B
20240401;100446;7596.5;49;9991553788;B
20240401;100446;7596.5;50;9991553789;B
20240401;100446;7596.5;28;9991553790;B
20240401;100446;7596.5;1;9991553791;B
20240401;100446;7596.5;4;9991553792;B
20240401;100446;7597;1660;9991553793;B
20240401;100446;7597;30;9991553794;B
20240401;100446;7597;10;9991553795;B
20240401;100446;7597;1;9991553796;B
20240401;100446;7597;1;9991553797;B
20240401;100446;7597;3;9991553798;B
20240401;100446;7597;1;9991553799;B
20240401;100446;7597;5;9991553800;B
20240401;100446;7597;2;9991553801;B
20240401;100446;7597;35;9991553802;B
20240401;100446;7597;5;9991553803;B
20240401;100446;7597;10;9991553804;B
20240401;100446;7597.5;20;9991553805;B
20240401;100446;7597.5;20;9991553806;B
20240401;100446;7597.5;10;9991553807;B
20240401;100446;7597.5;10;9991553808;B
20240401;100446;7597.5;1;9991553809;B
20240401;100446;7597.5;1;9991553810;B
20240401;100446;7597.5;1;9991553811;B
20240401;100446;7597.5;1;9991553812;B
20240401;100446;7597.5;40;9991553813;B
20240401;100446;7598;3;9991553814;B
20240401;100446;7598;1;9991553815;B
20240401;100446;7598;300;9991553816;B
20240401;100446;7598;5;9991553817;B
20240401;100446;7598;60;9991553818;B
20240401;100446;7598;1;9991553819;B
20240401;100446;7598;52;9991553820;B
20240401;100446;7598;1;9991553821;B
20240401;100446;7598;6;9991553822;B
20240401;100446;7598.5;5;9991553823;B
20240401;100446;7598.5;5;9991553824;B
20240401;100446;7598.5;5;9991553825;B
20240401;100446;7599;1;9991553826;B
20240401;100446;7599;19;9991553827;B
20240401;100446;7599;1;9991553828;B
20240401;100446;7599;29;9991553829;B
20240401;100446;7599;5;9991553830;B
20240401;100446;7599;2;9991553831;B
20240401;100446;7599;3;9991553832;B
20240401;100446;7599;1;9991553833;B
20240401;100446;7599;50;9991553834;B
20240401;100446;7599;5;9991553835;B
20240401;100446;7599;1;9991553836;B
20240401;100446;7599;20;9991553837;B
20240401;100446;7599;1;9991553838;B
20240401;100446;7599;3;9991553839;B
20240401;100446;7599;30;9991553840;B
20240401;100446;7599;20;9991553841;B
20240401;100446;7599;1;9991553842;B
20240401;100446;7599;1;9991553843;B
20240401;100446;7599;20;9991553844;B
20240401;100446;7599;1;9991553845;B
20240401;100446;7599;20;9991553846;B
20240401;100446;7599;5;9991553847;B
20240401;100446;7599;20;9991553848;B
20240401;100446;7599.5;10;9991553849;B
20240401;100446;7599.5;20;9991553850;B
20240401;100446;7599.5;2;9991553851;B
20240401;100446;7599.5;100;9991553852;B
20240401;100446;7599.5;1;9991553853;B
20240401;100446;7599.5;60;9991553854;B
20240401;100446;7599.5;89;9991553855;B
20240401;100446;7599.5;2;9991553856;B
20240401;100446;7599.5;1;9991553857;B
20240401;100446;7599.5;3;9991553858;B
20240401;100446;7599.5;10;9991553859;B
20240401;100446;7599.5;40;9991553860;B
20240401;100446;7599.5;29;9991553861;B
20240401;100446;7600;1;9991553862;B
20240401;100446;7600;8;9991553863;B
20240401;100446;7600;4;9991553864;B
20240401;100446;7600;1;9991553865;B
20240401;100446;7600;1;9991553866;B
20240401;100446;7600;1;9991553867;B
20240401;100446;7600;30;9991553868;B
20240401;100446;7600;10;9991553869;B
20240401;100446;7600;5;9991553870;B
20240401;100446;7600;1;9991553871;B
20240401;100446;7600;1;9991553872;B
20240401;100446;7600;4;9991553873;B
20240401;100446;7600;1;9991553874;B
20240401;100446;7600;1;9991553875;B
20240401;100446;7600;1;9991553876;B
20240401;100446;7600;1;9991553877;B
20240401;100446;7600;4;9991553878;B
20240401;100446;7600;5;9991553879;B
20240401;100446;7600;1;9991553880;B
20240401;100446;7600;36;9991553881;B
20240401;100446;7600;25;9991553882;B
20240401;100446;7600;25;9991553883;B
20240401;100446;7600;1;9991553884;B
20240401;100446;7600;1;9991553885;B
20240401;100446;7600;2;9991553886;B
20240401;100446;7600;1;9991553887;B
20240401;100446;7600;5;9991553888;B
20240401;100446;7600;4;9991553889;B
20240401;100446;7600;1;9991553890;B
20240401;100446;7600;5;9991553891;B
20240401;100446;7600;1;9991553892;B
20240401;100446;7600;2;9991553893;B
20240401;100446;7600;1;9991553894;B
20240401;100446;7600;2;9991553895;B
20240401;100446;7600;10;9991553896;B
20240401;100446;7600;1;9991553897;B
20240401;100446;7600;3;9991553898;B
20240401;100446;7600;2;9991553899;B
20240401;100446;7600;2;9991553900;B
20240401;100446;7600;2;9991553901;B
20240401;100446;7600;13;9991553902;B
20240401;100446;7600;10;9991553903;B
20240401;100446;7600;1;9991553904;B
20240401;100446;7600;2;9991553905;B
20240401;100446;7600;3;9991553906;B
20240401;100446;7600;50;9991553907;B
20240401;100446;7600;1;9991553908;B
20240401;100446;7600;20;9991553909;B
20240401;100446;7600;4;9991553910;B
20240401;100446;7600;1;9991553911;B
20240401;100446;7600;1;9991553912;B
20240401;100446;7600;1;9991553913;B
20240401;100446;7600;1;9991553914;B
20240401;100446;7600;1;9991553915;B
20240401;100446;7600;1;9991553916;B
20240401;100446;7600;1;9991553917;B
20240401;100446;7600;1;9991553918;B
20240401;100446;7600;1;9991553919;B
20240401;100446;7600;25;9991553920;B
20240401;100446;7600;1;9991553921;B
20240401;100446;7600;17;9991553922;B
20240401;100446;7600;50;9991553923;B
20240401;100446;7600;3;9991553924;B
20240401;100446;7600;1;9991553925;B
20240401;100446;7600;1;9991553926;B
20240401;100446;7600;4;9991553927;B
20240401;100446;7600;5;9991553928;B
20240401;100446;7600;3;9991553929;B
20240401;100446;7600;1;9991553930;B
20240401;100446;7600;1;9991553931;B
20240401;100446;7600;1;9991553932;B
20240401;100446;7600;5;9991553933;B
20240401;100446;7600;3;9991553934;B
20240401;100446;7600;2;9991553935;B
20240401;100446;7600;2;9991553936;B
20240401;100446;7600;5;9991553937;B
20240401;100446;7600;1;9991553938;B
20240401;100446;7600;10;9991553939;B
20240401;100446;7600;3;9991553940;B
20240401;100446;7600;2;9991553941;B
20240401;100446;7600;25;9991553942;B
20240401;100446;7600;2;9991553943;B
20240401;100446;7600;1;9991553944;B
20240401;100446;7600;1;9991553945;B
20240401;100446;7600;77;9991553946;B
20240401;100446;7600;4;9991553947;B
20240401;100446;7600;1;9991553948;B
20240401;100446;7600;5;9991553949;B
20240401;100446;7600;1;9991553950;B
20240401;100446;7600;7;9991553951;B
20240401;100446;7600;25;9991553952;B
20240401;100446;7600;1;9991553953;B
20240401;100446;7600;2;9991553954;B
20240401;100446;7600;1;9991553955;B
20240401;100446;7600;1;9991553956;B
20240401;100446;7600;2;9991553957;B
20240401;100446;7600;1;9991553958;B
20240401;100446;7600;50;9991553959;B
20240401;100446;7600;1;9991553960;B
20240401;100446;7600;1;9991553961;B
20240401;100446;7600;50;9991553962;B
20240401;100446;7600;50;9991553963;B
20240401;100446;7600;1;9991553964;B
20240401;100446;7600;1;9991553965;B
20240401;100446;7600;25;9991553966;B
20240401;100446;7600;1;9991553967;B
20240401;100446;7600;19;9991553968;B
20240401;100446;7600;1;9991553969;B
20240401;100446;7600;1;9991553970;B
20240401;100446;7600;13;9991553971;B
20240401;100446;7600;1;9991553972;B
20240401;100446;7600;4;9991553973;B
20240401;100446;7600;300;9991553974;B
20240401;100446;7600;20;9991553975;B
20240401;100446;7600;25;9991553976;B
20240401;100446;7600;20;9991553977;B
20240401;100446;7600;1;9991553978;B
20240401;100446;7600;10;9991553979;B
20240401;100446;7600;79;9991553980;B
20240401;100446;7600;100;9991553981;B
20240401;100446;7600;50;9991553982;B
20240401;100446;7600;10;9991553983;B
20240401;100446;7600;5;9991553984;B
20240401;100446;7600;413;9991553985;B
20240401;100446;7599.5;29;9991553988;B
20240401;100446;7599.5;1;9991553989;B
20240401;100446;7599;10;9991553995;B
20240401;100446;7599;29;9991553996;B
20240401;100446;7599;1;9991553999;B
20240401;100446;7600;4;9991554010;B
20240401;100446;7600;60;9991554011;B
20240401;100446;7600;1;9991554024;B
20240401;100446;7600;5;9991554040;B
20240401;100446;7600;2;9991554041;B
20240401;100446;7599.5;1;9991554042;S
20240401;100446;7599.5;2;9991554044;S
20240401;100446;7599.5;1;9991554048;S
20240401;100446;7599.5;6;9991554049;S
20240401;100446;7599.5;29;9991554050;S
20240401;100446;7599.5;1;9991554051;S
20240401;100446;7599.5;2;9991554052;S
20240401;100446;7599.5;3;9991554055;S
20240401;100446;7599.5;6;9991554056;S
20240401;100446;7599.5;2;9991554066;S
20240401;100446;7600;5;9991554082;B
20240401;100446;7599.5;1;9991554108;S
20240401;100446;7599.5;32;9991554147;S
20240401;100446;7600;6;9991554148;B
20240401;100446;7599.5;9;9991554172;S
20240401;100446;7599.5;1;9991554173;S
20240401;100446;7600;1;9991554174;B
20240401;100446;7599.5;10;9991554175;S
20240401;100446;7599.5;2;9991554176;S
20240401;100446;7599.5;1;9991554177;S
20240401;100446;7599.5;2;9991554178;S
20240401;100446;7599.5;5;9991554179;S
20240401;100446;7599.5;5;9991554180;S
20240401;100446;7600;1;9991554204;B
20240401;100446;7599.5;1;9991554205;S
20240401;100446;7599.5;2;9991554206;S
20240401;100446;7599.5;1;9991554207;S
20240401;100446;7600;2;9991554208;B
20240401;100446;7599.5;1;9991554209;S
20240401;100446;7599.5;9;9991554210;S
20240401;100446;7599.5;50;9991554211;S
20240401;100446;7599.5;29;9991554212;S
20240401;100446;7599.5;12;9991554213;S
20240401;100446;7599.5;1;9991554220;S
20240401;100446;7599.5;17;9991554222;S
20240401;100446;7599.5;28;9991554223;S
20240401;100446;7599.5;50;9991554224;S
20240401;100446;7599.5;40;9991554225;S
20240401;100446;7599;40;9991554226;S
20240401;100446;7599;25;9991554227;S
20240401;100447;7599;1;9991554228;S
20240401;100447;7599;6;9991554229;S
20240401;100447;7599;1;9991554230;S
20240401;100447;7599;15;9991554232;S
20240401;100447;7599;1;9991554233;S
20240401;100447;7599;1;9991554234;S
20240401;100447;7599;1;9991554235;B
20240401;100447;7599.5;2;9991554236;B
20240401;100447;7599.5;5;9991554237;B
20240401;100447;7598.5;4;9991554238;S
20240401;100447;7599.5;14;9991554239;B
20240401;100447;7598.5;1;9991554240;S
20240401;100447;7599.5;2;9991554241;B
20240401;100447;7598.5;1;9991554244;S
20240401;100447;7598.5;44;9991554248;S
20240401;100447;7598.5;50;9991554249;S
20240401;100447;7598.5;10;9991554250;S
20240401;100447;7598;40;9991554251;S
20240401;100447;7598;50;9991554252;S
20240401;100447;7597.5;46;9991554253;S
20240401;100447;7598;8;9991554254;S
20240401;100447;7599;1;9991554273;B
20240401;100447;7599;1;9991554287;B
20240401;100447;7599;40;9991554288;B
20240401;100447;7599.5;50;9991554289;B
20240401;100447;7599.5;35;9991554290;B
20240401;100447;7599.5;10;9991554291;B
20240401;100447;7600;100;9991554292;B
20240401;100447;7600;48;9991554293;B
20240401;100447;7600;100;9991554294;B
20240401;100447;7600;116;9991554295;B
20240401;100447;7599.5;3;9991554378;B
20240401;100447;7599.5;1;9991554388;B
20240401;100447;7599.5;3;9991554390;B
20240401;100447;7599.5;33;9991554396;B
20240401;100447;7599.5;1;9991554397;B
20240401;100447;7599.5;20;9991554398;B
20240401;100447;7600;46;9991554399;B
20240401;100447;7599.5;5;9991554402;B
20240401;100447;7599.5;3;9991554426;B
20240401;100447;7599.5;1;9991554444;B
20240401;100447;7599.5;25;9991554457;B
20240401;100447;7599;2;9991554464;S
20240401;100447;7599;2;9991554465;S
20240401;100447;7599;46;9991554466;S
20240401;100447;7599;4;9991554467;S
20240401;100447;7599;1;9991554468;S
20240401;100447;7599;25;9991554469;S
20240401;100447;7599;49;9991554470;S
20240401;100447;7599;2;9991554471;S
20240401;100447;7599.5;1;9991554472;B
20240401;100447;7599;12;9991554473;S
20240401;100447;7598;42;9991554474;S
20240401;100447;7598;10;9991554475;S
20240401;100447;7598;50;9991554476;S
20240401;100447;7598;35;9991554477;S
20240401;100447;7597.5;4;9991554478;S
20240401;100447;7597.5;1;9991554479;S
20240401;100447;7597.5;2;9991554480;S
20240401;100447;7597.5;1;9991554543;S
20240401;100447;7598;30;9991554547;B
20240401;100447;7597.5;10;9991554548;S
20240401;100447;7597.5;1;9991554549;S
20240401;100447;7598;5;9991554553;B
20240401;100447;7597.5;1;9991554554;S
