<DATE>;<TIME>;<LAST>;<VOL>;<ID>;<OPER>
20240305;095940;7515;4;9754476051;S
20240305;095940;7515;6;9754476052;S
20240305;095940;7515;1;9754476053;S
20240305;095940;7515;2;9754476054;S
20240305;095940;7515;2;9754476055;S
20240305;095940;7515;15;9754476056;S
20240305;095940;7515;6;9754476057;S
20240305;095940;7515;1;9754476058;S
20240305;095940;7515;3;9754476059;S
20240305;095940;7515;1;9754476060;S
20240305;095940;7515;1;9754476061;S
20240305;095940;7515;4;9754476062;S
20240305;095940;7515;7;9754476063;S
20240305;095940;7515;20;9754476064;S
20240305;095940;7515;4;9754476065;S
20240305;095940;7515;100;9754476066;S
20240305;095940;7515;1;9754476067;S
20240305;095940;7515;138;9754476068;S
20240305;095940;7515;3;9754476069;S
20240305;095940;7515;4;9754476070;S
20240305;095940;7515;1;9754476071;B
20240305;095940;7515;1;9754476072;S
20240305;095940;7515;24;9754476073;B
20240305;095940;7515;1;9754476074;B
20240305;095940;7515;3;9754476075;B
20240305;095940;7515;1;9754476076;S
20240305;095940;7515;1;9754476077;S
20240305;095940;7515;1;9754476078;S
20240305;095940;7515;1;9754476079;B
20240305;095940;7515;20;9754476080;S
20240305;095940;7515;9;9754476081;S
20240305;095940;7515;5;9754476082;B
20240305;095940;7515;15;9754476083;B
20240305;095940;7515;1;9754476084;B
20240305;095940;7515;1;9754476085;B
20240305;095940;7515;2;9754476086;B
20240305;095940;7515;10;9754476087;B
20240305;095940;7515;1;9754476088;B
20240305;095940;7515;1;9754476089;B
20240305;095940;7515;3;9754476090;B
20240305;095940;7515;1;9754476091;B
20240305;095940;7515;1;9754476092;B
20240305;095940;7515;20;9754476093;B
20240305;095940;7515;5;9754476094;B
20240305;095940;7515;1;9754476095;B
20240305;095940;7515;1;9754476096;B
20240305;095940;7515;4;9754476097;B
20240305;095940;7515;2;9754476098;B
20240305;095940;7515;2;9754476099;B
20240305;095940;7515;1;9754476100;B
20240305;095940;7515;1;9754476101;B
20240305;095940;7515;30;9754476102;B
20240305;095940;7515;2;9754476103;B
20240305;095940;7515;2;9754476104;B
20240305;095940;7515;2;9754476105;B
20240305;095940;7515;35;9754476106;B
20240305;095940;7515;1;9754476107;B
20240305;095940;7515;1;9754476108;B
20240305;095940;7515;65;9754476109;B
20240305;095940;7515;26;9754476110;B
20240305;095940;7515;7;9754476111;B
20240305;095940;7515;100;9754476112;B
20240305;095940;7515;40;9754476113;B
20240305;095940;7515;5;9754476114;B
20240305;095940;7515;10;9754476115;B
20240305;095940;7515;1;9754476116;B
20240305;095940;7515;970;9754476117;B
20240305;095940;7515;25;9754476118;S
20240305;095940;7515;5;9754476119;S
20240305;095940;7515;200;9754476120;S
20240305;095940;7515;45;9754476121;S
20240305;095940;7515;3;9754476122;S
20240305;095940;7515;5;9754476123;B
20240305;095940;7515;1;9754476124;B
20240305;095940;7515;2;9754476125;S
20240305;095940;7515;7;9754476126;S
20240305;095940;7515;9;9754476127;S
20240305;095940;7515;2;9754476128;S
20240305;095940;7515;3;9754476129;S
20240305;095940;7515;1;9754476130;S
20240305;095940;7515;1;9754476131;S
20240305;095940;7515;1;9754476132;S
20240305;095940;7515;318;9754476133;S
20240305;095940;7515;86;9754476134;S
20240305;095940;7515;2;9754476135;B
20240305;095940;7515;1;9754476136;B
20240305;095940;7515;200;9754476137;S
20240305;095940;7515;10;9754476138;B
20240305;095940;7515;66;9754476139;S
20240305;095940;7515;100;9754476140;S
20240305;095940;7515;39;9754476141;S
20240305;095940;7515;1;9754476142;S
20240305;095940;7515;12;9754476143;S
20240305;095940;7515;1;9754476144;S
20240305;095940;7515;3;9754476145;S
20240305;095940;7515;9;9754476146;S
20240305;095940;7515;25;9754476147;B
20240305;095940;7515;13;9754476148;B
20240305;095940;7515;13;9754476149;B
20240305;095940;7515;49;9754476150;B
20240305;095940;7515;1;9754476151;B
20240305;095940;7515;1;9754476152;S
20240305;095940;7515;1;9754476153;S
20240305;095940;7515;1;9754476154;B
20240305;095940;7515;3;9754476155;B
20240305;095940;7515;1;9754476156;B
20240305;095940;7515;1;9754476157;S
20240305;095940;7515;1;9754476158;S
20240305;095940;7515;15;9754476159;S
20240305;095940;7515;4;9754476160;S
20240305;095940;7515;2;9754476161;S
20240305;095940;7515;5;9754476162;S
20240305;095940;7515;3;9754476163;S
20240305;095940;7515;5;9754476164;S
20240305;095940;7515;1;9754476165;S
20240305;095940;7515;2;9754476166;S
20240305;095940;7515;1;9754476167;B
20240305;095940;7515;1;9754476168;S
20240305;095940;7515;8;9754476169;S
20240305;095940;7515;7;9754476170;S
20240305;095940;7515;2;9754476171;B
20240305;095940;7515;1;9754476172;B
20240305;095940;7515;23;9754476173;S
20240305;095940;7515;24;9754476174;S
20240305;095940;7515;1;9754476175;B
20240305;095940;7515;5;9754476176;S
20240305;095940;7515;1;9754476177;B
20240305;095940;7515;6;9754476178;S
20240305;095940;7515;10;9754476179;S
20240305;095940;7515;4;9754476180;S
20240305;095940;7515;10;9754476181;S
20240305;100000;7516;5;9754480459;B
20240305;100000;7516;2;9754480460;B
20240305;100000;7516;312;9754480461;B
20240305;100000;7516;4;9754480462;B
20240305;100000;7516;1;9754480463;B
20240305;100000;7516;1;9754480464;B
20240305;100000;7516;2;9754480465;B
20240305;100000;7516;20;9754480466;B
20240305;100000;7516.5;6;9754480640;B
20240305;100000;7516.5;18;9754480641;B
20240305;100000;7517;3;9754480746;B
20240305;100000;7517.5;2;9754480814;B
20240305;100000;7517.5;1;9754480815;B
20240305;100000;7517.5;1;9754480816;B
20240305;100000;7517.5;5;9754480817;B
20240305;100000;7518;3;9754480926;B
20240305;100000;7518;3;9754480927;B
20240305;100000;7519;24;9754480928;B
20240305;100000;7519;1;9754480929;B
20240305;100000;7519;13;9754480930;B
20240305;100000;7519.5;6;9754480931;B
20240305;100000;7519.5;13;9754480973;B
20240305;100000;7517.5;5;9754480985;S
20240305;100000;7519.5;14;9754481134;B
20240305;100000;7519.5;4;9754481213;B
20240305;100001;7519;3;9754481785;B
20240305;100001;7519;7;9754481786;B
20240305;100001;7519.5;11;9754481787;B
20240305;100001;7519.5;1;9754481788;B
20240305;100001;7519.5;1;9754481789;B
20240305;100001;7519.5;10;9754481790;B
20240305;100001;7519.5;17;9754481796;S
20240305;100001;7518.5;48;9754481797;B
20240305;100001;7519;12;9754481798;S
20240305;100001;7518.5;1;9754481928;S
20240305;100001;7518.5;2;9754482001;S
20240305;100002;7518.5;1;9754482215;S
20240305;100002;7519;3;9754482239;B
20240305;100002;7518.5;5;9754482437;S
20240305;100002;7518.5;1;9754482470;S
20240305;100002;7518.5;1;9754482471;S
20240305;100002;7519;10;9754482636;B
20240305;100002;7518.5;1;9754482733;S
20240305;100002;7519;1;9754482814;B
20240305;100002;7518.5;1;9754482885;S
20240305;100002;7518.5;4;9754482910;S
20240305;100003;7518.5;50;9754483019;S
20240305;100003;7518.5;10;9754483273;S
20240305;100003;7518.5;23;9754483422;S
20240305;100003;7518.5;8;9754483423;S
20240305;100003;7518.5;10;9754483424;S
20240305;100003;7517.5;60;9754483425;S
20240305;100003;7517;13;9754483426;S
20240305;100003;7515.5;40;9754483427;S
20240305;100003;7515.5;40;9754483428;S
20240305;100003;7515;19;9754483429;S
20240305;100003;7515;47;9754483430;S
20240305;100003;7515;200;9754483431;S
20240305;100003;7515;40;9754483432;S
20240305;100003;7515.5;33;9754483438;S
20240305;100003;7515.5;10;9754483439;S
20240305;100003;7515.5;7;9754483440;S
20240305;100003;7515.5;15;9754483511;S
20240305;100004;7518.5;8;9754483633;B
20240305;100004;7515.5;1;9754483847;S
20240305;100004;7518.5;3;9754483859;B
20240305;100004;7518.5;10;9754483987;B
20240305;100004;7519;17;9754483988;B
20240305;100005;7519;10;9754484739;B
20240305;100005;7516.5;1;9754484880;S
20240305;100005;7516.5;2;9754484884;S
20240305;100006;7517.5;1;9754485223;S
20240305;100006;7519;5;9754485355;B
20240305;100006;7519;1;9754485356;B
20240305;100006;7519;2;9754485501;B
20240305;100006;7519;3;9754485502;B
20240305;100006;7519.5;3;9754485504;B
20240305;100006;7519.5;9;9754485505;B
20240305;100006;7520;1;9754485506;B
20240305;100006;7520;2;9754485507;B
20240305;100006;7520;1;9754485508;B
20240305;100006;7520;9;9754485509;B
20240305;100006;7520;1;9754485510;B
20240305;100006;7520;4;9754485511;B
20240305;100006;7520;1;9754485514;B
20240305;100006;7520;1;9754485516;B
20240305;100006;7520;10;9754485692;B
20240305;100006;7518;5;9754486024;S
20240305;100006;7519.5;10;9754486027;B
20240305;100006;7520;5;9754486028;B
20240305;100006;7518.5;7;9754486243;S
20240305;100006;7518;5;9754486244;S
20240305;100006;7517.5;3;9754486245;S
20240305;100007;7518.5;1;9754486249;S
20240305;100007;7519.5;9;9754486318;B
20240305;100007;7519.5;1;9754486404;B
20240305;100007;7520;4;9754486405;B
20240305;100007;7519.5;3;9754486664;B
20240305;100007;7519.5;7;9754486775;B
20240305;100007;7520;3;9754486776;B
20240305;100007;7519.5;10;9754486822;B
20240305;100007;7520;2;9754486823;B
20240305;100007;7519.5;5;9754486833;B
20240305;100007;7518.5;3;9754486834;S
20240305;100007;7519.5;10;9754487310;B
20240305;100007;7520;10;9754487311;B
20240305;100007;7520;1;9754487324;B
20240305;100007;7520;1;9754487325;B
20240305;100007;7520;5;9754487326;B
20240305;100007;7520;3;9754487327;B
20240305;100007;7520;4;9754487367;B
20240305;100007;7520;14;9754487368;B
20240305;100007;7520;2;9754487369;B
20240305;100008;7518.5;1;9754487602;S
20240305;100008;7518.5;1;9754487603;S
20240305;100008;7520;48;9754487617;B
20240305;100008;7520;1;9754487618;B
20240305;100008;7520;1;9754487619;B
20240305;100008;7520;7;9754487659;B
20240305;100008;7520;2;9754487690;B
20240305;100009;7520;13;9754488183;B
20240305;100009;7520;2;9754488184;B
20240305;100009;7520;1;9754488185;B
20240305;100009;7520;1;9754488186;B
20240305;100009;7520;20;9754488187;B
20240305;100009;7520;10;9754488188;B
20240305;100009;7520;1;9754488189;B
20240305;100009;7520;1;9754488190;B
20240305;100009;7520;124;9754488191;B
20240305;100009;7520;27;9754488192;B
20240305;100010;7520;11;9754488360;B
20240305;100010;7520;4;9754488361;B
20240305;100010;7520;4;9754488367;B
20240305;100010;7520;1;9754488368;B
20240305;100010;7520;7;9754488369;B
20240305;100010;7521;1;9754488373;B
20240305;100010;7521;1;9754488374;B
20240305;100010;7521;2;9754488401;B
20240305;100010;7521.5;3;9754488402;B
20240305;100010;7521.5;1;9754488452;B
20240305;100010;7519.5;1;9754488461;S
20240305;100010;7522;1;9754488571;B
20240305;100010;7522;9;9754488572;B
20240305;100010;7520;5;9754488696;S
20240305;100010;7520;10;9754488697;S
20240305;100010;7520;15;9754488703;B
20240305;100010;7522;55;9754488704;B
20240305;100011;7522;10;9754488718;B
20240305;100011;7522;7;9754488719;B
20240305;100011;7522;3;9754488780;B
20240305;100011;7522;3;9754488821;B
20240305;100011;7522;3;9754488868;B
20240305;100011;7522.5;2;9754488869;B
20240305;100011;7522.5;11;9754488870;B
20240305;100011;7520;10;9754488874;S
20240305;100011;7519.5;8;9754488875;S
20240305;100011;7518.5;1;9754488876;S
20240305;100011;7518.5;1;9754488877;S
20240305;100011;7518.5;1;9754488878;S
20240305;100011;7518.5;11;9754488879;S
20240305;100011;7518.5;33;9754488880;S
20240305;100011;7518.5;60;9754488881;S
20240305;100011;7518;10;9754488882;S
20240305;100011;7517;5;9754488883;S
20240305;100011;7515.5;4;9754488884;S
20240305;100011;7515.5;60;9754488885;S
20240305;100011;7515.5;60;9754488886;S
20240305;100011;7515;236;9754488887;S
20240305;100011;7520;4;9754488888;S
20240305;100011;7517.5;26;9754488891;B
20240305;100011;7517;30;9754488892;S
20240305;100011;7522;7;9754488906;B
20240305;100011;7522;3;9754488913;B
20240305;100011;7522.5;7;9754488914;B
20240305;100011;7522;2;9754488921;B
20240305;100011;7520;1;9754488970;S
20240305;100011;7521.5;3;9754489048;S
20240305;100011;7517.5;27;9754489050;S
20240305;100011;7522;33;9754489065;B
20240305;100011;7522;10;9754489066;B
20240305;100011;7522.5;7;9754489067;B
20240305;100011;7522.5;2;9754489068;B
20240305;100011;7522.5;7;9754489069;B
20240305;100011;7523;1;9754489070;B
20240305;100011;7523;2;9754489071;B
20240305;100011;7523;9;9754489072;B
20240305;100011;7517.5;33;9754489082;S
20240305;100011;7517.5;3;9754489083;S
20240305;100011;7521;10;9754489125;S
20240305;100011;7521.5;2;9754489126;B
20240305;100011;7518;20;9754489128;S
20240305;100011;7521.5;2;9754489209;B
20240305;100011;7518;1;9754489211;S
20240305;100011;7521.5;1;9754489221;B
20240305;100011;7518;1;9754489235;S
20240305;100011;7521.5;7;9754489283;B
20240305;100011;7521.5;1;9754489327;B
20240305;100011;7518;2;9754489328;S
20240305;100011;7521.5;2;9754489329;B
20240305;100011;7521.5;4;9754489363;B
20240305;100012;7521.5;3;9754489447;B
20240305;100012;7522;19;9754489448;B
20240305;100012;7521.5;10;9754489478;B
20240305;100012;7521.5;2;9754489607;B
20240305;100014;7520;1;9754490123;S
20240305;100014;7518;10;9754490126;S
20240305;100014;7518;19;9754490127;B
20240305;100014;7520.5;4;9754490221;B
20240305;100014;7520.5;6;9754490222;B
20240305;100014;7521;5;9754490223;B
20240305;100014;7521;10;9754490224;B
20240305;100014;7521.5;10;9754490225;B
20240305;100014;7522;30;9754490226;B
20240305;100014;7522;52;9754490227;B
20240305;100014;7522.5;60;9754490228;B
20240305;100014;7523;5;9754490229;B
20240305;100014;7523;10;9754490230;B
20240305;100014;7523;2;9754490231;B
20240305;100014;7523;3;9754490232;B
20240305;100014;7523;1;9754490233;B
20240305;100014;7523;2;9754490234;B
20240305;100015;7523;2;9754490777;B
20240305;100016;7523;8;9754490924;B
20240305;100016;7523.5;1;9754490925;B
20240305;100016;7519.5;1;9754491093;S
20240305;100017;7523;10;9754491286;B
20240305;100017;7523.5;8;9754491290;B
20240305;100017;7523.5;61;9754491332;B
20240305;100017;7523.5;6;9754491333;B
20240305;100017;7524;1;9754491334;B
20240305;100017;7524;1;9754491335;B
20240305;100017;7524;5;9754491336;B
20240305;100017;7524;33;9754491337;B
20240305;100017;7524.5;5;9754491338;B
20240305;100017;7524.5;2;9754491339;B
20240305;100017;7524.5;5;9754491340;B
20240305;100017;7524.5;1;9754491341;B
20240305;100017;7524.5;1;9754491342;B
20240305;100017;7524.5;80;9754491343;B
20240305;100017;7524.5;60;9754491344;B
20240305;100017;7525;300;9754491345;B
20240305;100017;7525;70;9754491346;B
20240305;100017;7525;3;9754491347;B
20240305;100017;7525;10;9754491348;B
20240305;100017;7525;1;9754491349;B
20240305;100017;7525;1;9754491350;B
20240305;100017;7525;1;9754491351;B
20240305;100017;7525;1;9754491352;B
20240305;100017;7525;37;9754491353;B
20240305;100017;7525;2;9754491354;B
20240305;100017;7525;1;9754491355;B
20240305;100017;7525;1;9754491356;B
20240305;100017;7525;1;9754491357;B
20240305;100017;7525;1;9754491358;B
20240305;100017;7525;96;9754491359;B
20240305;100017;7525.5;10;9754491360;B
20240305;100017;7526;2;9754491361;B
20240305;100017;7526;10;9754491362;B
20240305;100017;7526.5;4;9754491363;B
20240305;100017;7526.5;4;9754491364;B
20240305;100017;7526.5;6;9754491365;B
20240305;100017;7527;10;9754491366;B
20240305;100017;7527;20;9754491367;B
20240305;100017;7527.5;5;9754491368;B
20240305;100017;7527.5;142;9754491369;B
20240305;100018;7524.5;10;9754491570;B
20240305;100018;7523.5;5;9754491631;B
20240305;100018;7523.5;40;9754491701;B
20240305;100018;7523.5;25;9754491783;B
20240305;100018;7524;41;9754491784;B
20240305;100019;7524;80;9754491930;B
20240305;100019;7524;3;9754491997;B
20240305;100019;7521.5;10;9754492041;S
20240305;100019;7521.5;33;9754492042;S
20240305;100020;7521.5;7;9754492130;B
20240305;100020;7521.5;1;9754492181;S
20240305;100020;7523.5;1;9754492318;B
20240305;100020;7524;4;9754492319;B
20240305;100020;7524;1;9754492336;B
20240305;100021;7521.5;4;9754492522;S
20240305;100021;7523.5;100;9754492633;B
20240305;100021;7524;41;9754492634;B
20240305;100021;7524;6;9754492635;B
20240305;100021;7524;53;9754492636;B
20240305;100022;7524;5;9754492962;B
20240305;100022;7522.5;10;9754492968;S
20240305;100022;7522.5;10;9754492969;S
20240305;100022;7522;2;9754492972;S
20240305;100022;7522;33;9754492973;S
20240305;100022;7522;6;9754492974;S
20240305;100022;7521.5;10;9754492977;B
20240305;100022;7521.5;3;9754492978;B
20240305;100022;7522;7;9754492979;B
20240305;100022;7521;10;9754492989;S
20240305;100022;7521;2;9754492990;S
20240305;100022;7521;50;9754492991;S
20240305;100022;7521;8;9754492992;S
20240305;100022;7521;10;9754492993;S
20240305;100022;7520.5;32;9754492994;S
20240305;100022;7520.5;10;9754493003;B
20240305;100022;7520.5;10;9754493006;B
20240305;100022;7520.5;30;9754493008;B
20240305;100022;7520.5;10;9754493009;B
20240305;100022;7520.5;40;9754493011;B
20240305;100022;7523.5;19;9754493141;B
20240305;100022;7523.5;10;9754493142;B
20240305;100022;7524;12;9754493143;B
20240305;100022;7524;3;9754493144;B
20240305;100022;7524;100;9754493145;B
20240305;100022;7524;13;9754493146;B
20240305;100022;7524.5;6;9754493147;B
20240305;100022;7524.5;60;9754493148;B
20240305;100022;7525;800;9754493149;B
20240305;100022;7525;3;9754493150;B
20240305;100022;7525;3;9754493151;B
20240305;100022;7525;151;9754493152;B
20240305;100022;7525;44;9754493153;B
20240305;100022;7525;1;9754493154;B
20240305;100022;7525;5;9754493155;B
20240305;100022;7525;4;9754493156;B
20240305;100022;7525;1;9754493157;B
20240305;100022;7525;17;9754493158;B
20240305;100022;7525;1;9754493159;B
20240305;100022;7525;1;9754493160;B
20240305;100022;7525;25;9754493161;B
20240305;100022;7525;1;9754493162;B
20240305;100022;7525;5;9754493163;B
20240305;100022;7525;3;9754493164;B
20240305;100022;7525;1;9754493165;B
20240305;100022;7525;1;9754493166;B
20240305;100022;7525;59;9754493167;B
20240305;100022;7525;2;9754493168;B
20240305;100022;7525;20;9754493169;B
20240305;100022;7525;2;9754493170;B
20240305;100022;7525.5;33;9754493171;B
20240305;100022;7526;5;9754493172;B
20240305;100022;7526;2;9754493173;B
20240305;100022;7527;1;9754493174;B
20240305;100022;7527;5;9754493175;B
20240305;100022;7527;27;9754493176;B
20240305;100022;7527;10;9754493177;B
20240305;100022;7527;15;9754493178;B
20240305;100022;7527;1;9754493179;B
20240305;100022;7527;60;9754493180;B
20240305;100022;7527.5;30;9754493181;S
20240305;100022;7527.5;50;9754493182;S
20240305;100022;7527.5;50;9754493183;S
20240305;100022;7527.5;50;9754493184;S
20240305;100022;7527.5;20;9754493188;S
20240305;100022;7527.5;30;9754493192;S
20240305;100022;7527.5;20;9754493193;S
20240305;100023;7527.5;10;9754493205;S
20240305;100023;7527.5;17;9754493222;S
20240305;100023;7527.5;36;9754493245;S
20240305;100023;7527.5;7;9754493353;S
20240305;100023;7528;1;9754493400;B
20240305;100023;7528;10;9754493497;B
20240305;100023;7528;54;9754493498;B
20240305;100023;7528;7;9754493499;B
20240305;100023;7528.5;5;9754493500;B
20240305;100023;7528.5;1;9754493501;B
20240305;100023;7528.5;1;9754493502;B
20240305;100023;7528.5;6;9754493503;B
20240305;100023;7528.5;40;9754493504;B
20240305;100023;7529;1;9754493505;B
20240305;100023;7529;1;9754493506;B
20240305;100023;7529;7;9754493507;B
20240305;100023;7529;117;9754493508;B
20240305;100023;7528;3;9754493522;S
20240305;100023;7528;3;9754493527;S
20240305;100023;7529;5;9754493536;B
20240305;100024;7528.5;1;9754493577;S
20240305;100024;7528;2;9754493578;S
20240305;100024;7528;30;9754493579;S
20240305;100024;7528;36;9754493580;S
20240305;100024;7527.5;55;9754493581;S
20240305;100024;7528;1;9754493587;B
20240305;100024;7528.5;10;9754493631;B
20240305;100024;7529;190;9754493632;B
20240305;100024;7529;21;9754493669;B
20240305;100024;7529.5;5;9754493670;B
20240305;100024;7529.5;7;9754493671;B
20240305;100024;7530;1;9754493672;B
20240305;100024;7530;15;9754493673;B
20240305;100024;7530;5;9754493674;B
20240305;100024;7530;30;9754493675;B
20240305;100024;7530;1;9754493676;B
20240305;100024;7530;1;9754493677;B
20240305;100024;7530;1;9754493678;B
20240305;100024;7530;13;9754493679;B
20240305;100024;7529.5;5;9754493691;B
20240305;100024;7528;20;9754493710;B
20240305;100024;7528.5;7;9754493711;B
20240305;100024;7530;14;9754493712;B
20240305;100024;7530;6;9754493713;B
20240305;100024;7530;50;9754493714;B
20240305;100024;7530;7;9754493715;B
20240305;100024;7530;3;9754493716;B
20240305;100024;7530;23;9754493717;B
20240305;100024;7530;70;9754493718;B
20240305;100024;7529.5;10;9754493796;B
20240305;100024;7530;240;9754493797;B
20240305;100024;7530;250;9754493802;B
20240305;100025;7529;150;9754493884;B
20240305;100025;7529.5;7;9754493885;B
20240305;100025;7530;241;9754493886;B
20240305;100025;7530;20;9754493887;B
20240305;100025;7530;2;9754493888;B
20240305;100025;7530;5;9754493889;B
20240305;100025;7530;3;9754493890;B
20240305;100025;7530;2;9754493891;B
20240305;100025;7530;1;9754493892;B
20240305;100025;7530;1;9754493893;B
20240305;100025;7530;20;9754493894;B
20240305;100025;7530;1;9754493895;B
20240305;100025;7530;1;9754493896;B
20240305;100025;7530;6;9754493897;B
20240305;100025;7530;5;9754493898;B
20240305;100025;7530;1;9754493899;B
20240305;100025;7530;19;9754493900;B
20240305;100025;7530;6;9754493901;B
20240305;100025;7528.5;1;9754493903;B
20240305;100025;7528;5;9754493908;S
20240305;100025;7528;2;9754493909;S
20240305;100025;7529;2;9754493917;B
20240305;100025;7528;3;9754493945;S
20240305;100025;7528;2;9754493946;S
20240305;100025;7528;8;9754493976;S
20240305;100025;7528;7;9754493977;S
20240305;100025;7528;5;9754493978;S
20240305;100025;7529;36;9754494016;B
20240305;100025;7529.5;7;9754494017;B
20240305;100025;7530;25;9754494018;B
20240305;100025;7530;5;9754494019;B
20240305;100025;7530;5;9754494020;B
20240305;100025;7530;6;9754494021;B
20240305;100025;7530;9;9754494022;B
20240305;100025;7530;3;9754494023;B
20240305;100025;7530;2;9754494024;B
20240305;100025;7530;2;9754494025;B
20240305;100025;7530;11;9754494026;B
20240305;100025;7530;2;9754494027;B
20240305;100025;7530;50;9754494028;S
20240305;100025;7530;10;9754494029;S
20240305;100025;7530;1;9754494117;S
20240305;100025;7530.5;10;9754494118;B
20240305;100025;7530.5;1;9754494121;B
20240305;100025;7530;58;9754494123;S
20240305;100025;7530;1;9754494133;S
20240305;100025;7530;50;9754494182;S
20240305;100026;7530.5;2;9754494210;B
20240305;100026;7530.5;5;9754494211;B
20240305;100026;7530.5;7;9754494212;B
20240305;100026;7531;6;9754494213;B
20240305;100026;7530.5;5;9754494236;S
20240305;100026;7530.5;5;9754494273;S
20240305;100026;7530;2;9754494274;S
20240305;100026;7530.5;10;9754494283;S
20240305;100026;7531;4;9754494318;B
20240305;100026;7531.5;40;9754494319;B
20240305;100026;7531.5;50;9754494320;S
20240305;100026;7531.5;50;9754494321;S
20240305;100026;7531.5;50;9754494322;S
20240305;100026;7531.5;50;9754494329;S
20240305;100026;7531.5;6;9754494330;S
20240305;100026;7531.5;4;9754494331;S
20240305;100026;7532;12;9754494357;B
20240305;100026;7532;8;9754494374;B
20240305;100026;7532;1;9754494376;B
20240305;100026;7531.5;10;9754494385;S
20240305;100026;7531.5;7;9754494456;S
20240305;100026;7531.5;11;9754494457;S
20240305;100026;7532;4;9754494464;B
20240305;100026;7532;1;9754494465;B
20240305;100026;7532;7;9754494477;B
20240305;100026;7532;40;9754494478;B
20240305;100026;7532.5;1;9754494479;B
20240305;100026;7532.5;2;9754494480;B
20240305;100026;7532;4;9754494507;B
20240305;100027;7532;1;9754494581;B
20240305;100027;7532;2;9754494610;B
20240305;100027;7532;5;9754494640;B
20240305;100027;7532;28;9754494656;B
20240305;100027;7532;2;9754494657;B
20240305;100027;7532;3;9754494670;B
20240305;100027;7532;1;9754494718;B
20240305;100027;7532.5;3;9754494719;B
20240305;100027;7532.5;11;9754494720;B
20240305;100027;7532.5;7;9754494721;B
20240305;100027;7532.5;1;9754494722;B
20240305;100027;7532.5;35;9754494723;B
20240305;100027;7532.5;1;9754494724;B
20240305;100027;7532.5;7;9754494725;B
20240305;100027;7532.5;10;9754494726;B
20240305;100027;7533;1;9754494727;B
20240305;100027;7533;1;9754494728;B
20240305;100027;7533;20;9754494729;B
20240305;100027;7533;2;9754494730;B
20240305;100027;7532;2;9754494737;B
20240305;100027;7531.5;1;9754494799;S
20240305;100027;7531.5;1;9754494964;S
20240305;100028;7532;2;9754495083;B
20240305;100028;7532;8;9754495084;B
20240305;100028;7532;5;9754495121;B
20240305;100028;7531.5;4;9754495139;S
20240305;100028;7531.5;1;9754495140;S
20240305;100028;7531;7;9754495141;S
20240305;100028;7531;10;9754495142;S
20240305;100028;7530.5;6;9754495143;S
20240305;100028;7531;28;9754495253;B
20240305;100028;7532;5;9754495254;B
20240305;100028;7532.5;40;9754495255;B
20240305;100028;7532.5;1;9754495256;B
20240305;100028;7532.5;10;9754495257;B
20240305;100028;7533;28;9754495258;B
20240305;100028;7533;11;9754495259;B
20240305;100028;7530.5;1;9754495274;S
20240305;100028;7530.5;1;9754495298;S
20240305;100029;7532.5;7;9754495315;B
20240305;100029;7530.5;5;9754495443;S
20240305;100029;7532.5;33;9754495584;B
20240305;100029;7533;29;9754495585;B
20240305;100029;7533;1;9754495586;B
20240305;100029;7533;10;9754495587;B
20240305;100029;7533;5;9754495588;B
20240305;100029;7533;5;9754495589;B
20240305;100029;7533.5;5;9754495590;B
20240305;100029;7534;10;9754495591;B
20240305;100029;7534;1;9754495592;B
20240305;100029;7534;70;9754495593;B
20240305;100029;7534;41;9754495594;B
20240305;100030;7530.5;20;9754495686;S
20240305;100030;7530.5;10;9754495687;S
20240305;100030;7533.5;10;9754495700;B
20240305;100030;7534;3;9754495701;B
20240305;100030;7533.5;10;9754495707;B
20240305;100030;7534;56;9754495708;B
20240305;100030;7534;4;9754495709;B
20240305;100030;7534;2;9754495720;B
20240305;100030;7534;3;9754495725;B
20240305;100030;7531;2;9754495738;S
20240305;100030;7534;1;9754495748;B
20240305;100030;7534;7;9754495760;B
20240305;100030;7531;7;9754495773;S
20240305;100030;7534;3;9754495788;B
20240305;100030;7534.5;3;9754495789;B
20240305;100030;7534.5;4;9754495790;B
20240305;100030;7534;1;9754495791;B
20240305;100030;7534;1;9754495793;B
20240305;100030;7534;1;9754495796;B
20240305;100030;7534;1;9754495835;B
20240305;100030;7534;4;9754495918;B
20240305;100030;7534;15;9754495922;B
20240305;100030;7534;10;9754495923;B
20240305;100030;7534;2;9754495924;B
20240305;100030;7534;10;9754495932;B
20240305;100030;7534;23;9754495933;B
20240305;100030;7534;10;9754495940;B
20240305;100030;7534.5;4;9754495941;B
20240305;100031;7534.5;27;9754495968;B
20240305;100031;7534.5;13;9754495969;B
20240305;100031;7534.5;3;9754495971;B
20240305;100031;7534.5;46;9754495972;B
20240305;100031;7534.5;3;9754495973;B
20240305;100031;7534.5;1;9754495974;B
20240305;100031;7534.5;8;9754495975;B
20240305;100031;7534.5;38;9754495976;B
20240305;100031;7532;10;9754495977;S
20240305;100031;7534.5;29;9754495979;B
20240305;100031;7534.5;14;9754495980;B
20240305;100031;7534.5;10;9754495981;B
20240305;100031;7535;5;9754495982;B
20240305;100031;7535;1;9754495983;B
20240305;100031;7535;1;9754495984;B
20240305;100031;7535;2;9754495985;B
20240305;100031;7535;1;9754495986;B
20240305;100031;7535;4;9754495987;B
20240305;100031;7535;2;9754495988;B
20240305;100031;7535;8;9754495989;B
20240305;100031;7535;20;9754495990;B
20240305;100031;7535;39;9754495991;B
20240305;100031;7535;33;9754495993;B
20240305;100031;7535;5;9754495994;B
20240305;100031;7535;1;9754495995;B
20240305;100031;7535;10;9754495996;B
20240305;100031;7535;10;9754495997;B
20240305;100031;7535;53;9754495998;B
20240305;100031;7532;1;9754496002;S
20240305;100031;7535;1;9754496034;B
20240305;100031;7532;32;9754496035;S
20240305;100031;7532;8;9754496036;S
20240305;100031;7535;33;9754496037;B
20240305;100031;7532;2;9754496040;S
20240305;100031;7532;2;9754496041;S
20240305;100031;7534.5;1;9754496044;B
20240305;100031;7535;1;9754496045;B
20240305;100031;7535;1;9754496046;B
20240305;100031;7534;1;9754496065;B
20240305;100031;7534;11;9754496066;B
20240305;100031;7535;71;9754496067;B
20240305;100031;7535;3;9754496068;B
20240305;100031;7535;44;9754496069;B
20240305;100031;7535;1;9754496070;B
20240305;100031;7535;10;9754496071;B
20240305;100031;7535.5;2;9754496072;B
20240305;100031;7535.5;1;9754496073;B
20240305;100031;7535.5;70;9754496074;B
20240305;100031;7536;1;9754496075;B
20240305;100031;7536;10;9754496076;B
20240305;100031;7536;10;9754496077;B
20240305;100031;7536.5;1;9754496078;B
20240305;100031;7536.5;1;9754496079;B
20240305;100031;7537;5;9754496080;B
20240305;100031;7537;1;9754496081;B
20240305;100031;7537;1;9754496082;B
20240305;100031;7537;22;9754496083;B
20240305;100031;7536.5;10;9754496084;B
20240305;100031;7537;8;9754496085;B
20240305;100031;7537;1;9754496086;B
20240305;100031;7537;1;9754496087;B
20240305;100031;7535;10;9754496116;S
20240305;100031;7534.5;8;9754496117;S
20240305;100031;7532;12;9754496119;S
20240305;100031;7532;19;9754496120;S
20240305;100031;7532;10;9754496121;S
20240305;100031;7532;1;9754496122;S
20240305;100031;7533;33;9754496130;B
20240305;100031;7532;14;9754496150;S
20240305;100031;7532;45;9754496155;S
20240305;100031;7532;10;9754496156;S
20240305;100031;7531.5;2;9754496157;S
20240305;100031;7530.5;1;9754496158;S
20240305;100031;7530.5;10;9754496159;S
20240305;100031;7530.5;33;9754496160;S
20240305;100031;7530;69;9754496161;S
20240305;100031;7530;30;9754496162;S
20240305;100031;7529;10;9754496163;S
20240305;100031;7529;7;9754496164;S
20240305;100031;7529;30;9754496165;S
20240305;100031;7534.5;10;9754496188;B
20240305;100031;7534.5;40;9754496189;B
20240305;100031;7535;5;9754496190;B
20240305;100031;7535;1;9754496191;B
20240305;100031;7535;33;9754496192;B
20240305;100031;7536;28;9754496193;B
20240305;100031;7536;60;9754496194;B
20240305;100031;7536.5;50;9754496195;B
20240305;100031;7537.5;2;9754496196;B
20240305;100031;7538;2;9754496197;B
20240305;100031;7538;1;9754496198;B
20240305;100031;7538;68;9754496199;B
20240305;100031;7537;1;9754496205;B
20240305;100031;7535;1;9754496237;B
20240305;100031;7538;9;9754496238;B
20240305;100031;7535;2;9754496269;B
20240305;100031;7538;1;9754496270;B
20240305;100031;7538;2;9754496271;B
20240305;100031;7538;8;9754496287;B
20240305;100031;7538;6;9754496288;B
20240305;100031;7538;3;9754496291;B
20240305;100031;7538;1;9754496292;B
20240305;100031;7537.5;10;9754496294;B
20240305;100031;7538;10;9754496295;B
20240305;100031;7533;1;9754496297;S
20240305;100031;7535;5;9754496319;B
20240305;100031;7535;40;9754496320;S
20240305;100031;7535.5;1;9754496321;S
20240305;100031;7535.5;1;9754496323;S
20240305;100031;7536;1;9754496334;B
20240305;100031;7537;3;9754496335;B
20240305;100031;7536;1;9754496356;B
20240305;100031;7537;5;9754496357;B
20240305;100031;7538;10;9754496358;B
20240305;100031;7538.5;28;9754496359;B
20240305;100031;7538.5;6;9754496360;B
20240305;100031;7535.5;1;9754496371;S
20240305;100031;7535.5;7;9754496372;S
20240305;100031;7535;22;9754496373;S
20240305;100031;7533.5;8;9754496374;S
20240305;100031;7538;1;9754496375;B
20240305;100031;7535.5;2;9754496376;S
20240305;100031;7538;9;9754496396;B
20240305;100031;7538.5;21;9754496397;B
20240305;100031;7538.5;10;9754496398;B
20240305;100031;7538.5;6;9754496399;B
20240305;100031;7535.5;8;9754496410;S
20240305;100031;7535;2;9754496411;S
20240305;100031;7535.5;3;9754496419;S
20240305;100031;7538;10;9754496430;B
20240305;100031;7538.5;20;9754496431;B
20240305;100032;7535.5;7;9754496435;S
20240305;100032;7535;15;9754496436;S
20240305;100032;7533.5;8;9754496437;S
20240305;100032;7538;10;9754496439;B
20240305;100032;7538.5;10;9754496440;B
20240305;100032;7535;1;9754496450;B
20240305;100032;7535;5;9754496451;B
20240305;100032;7535;2;9754496452;B
20240305;100032;7538.5;30;9754496453;B
20240305;100032;7539;1;9754496454;B
20240305;100032;7539;1;9754496455;B
20240305;100032;7539;8;9754496456;B
20240305;100032;7539;1;9754496457;B
20240305;100032;7539;60;9754496458;B
20240305;100032;7539.5;2;9754496459;B
20240305;100032;7539.5;10;9754496460;B
20240305;100032;7539.5;12;9754496461;B
20240305;100032;7538.5;20;9754496463;B
20240305;100032;7538.5;2;9754496547;B
20240305;100032;7539;19;9754496551;B
20240305;100032;7539;1;9754496552;S
20240305;100032;7534.5;30;9754496553;S
20240305;100032;7539.5;13;9754496554;B
20240305;100032;7536;1;9754496558;S
20240305;100032;7536;3;9754496559;S
20240305;100032;7536;1;9754496560;S
20240305;100032;7536;3;9754496561;S
20240305;100032;7539;2;9754496562;B
20240305;100032;7539;33;9754496581;B
20240305;100032;7539;4;9754496582;B
20240305;100032;7539.5;1;9754496583;B
20240305;100032;7535;25;9754496585;B
20240305;100032;7539.5;10;9754496587;B
20240305;100032;7534.5;5;9754496624;S
20240305;100032;7533.5;1;9754496687;S
20240305;100032;7535;2;9754496697;B
20240305;100032;7533.5;5;9754496699;S
20240305;100032;7535;7;9754496704;B
20240305;100032;7535;51;9754496713;B
20240305;100032;7535;2;9754496714;B
20240305;100032;7535.5;50;9754496715;B
20240305;100032;7536;1;9754496716;B
20240305;100032;7537;10;9754496717;B
20240305;100032;7537;5;9754496718;B
20240305;100032;7534.5;1;9754496738;S
20240305;100032;7535;7;9754496753;B
20240305;100032;7536;3;9754496754;B
20240305;100032;7535.5;1;9754496782;S
20240305;100032;7536;5;9754496796;B
20240305;100032;7537;5;9754496797;B
20240305;100032;7535.5;1;9754496802;S
20240305;100033;7537;10;9754496834;B
20240305;100033;7535;1;9754496839;S
20240305;100033;7537;7;9754496841;B
20240305;100033;7535;1;9754496845;S
20240305;100033;7536.5;10;9754496989;B
20240305;100033;7535.5;3;9754497033;S
20240305;100033;7536;3;9754497047;B
20240305;100033;7537;7;9754497048;B
20240305;100033;7535;1;9754497092;S
20240305;100033;7537;1;9754497228;B
20240305;100033;7537;4;9754497229;B
20240305;100034;7537;70;9754497344;B
20240305;100034;7537;1;9754497354;B
20240305;100034;7536.5;1;9754497408;S
20240305;100034;7536.5;2;9754497517;S
20240305;100034;7537;5;9754497574;B
20240305;100034;7537;2;9754497582;B
20240305;100034;7537;1;9754497619;B
20240305;100034;7537;13;9754497633;B
20240305;100034;7537;1;9754497657;B
20240305;100035;7537;1;9754497769;B
20240305;100036;7537;2;9754498089;B
20240305;100036;7537;14;9754498162;B
20240305;100036;7536.5;1;9754498268;S
20240305;100037;7536.5;5;9754498333;S
20240305;100037;7537;1;9754498383;B
20240305;100037;7537;5;9754498418;B
20240305;100037;7537;20;9754498495;B
20240305;100037;7537;2;9754498585;B
20240305;100038;7536.5;1;9754498730;S
20240305;100038;7535;1;9754498734;S
20240305;100038;7536.5;2;9754498940;B
20240305;100039;7536.5;5;9754498964;B
20240305;100039;7536.5;43;9754498972;B
20240305;100039;7537;157;9754498973;B
20240305;100039;7537;15;9754499025;B
20240305;100039;7537;1;9754499229;B
20240305;100040;7536.5;10;9754499275;S
20240305;100040;7535;13;9754499504;B
20240305;100040;7535;1;9754499567;B
20240305;100041;7535;55;9754499652;B
20240305;100041;7535;39;9754499714;B
20240305;100041;7535;20;9754499795;B
20240305;100042;7535;10;9754499976;B
20240305;100042;7535;10;9754500007;B
20240305;100043;7534.5;1;9754500216;S
20240305;100043;7535;5;9754500221;B
20240305;100043;7535.5;1;9754500222;B
20240305;100043;7536;2;9754500223;B
20240305;100043;7536.5;11;9754500224;B
20240305;100043;7536.5;20;9754500225;B
20240305;100043;7536.5;1;9754500226;B
20240305;100043;7536.5;10;9754500227;B
20240305;100043;7534.5;1;9754500251;S
20240305;100043;7536.5;2;9754500252;B
20240305;100043;7534.5;5;9754500253;S
20240305;100043;7534.5;1;9754500399;S
20240305;100043;7536.5;87;9754500401;B
20240305;100043;7537;305;9754500402;B
20240305;100043;7537;100;9754500403;B
20240305;100043;7537;8;9754500404;B
20240305;100044;7537;1;9754500474;B
20240305;100044;7536.5;4;9754500783;B
20240305;100044;7536;5;9754500787;S
20240305;100045;7535.5;5;9754500814;S
20240305;100045;7535.5;10;9754500815;S
20240305;100045;7534.5;5;9754500816;S
20240305;100045;7536.5;1;9754500905;B
20240305;100045;7535;10;9754500928;S
20240305;100045;7536.5;2;9754501030;B
20240305;100045;7537;10;9754501031;B
20240305;100045;7537;7;9754501032;B
20240305;100045;7535.5;20;9754501034;S
20240305;100045;7535.5;10;9754501035;S
20240305;100046;7535;2;9754501099;S
20240305;100046;7535;2;9754501123;S
20240305;100046;7535;3;9754501404;S
20240305;100047;7535.5;20;9754501580;B
20240305;100047;7535.5;1;9754501581;B
20240305;100047;7535.5;1;9754501582;B
20240305;100047;7536;1;9754501583;B
20240305;100047;7536.5;9;9754501584;B
20240305;100047;7536.5;1;9754501618;B
20240305;100047;7537;3;9754501619;B
20240305;100047;7535;3;9754501625;S
20240305;100047;7535;10;9754501626;S
20240305;100048;7535;37;9754501697;B
20240305;100048;7535.5;48;9754501698;B
20240305;100048;7534.5;6;9754501712;S
20240305;100048;7535.5;4;9754501859;B
20240305;100048;7535;3;9754501868;S
20240305;100048;7534.5;24;9754501869;S
20240305;100048;7534;3;9754501870;S
20240305;100048;7534;10;9754501871;S
20240305;100048;7533;1;9754501872;S
20240305;100048;7532.5;5;9754501873;S
20240305;100049;7535;5;9754501926;B
20240305;100049;7535;5;9754501928;B
20240305;100049;7535.5;70;9754501929;B
20240305;100049;7535.5;10;9754501930;B
20240305;100049;7536.5;60;9754501931;B
20240305;100049;7537;21;9754501932;B
20240305;100049;7537;10;9754501933;B
20240305;100049;7537.5;1;9754501934;B
20240305;100049;7537.5;270;9754501935;B
20240305;100049;7537.5;33;9754501936;B
20240305;100049;7538;1;9754501937;B
20240305;100049;7538;19;9754501938;B
20240305;100049;7535.5;1;9754502211;B
20240305;100049;7535.5;9;9754502228;B
20240305;100050;7536.5;10;9754502289;B
20240305;100050;7536.5;1;9754502293;B
20240305;100050;7536.5;9;9754502350;B
20240305;100050;7537;1;9754502351;B
20240305;100050;7536;1;9754502421;S
20240305;100050;7536;10;9754502422;S
20240305;100050;7536;4;9754502481;B
20240305;100050;7533;17;9754502485;S
20240305;100051;7533;32;9754502609;S
20240305;100051;7535;10;9754502691;B
20240305;100051;7533.5;5;9754502716;S
20240305;100051;7533.5;10;9754502717;S
20240305;100051;7533;2;9754502805;B
20240305;100051;7533.5;8;9754502929;S
20240305;100052;7532.5;1;9754502955;S
20240305;100052;7532;5;9754502956;S
20240305;100052;7532;4;9754502957;S
20240305;100053;7533.5;2;9754503282;B
20240305;100053;7533.5;8;9754503320;B
20240305;100053;7534;2;9754503321;B
20240305;100053;7534;10;9754503379;B
20240305;100053;7534.5;10;9754503380;B
20240305;100053;7531;2;9754503389;S
20240305;100054;7533.5;10;9754503507;S
20240305;100054;7532;1;9754503664;B
20240305;100055;7531;1;9754503705;S
20240305;100055;7532;1;9754503726;B
20240305;100055;7531;9;9754503806;S
20240305;100055;7531;60;9754503807;S
20240305;100055;7530.5;20;9754503808;S
20240305;100055;7528.5;33;9754503809;S
20240305;100055;7528.5;10;9754503810;S
20240305;100055;7528;60;9754503811;S
20240305;100055;7527.5;93;9754503812;S
20240305;100055;7526.5;80;9754503813;S
20240305;100055;7526;24;9754503814;S
20240305;100055;7525.5;30;9754503815;S
20240305;100055;7525.5;10;9754503816;S
20240305;100055;7524.5;80;9754503817;S
20240305;100055;7524.5;80;9754503818;S
20240305;100055;7524;11;9754503819;S
20240305;100055;7522;1;9754503882;S
20240305;100056;7522;50;9754503963;S
20240305;100056;7526.5;10;9754503964;B
20240305;100056;7526.5;25;9754504021;B
20240305;100056;7526.5;11;9754504022;B
20240305;100056;7526.5;10;9754504023;B
20240305;100056;7527;5;9754504024;B
20240305;100056;7528.5;14;9754504025;B
20240305;100057;7522;1;9754504185;S
20240305;100057;7526;1;9754504189;B
20240305;100057;7527.5;9;9754504190;B
20240305;100057;7523;1;9754504233;S
20240305;100057;7528;2;9754504263;B
20240305;100057;7528;1;9754504356;B
20240305;100058;7528;1;9754504439;B
20240305;100058;7527.5;1;9754504461;B
20240305;100058;7527.5;9;9754504462;B
20240305;100058;7523;9;9754504502;S
20240305;100058;7523;6;9754504503;S
20240305;100058;7523;4;9754504538;S
20240305;100058;7523;33;9754504539;S
20240305;100058;7523;60;9754504540;S
20240305;100058;7523;3;9754504541;S
20240305;100058;7523;7;9754504551;S
20240305;100058;7523;60;9754504552;S
20240305;100058;7523;10;9754504553;S
20240305;100058;7523;33;9754504554;S
20240305;100058;7522.5;4;9754504555;S
20240305;100058;7522;10;9754504556;S
20240305;100058;7521.5;80;9754504557;S
20240305;100058;7521;5;9754504558;S
20240305;100058;7520.5;8;9754504559;S
20240305;100058;7520;100;9754504560;S
20240305;100058;7520;50;9754504561;S
20240305;100058;7520;10;9754504562;S
20240305;100058;7519.5;80;9754504563;S
20240305;100058;7519.5;5;9754504564;S
20240305;100058;7519;3;9754504565;S
20240305;100058;7519;60;9754504566;S
20240305;100058;7518.5;40;9754504567;S
20240305;100058;7518;2;9754504568;S
20240305;100058;7518;1;9754504569;S
20240305;100058;7517.5;2;9754504570;S
20240305;100058;7517;20;9754504571;S
20240305;100058;7517;10;9754504572;S
20240305;100058;7516.5;200;9754504573;S
20240305;100058;7516.5;2;9754504574;S
20240305;100058;7516;15;9754504575;S
20240305;100058;7516;70;9754504576;S
20240305;100058;7515;113;9754504577;S
20240305;100059;7522.5;10;9754504606;B
20240305;100059;7522.5;10;9754504607;B
20240305;100059;7522.5;40;9754504609;B
20240305;100059;7522.5;10;9754504611;B
20240305;100059;7515.5;60;9754504639;S
20240305;100059;7515.5;10;9754504640;S
20240305;100059;7515.5;10;9754504641;S
20240305;100059;7515.5;33;9754504642;S
20240305;100059;7515.5;10;9754504643;S
20240305;100059;7515.5;10;9754504644;S
20240305;100059;7515.5;20;9754504645;S
20240305;100059;7515;276;9754504646;S
20240305;100059;7515;71;9754504647;S
20240305;100059;7523;1;9754504699;B
20240305;100059;7519;10;9754504718;S
20240305;100059;7519;40;9754504728;S
20240305;100059;7519;20;9754504760;S
20240305;100059;7519;10;9754504772;S
20240305;100100;7515.5;2;9754504832;S
20240305;100100;7521.5;1;9754505059;B
20240305;100101;7522;1;9754505196;B
20240305;100101;7521;1;9754505332;B
20240305;100101;7517;20;9754505349;S
20240305;100102;7521;9;9754505623;B
20240305;100102;7521;15;9754505624;B
20240305;100103;7520.5;10;9754505832;B
20240305;100103;7521;17;9754505833;B
20240305;100103;7521.5;80;9754505834;B
20240305;100103;7522;1;9754505835;B
20240305;100103;7522;1;9754505836;B
20240305;100103;7522.5;10;9754505837;B
20240305;100103;7524;6;9754505838;B
20240305;100103;7524;80;9754505839;B
20240305;100103;7524.5;33;9754505840;B
20240305;100103;7525;24;9754505841;B
20240305;100103;7525.5;80;9754505842;B
20240305;100103;7525.5;60;9754505843;B
20240305;100103;7527.5;10;9754505844;B
20240305;100103;7527.5;210;9754505845;B
20240305;100103;7528;300;9754505846;B
20240305;100103;7529;300;9754505847;B
20240305;100103;7529.5;200;9754505848;B
20240305;100103;7529.5;60;9754505849;B
20240305;100103;7530.5;10;9754505850;B
20240305;100103;7532;8;9754505851;B
20240305;100104;7527;4;9754506039;B
20240305;100104;7527.5;10;9754506040;B
20240305;100104;7529;1;9754506041;B
20240305;100104;7528;10;9754506109;B
20240305;100104;7528.5;13;9754506110;B
20240305;100104;7528.5;17;9754506111;B
20240305;100104;7529.5;5;9754506146;B
20240305;100105;7526.5;7;9754506225;S
20240305;100105;7529.5;33;9754506278;B
20240305;100105;7529.5;7;9754506279;B
20240305;100105;7526.5;2;9754506337;S
20240305;100107;7529.5;1;9754506726;B
20240305;100107;7527;1;9754506753;S
20240305;100107;7527;9;9754506754;S
20240305;100109;7526.5;10;9754507190;S
20240305;100109;7526;240;9754507191;S
20240305;100109;7526.5;4;9754507307;S
20240305;100109;7526.5;6;9754507396;S
20240305;100109;7526;1;9754507397;S
20240305;100109;7526.5;1;9754507433;S
20240305;100109;7526;6;9754507440;S
20240305;100109;7526;1;9754507484;S
20240305;100110;7526;3;9754507579;S
20240305;100110;7525.5;4;9754507580;S
20240305;100110;7525.5;4;9754507696;S
20240305;100111;7527.5;10;9754507858;B
20240305;100111;7528;4;9754507859;B
20240305;100112;7527;10;9754507987;S
20240305;100112;7526.5;7;9754507988;S
20240305;100112;7526.5;32;9754507989;S
20240305;100113;7528.5;5;9754508169;B
20240305;100113;7528.5;2;9754508170;B
20240305;100113;7526.5;4;9754508281;S
20240305;100114;7528.5;10;9754508383;B
20240305;100114;7528.5;20;9754508388;B
20240305;100114;7528.5;2;9754508454;B
20240305;100115;7528.5;10;9754508629;B
20240305;100115;7526.5;6;9754508653;S
20240305;100115;7528.5;6;9754508679;B
20240305;100115;7529;1;9754508680;B
20240305;100115;7529;10;9754508681;B
20240305;100115;7530;1;9754508682;B
20240305;100115;7530;7;9754508683;B
20240305;100116;7528;10;9754508798;S
20240305;100116;7527.5;10;9754508799;S
20240305;100116;7526.5;7;9754508800;S
20240305;100116;7526.5;1;9754508802;S
20240305;100116;7526.5;6;9754508850;S
20240305;100116;7528.5;123;9754508921;B
20240305;100116;7528.5;10;9754508922;B
20240305;100116;7529;33;9754508923;B
20240305;100116;7530;10;9754508924;B
20240305;100116;7530;2;9754508925;B
20240305;100116;7530;1;9754508926;B
20240305;100116;7530;1;9754508927;B
20240305;100116;7530;4;9754508952;S
20240305;100117;7531.5;10;9754509051;B
20240305;100117;7531.5;60;9754509052;B
20240305;100117;7531.5;10;9754509053;B
20240305;100117;7531.5;33;9754509054;B
20240305;100117;7532;5;9754509055;B
20240305;100117;7532.5;4;9754509056;B
20240305;100117;7533;6;9754509057;B
20240305;100117;7533.5;1;9754509058;B
20240305;100117;7534;21;9754509059;B
20240305;100117;7530;27;9754509098;S
20240305;100117;7531;1;9754509168;S
20240305;100118;7533.5;10;9754509290;B
20240305;100118;7533.5;10;9754509291;B
20240305;100119;7533;8;9754509356;B
20240305;100119;7533;10;9754509357;B
20240305;100119;7533.5;2;9754509358;B
20240305;100119;7533.5;6;9754509408;B
20240305;100119;7533.5;5;9754509431;B
20240305;100119;7531.5;10;9754509506;S
20240305;100119;7531;14;9754509507;S
20240305;100120;7531;5;9754509587;S
20240305;100120;7531;5;9754509588;S
20240305;100120;7531;10;9754509589;S
20240305;100120;7531;3;9754509657;S
20240305;100120;7531;10;9754509764;S
20240305;100120;7530.5;2;9754509765;S
20240305;100121;7530;22;9754509778;S
20240305;100122;7531.5;1;9754509982;B
20240305;100123;7530;34;9754510184;S
20240305;100123;7530;3;9754510227;S
20240305;100123;7530;95;9754510236;S
20240305;100123;7530;5;9754510243;S
20240305;100124;7532.5;3;9754510390;B
20240305;100124;7531;1;9754510393;S
20240305;100125;7530;1500;9754510715;S
20240305;100126;7530.5;1;9754510825;B
20240305;100126;7530;3;9754510872;S
20240305;100126;7530.5;9;9754510938;B
20240305;100126;7531;1;9754510939;B
20240305;100126;7531;4;9754510940;B
20240305;100126;7532;16;9754510941;B
20240305;100127;7530.5;10;9754510990;B
20240305;100127;7531;20;9754510991;B
20240305;100127;7532;9;9754510992;B
20240305;100127;7531;3;9754511053;B
20240305;100127;7531;4;9754511074;B
20240305;100128;7531;1;9754511168;B
20240305;100129;7530.5;2;9754511366;S
20240305;100129;7530.5;8;9754511370;S
20240305;100129;7530;46;9754511371;S
20240305;100130;7530;81;9754511478;S
20240305;100130;7530;19;9754511479;S
20240305;100131;7530;27;9754511644;S
20240305;100132;7531;1;9754511821;B
20240305;100134;7531;1;9754512049;B
20240305;100135;7530.5;1;9754512237;S
20240305;100135;7530.5;2;9754512285;S
20240305;100135;7530.5;2;9754512288;S
20240305;100136;7530.5;5;9754512514;S
20240305;100137;7530.5;1;9754512515;S
20240305;100140;7530.5;2;9754512964;S
20240305;100140;7531;12;9754513016;B
20240305;100140;7530.5;2;9754513032;S
20240305;100140;7530.5;2;9754513037;S
20240305;100140;7531;2;9754513080;B
20240305;100140;7531;1;9754513093;B
20240305;100140;7531;1;9754513094;B
20240305;100140;7531;3;9754513095;B
20240305;100141;7530.5;83;9754513469;S
20240305;100141;7530.5;30;9754513470;S
20240305;100141;7530.5;50;9754513471;S
20240305;100141;7530.5;150;9754513472;S
20240305;100141;7530.5;1;9754513473;S
20240305;100141;7530.5;10;9754513474;S
20240305;100141;7530;4;9754513475;S
20240305;100141;7530;1;9754513476;S
20240305;100141;7530;2;9754513477;S
20240305;100141;7530;200;9754513478;S
20240305;100141;7530;24;9754513479;S
20240305;100142;7530.5;33;9754513634;B
20240305;100143;7530.5;11;9754513771;S
20240305;100143;7530.5;1;9754513802;S
20240305;100143;7531;17;9754513882;B
20240305;100143;7530.5;8;9754513983;S
20240305;100143;7530.5;8;9754514011;S
20240305;100143;7530.5;39;9754514026;S
20240305;100143;7530;476;9754514027;S
20240305;100143;7530;13;9754514028;S
20240305;100143;7530;32;9754514029;S
20240305;100144;7530.5;10;9754514111;B
20240305;100145;7531;150;9754514318;B
20240305;100146;7531;100;9754514460;B
20240305;100146;7530;6;9754514485;S
20240305;100146;7530;6;9754514487;S
20240305;100146;7530;4;9754514526;S
20240305;100146;7530;4;9754514529;S
20240305;100146;7530;3;9754514616;S
20240305;100146;7530;3;9754514618;S
20240305;100146;7530;17;9754514651;S
20240305;100146;7530;17;9754514652;S
20240305;100147;7530;24;9754514731;S
20240305;100147;7530;24;9754514754;S
20240305;100147;7530.5;2;9754514829;B
20240305;100147;7530.5;2;9754514885;B
20240305;100148;7530;153;9754514945;S
20240305;100148;7530;15;9754514946;S
20240305;100148;7530;50;9754514947;S
20240305;100148;7530;10;9754514948;S
20240305;100148;7530;8;9754514949;S
20240305;100148;7529.5;22;9754514950;S
20240305;100148;7528;1;9754514951;S
20240305;100148;7527.5;5;9754514952;S
20240305;100148;7527.5;1;9754514953;S
20240305;100148;7527;2;9754514954;S
20240305;100148;7527;19;9754514955;S
20240305;100148;7525.5;23;9754514957;S
20240305;100148;7525.5;60;9754514958;S
20240305;100148;7525;1;9754514959;S
20240305;100148;7525;10;9754514960;S
20240305;100148;7524;6;9754514961;S
20240305;100149;7524.5;2;9754515081;S
20240305;100149;7529.5;1;9754515103;B
20240305;100150;7524;1;9754515321;S
20240305;100150;7527.5;10;9754515344;B
20240305;100150;7528;38;9754515345;B
20240305;100150;7529;1;9754515346;B
20240305;100150;7529;33;9754515347;B
20240305;100150;7529;13;9754515348;B
20240305;100150;7529;30;9754515349;B
20240305;100150;7529;1;9754515350;B
20240305;100150;7529;60;9754515351;B
20240305;100150;7529.5;100;9754515352;B
20240305;100150;7529.5;20;9754515353;B
20240305;100150;7530;364;9754515354;B
20240305;100150;7530;30;9754515355;B
20240305;100151;7523.5;8;9754515405;S
20240305;100152;7523.5;2;9754515583;S
20240305;100152;7523.5;5;9754515584;S
20240305;100153;7529.5;10;9754515697;B
20240305;100153;7529.5;2;9754515698;B
20240305;100153;7529.5;2;9754515699;B
20240305;100153;7530;10;9754515700;B
20240305;100153;7530;25;9754515701;B
20240305;100153;7530.5;16;9754515702;B
20240305;100153;7530.5;10;9754515703;B
20240305;100153;7531;25;9754515704;B
20240305;100154;7530.5;1;9754515829;B
20240305;100155;7528;1;9754516172;B
20240305;100157;7528;9;9754516407;B
20240305;100157;7528;1;9754516408;B
20240305;100157;7528;3;9754516522;B
20240305;100157;7528;4;9754516523;B
20240305;100157;7528.5;3;9754516524;B
20240305;100158;7525.5;33;9754516597;S
20240305;100158;7525.5;34;9754516598;S
20240305;100158;7528;9;9754516630;B
20240305;100159;7526.5;2;9754516986;B
20240305;100159;7526.5;15;9754516990;B
20240305;100200;7525.5;1;9754517131;S
20240305;100201;7525.5;25;9754517339;S
20240305;100201;7525.5;10;9754517340;S
20240305;100201;7525.5;10;9754517341;S
20240305;100201;7525;10;9754517342;S
20240305;100201;7525;10;9754517343;S
20240305;100201;7524;10;9754517344;S
20240305;100201;7524;2;9754517345;S
20240305;100202;7524.5;10;9754517355;B
20240305;100202;7524.5;1;9754517406;B
20240305;100202;7524.5;9;9754517498;B
20240305;100202;7525;21;9754517499;B
20240305;100203;7525;14;9754517574;B
20240305;100203;7526.5;3;9754517575;B
20240305;100203;7527.5;10;9754517576;B
20240305;100203;7528;24;9754517577;B
20240305;100203;7528;30;9754517578;B
20240305;100203;7528;10;9754517579;B
20240305;100203;7528.5;7;9754517580;B
20240305;100203;7529.5;2;9754517581;B
20240305;100203;7523.5;1;9754517668;S
20240305;100206;7525.5;1;9754518180;B
20240305;100206;7527.5;2;9754518181;B
20240305;100206;7527.5;10;9754518182;B
20240305;100206;7528;30;9754518183;B
20240305;100206;7528.5;5;9754518184;B
20240305;100206;7529;5;9754518185;B
20240305;100206;7529;50;9754518186;B
20240305;100206;7529.5;143;9754518187;B
20240305;100208;7529;10;9754518437;B
20240305;100208;7529.5;5;9754518438;B
20240305;100208;7529.5;15;9754518439;B
20240305;100208;7525.5;10;9754518454;S
20240305;100208;7525;10;9754518455;S
20240305;100208;7524.5;1;9754518464;S
20240305;100209;7525;12;9754518514;B
20240305;100209;7525;15;9754518585;B
20240305;100209;7524.5;9;9754518590;S
20240305;100209;7524;1;9754518591;S
20240305;100210;7525;20;9754518738;B
20240305;100210;7525;1;9754518866;B
20240305;100212;7525;3;9754519120;B
20240305;100212;7524.5;15;9754519158;S
20240305;100212;7525;200;9754519206;B
20240305;100213;7525;2;9754519289;B
20240305;100214;7524;1;9754519387;S
20240305;100214;7524;10;9754519388;S
20240305;100214;7523.5;1;9754519389;S
20240305;100215;7525;16;9754519645;B
20240305;100215;7525;1;9754519658;B
20240305;100217;7525;2;9754520012;B
20240305;100218;7525;5;9754520170;B
20240305;100219;7525;2;9754520222;B
20240305;100220;7524.5;1;9754520331;S
20240305;100221;7524.5;2;9754520556;S
20240305;100221;7524.5;1;9754520557;S
20240305;100221;7525;3;9754520713;B
20240305;100222;7525;3;9754520767;B
20240305;100222;7525;100;9754520834;B
20240305;100224;7525;5;9754521020;B
20240305;100224;7525;50;9754521047;B
20240305;100224;7525;1;9754521073;B
20240305;100225;7525;20;9754521216;B
20240305;100225;7525;19;9754521218;B
20240305;100228;7525;1;9754521804;B
20240305;100228;7525;7;9754521805;B
20240305;100229;7525.5;15;9754521913;B
20240305;100229;7525.5;1;9754521914;B
20240305;100229;7527.5;1;9754521915;B
20240305;100230;7525;10;9754522018;S
20240305;100230;7525.5;3;9754522022;S
20240305;100230;7527.5;3;9754522091;B
20240305;100231;7527.5;1;9754522335;B
20240305;100232;7525.5;7;9754522453;S
20240305;100232;7525.5;3;9754522454;S
20240305;100234;7527.5;2;9754522906;B
20240305;100234;7527.5;1;9754522907;B
20240305;100234;7528;1;9754522908;B
20240305;100234;7528;2;9754522909;B
20240305;100235;7527;10;9754522995;B
20240305;100235;7528;1;9754522996;B
20240305;100235;7528.5;6;9754522997;B
20240305;100235;7528.5;2;9754522998;B
20240305;100235;7528.5;10;9754522999;B
20240305;100235;7529;1;9754523000;B
20240305;100235;7525.5;10;9754523018;S
20240305;100236;7525.5;10;9754523162;S
20240305;100236;7525;3;9754523163;S
20240305;100238;7525.5;10;9754523413;S
20240305;100238;7525;37;9754523414;S
20240305;100238;7525;69;9754523415;S
20240305;100238;7525;10;9754523416;S
20240305;100238;7525;24;9754523417;S
20240305;100238;7527.5;2;9754523451;B
20240305;100239;7525.5;10;9754523663;S
20240305;100239;7525;7;9754523664;S
20240305;100239;7525;4;9754523665;S
20240305;100239;7526.5;3;9754523684;B
20240305;100239;7527.5;7;9754523685;B
20240305;100241;7527;1;9754524161;B
20240305;100244;7527.5;4;9754524510;B
20240305;100244;7527.5;1;9754524511;B
20240305;100244;7527.5;3;9754524512;B
20240305;100245;7527.5;3;9754524640;B
20240305;100246;7528;2;9754524812;B
20240305;100248;7528;8;9754525197;B
20240305;100248;7528.5;50;9754525198;B
20240305;100248;7528.5;3;9754525199;B
20240305;100248;7529;39;9754525200;B
20240305;100249;7528.5;10;9754525295;B
20240305;100249;7529;60;9754525296;B
20240305;100249;7529;10;9754525297;B
20240305;100249;7529;1;9754525299;B
20240305;100249;7529;1;9754525300;B
20240305;100249;7529;5;9754525329;B
20240305;100250;7527;15;9754525410;S
20240305;100250;7527;10;9754525411;S
20240305;100250;7526.5;2;9754525452;S
20240305;100250;7526.5;10;9754525483;S
20240305;100250;7527;1;9754525611;S
20240305;100251;7528.5;10;9754525685;B
20240305;100251;7528.5;2;9754525686;B
20240305;100251;7528.5;18;9754525687;B
20240305;100251;7528;10;9754525768;B
20240305;100251;7528;1;9754525770;S
20240305;100253;7528;30;9754526219;S
20240305;100254;7528.5;10;9754526291;B
20240305;100254;7529;4;9754526292;B
20240305;100254;7529;1;9754526293;B
20240305;100254;7529;1;9754526294;B
20240305;100254;7529;1;9754526295;B
20240305;100254;7529;33;9754526296;B
20240305;100254;7529.5;10;9754526297;B
20240305;100254;7529.5;40;9754526298;B
20240305;100254;7529.5;2;9754526319;B
20240305;100257;7528;1;9754526898;S
20240305;100258;7528;8;9754527033;S
20240305;100258;7528;6;9754527034;S
20240305;100259;7528;3;9754527221;S
20240305;100259;7528;10;9754527263;S
20240305;100300;7528;4;9754527528;S
20240305;100301;7529;1;9754527968;B
20240305;100302;7529;2;9754528176;B
20240305;100302;7529;11;9754528186;B
20240305;100302;7529;10;9754528187;B
20240305;100302;7529.5;7;9754528188;B
20240305;100302;7530;30;9754528189;B
20240305;100302;7530;1;9754528190;B
20240305;100302;7530;100;9754528191;B
20240305;100302;7530;25;9754528192;B
20240305;100302;7530;1;9754528193;B
20240305;100302;7530;3;9754528194;B
20240305;100302;7530;50;9754528195;B
20240305;100302;7530;50;9754528196;B
20240305;100302;7530;1;9754528197;B
20240305;100302;7530;42;9754528198;B
20240305;100302;7530;1;9754528199;B
20240305;100302;7530;20;9754528200;B
20240305;100302;7530;49;9754528201;B
20240305;100302;7530;400;9754528202;B
20240305;100302;7530;60;9754528203;B
20240305;100302;7530.5;1;9754528204;B
20240305;100302;7530.5;10;9754528205;B
20240305;100302;7530.5;319;9754528206;B
20240305;100305;7530;3;9754528811;B
20240305;100305;7530;4;9754528812;B
20240305;100305;7530;2;9754529545;B
20240305;100306;7530;1;9754529634;B
20240305;100306;7530;4;9754529635;B
20240305;100306;7530;1;9754529832;B
20240305;100306;7530;3;9754529847;B
20240305;100306;7530;5;9754529848;B
20240305;100306;7530;2;9754529849;B
20240305;100308;7530.5;15;9754530275;B
20240305;100308;7530;10;9754530282;S
20240305;100308;7529.5;3;9754530283;S
20240305;100308;7528.5;12;9754530284;S
20240305;100308;7528;25;9754530285;S
20240305;100309;7528.5;4;9754530631;S
20240305;100310;7528.5;6;9754530693;S
20240305;100310;7528;3;9754530694;S
20240305;100310;7528;2;9754530695;S
20240305;100310;7528.5;3;9754530734;S
20240305;100310;7528.5;2;9754530798;S
20240305;100310;7529.5;1;9754530815;B
20240305;100311;7528.5;5;9754530979;S
20240305;100311;7528;5;9754530980;S
20240305;100313;7528.5;2;9754531580;S
20240305;100316;7529;10;9754532034;B
20240305;100316;7528.5;4;9754534166;S
20240305;100318;7529.5;3;9754535790;B
20240305;100318;7530;7;9754535791;B
20240305;100318;7530;3;9754535792;B
20240305;100318;7530;3;9754535793;B
20240305;100318;7530;15;9754535794;B
20240305;100318;7530;1;9754535795;B
20240305;100318;7530;2;9754535796;B
20240305;100318;7530.5;72;9754535797;B
20240305;100320;7529;7;9754536192;S
20240305;100322;7529.5;1;9754536641;B
20240305;100323;7529.5;1;9754536663;B
20240305;100323;7529.5;1;9754536776;B
20240305;100324;7529;6;9754536878;S
20240305;100324;7529.5;3;9754536914;B
20240305;100325;7529.5;22;9754537304;B
20240305;100325;7530;1;9754537305;B
20240305;100325;7530;1;9754537306;B
20240305;100325;7530;3;9754537307;B
20240305;100325;7530;7;9754537308;B
20240305;100325;7530.5;24;9754537309;B
20240305;100327;7529;1;9754537497;S
20240305;100327;7530;7;9754537683;B
20240305;100327;7530;2;9754537684;B
20240305;100327;7530;16;9754537685;B
20240305;100328;7529;6;9754537786;S
20240305;100328;7529;1;9754537787;S
20240305;100328;7529.5;1;9754537882;B
20240305;100331;7529.5;6;9754538291;B
20240305;100331;7529.5;4;9754538292;B
20240305;100335;7529.5;1;9754539037;B
20240305;100335;7529.5;2;9754539155;B
20240305;100336;7529.5;10;9754539177;B
20240305;100336;7529.5;2;9754539178;B
20240305;100336;7530;1;9754539179;B
20240305;100336;7530;1;9754539180;B
20240305;100336;7530;3;9754539181;B
20240305;100337;7529.5;5;9754539493;S
20240305;100337;7530;1;9754539507;B
20240305;100338;7530;7;9754539556;B
20240305;100338;7530;1;9754539557;B
20240305;100338;7530;1;9754539600;S
20240305;100339;7530;3;9754539736;S
20240305;100340;7530.5;1;9754539963;B
20240305;100340;7530;2;9754539977;S
20240305;100341;7530;15;9754540118;S
20240305;100341;7530.5;15;9754540125;B
20240305;100341;7530.5;5;9754540147;B
20240305;100342;7530.5;61;9754540432;B
20240305;100343;7530;3;9754540625;S
20240305;100344;7530.5;1;9754540735;B
20240305;100345;7530.5;862;9754540845;B
20240305;100345;7530.5;6;9754540846;B
20240305;100345;7530.5;25;9754540847;B
20240305;100345;7531;97;9754540848;B
20240305;100345;7530.5;10;9754540941;S
20240305;100345;7530.5;40;9754540942;S
20240305;100345;7530;68;9754540943;S
20240305;100345;7530;147;9754540944;S
20240305;100347;7530.5;40;9754541240;S
20240305;100347;7530;3;9754541241;S
20240305;100347;7530;4;9754541242;S
20240305;100347;7530;200;9754541243;S
20240305;100347;7529.5;25;9754541244;S
20240305;100347;7529.5;9;9754541245;S
20240305;100347;7529.5;8;9754541246;S
20240305;100347;7529.5;10;9754541247;S
20240305;100347;7529;3;9754541248;S
20240305;100347;7529;1;9754541249;S
20240305;100347;7529;15;9754541250;S
20240305;100347;7529;5;9754541251;S
20240305;100347;7529;44;9754541252;S
20240305;100347;7529;10;9754541253;S
20240305;100347;7528;5;9754541254;S
20240305;100347;7528;25;9754541255;S
20240305;100347;7528;3;9754541256;S
20240305;100347;7528;1;9754541257;S
20240305;100347;7527.5;63;9754541258;S
20240305;100347;7528.5;2;9754541516;B
20240305;100347;7530;8;9754541517;B
20240305;100347;7530;2;9754541518;B
20240305;100347;7530.5;10;9754541519;B
20240305;100347;7530.5;1;9754541520;B
20240305;100347;7530.5;7;9754541521;B
20240305;100347;7528;40;9754541532;S
20240305;100347;7527.5;37;9754541533;S
20240305;100347;7527.5;8;9754541534;S
20240305;100347;7527.5;10;9754541535;S
20240305;100347;7528;1;9754541546;S
20240305;100347;7529.5;1;9754541607;B
20240305;100348;7529.5;9;9754541649;B
20240305;100348;7530;1;9754541650;B
20240305;100348;7529;10;9754541713;S
20240305;100348;7529;10;9754541729;S
20240305;100348;7528;3;9754541730;S
20240305;100348;7529.5;10;9754541825;B
20240305;100348;7529.5;90;9754541826;S
20240305;100348;7529;8;9754541827;S
20240305;100348;7529;10;9754541828;S
20240305;100349;7530;4;9754541954;B
20240305;100350;7530;29;9754542152;B
20240305;100350;7530;10;9754542153;B
20240305;100350;7530;10;9754542154;B
20240305;100350;7530.5;8;9754542155;B
20240305;100350;7530.5;60;9754542156;B
20240305;100350;7531;8;9754542157;B
20240305;100350;7531;1;9754542158;B
20240305;100350;7531;10;9754542159;B
20240305;100350;7531;15;9754542160;B
20240305;100350;7531;77;9754542161;B
20240305;100350;7531;50;9754542162;S
20240305;100350;7531;50;9754542163;S
20240305;100350;7531;50;9754542164;S
20240305;100350;7531;50;9754542165;S
20240305;100350;7531;50;9754542167;S
20240305;100350;7531;50;9754542169;S
20240305;100350;7531;50;9754542170;S
20240305;100353;7531;122;9754542541;S
20240305;100353;7530.5;6;9754542542;S
20240305;100354;7531;10;9754542699;B
20240305;100354;7531;3;9754542700;B
20240305;100354;7529.5;3;9754542734;S
20240305;100354;7529;1;9754542735;S
20240305;100356;7529;2;9754543028;S
20240305;100356;7529;1;9754543029;S
20240305;100356;7528.5;1;9754543030;S
20240305;100357;7530;2;9754543255;B
20240305;100357;7530;8;9754543408;B
20240305;100358;7530;10;9754543565;B
20240305;100358;7530.5;12;9754543566;B
20240305;100358;7530.5;1;9754543567;B
20240305;100358;7530.5;8;9754543568;B
20240305;100358;7531;3;9754543569;B
20240305;100358;7530.5;6;9754543752;B
20240305;100404;7528.5;2;9754544689;S
20240305;100404;7528;8;9754544690;S
20240305;100404;7527.5;8;9754544691;S
20240305;100404;7527.5;6;9754544692;S
20240305;100405;7529;6;9754544825;B
20240305;100405;7527.5;4;9754544872;S
20240305;100405;7527.5;2;9754544874;S
20240305;100406;7529;10;9754545140;B
20240305;100406;7529.5;4;9754545141;B
20240305;100406;7530;10;9754545142;B
20240305;100406;7530;40;9754545143;B
20240305;100406;7530;28;9754545144;B
20240305;100406;7530;1;9754545145;B
20240305;100406;7530.5;250;9754545146;B
20240305;100406;7530.5;10;9754545147;B
20240305;100406;7530.5;10;9754545148;B
20240305;100406;7530.5;1;9754545149;B
20240305;100406;7530.5;1;9754545150;B
20240305;100406;7531;5;9754545151;B
20240305;100406;7531;2;9754545152;B
20240305;100406;7531;1;9754545153;B
20240305;100406;7531;30;9754545154;B
20240305;100406;7531;30;9754545155;B
20240305;100406;7531.5;50;9754545156;B
20240305;100406;7531.5;9;9754545157;B
20240305;100406;7531.5;1;9754545158;B
20240305;100406;7531.5;60;9754545159;B
20240305;100406;7532;40;9754545160;B
20240305;100406;7532;20;9754545161;B
20240305;100406;7532;2;9754545162;B
20240305;100406;7532;1;9754545163;B
20240305;100406;7532;19;9754545164;B
20240305;100408;7531;10;9754545377;B
20240305;100408;7530;5;9754545397;S
20240305;100409;7529.5;1;9754545630;B
20240305;100411;7529.5;39;9754545956;B
20240305;100411;7530;9;9754545957;B
20240305;100411;7530;2;9754545958;B
20240305;100412;7530;7;9754546003;B
20240305;100413;7529.5;10;9754546338;B
20240305;100414;7529.5;1;9754546455;B
20240305;100414;7529.5;29;9754546512;B
20240305;100414;7529.5;7;9754546513;B
20240305;100414;7530;21;9754546514;B
20240305;100414;7530;50;9754546515;B
20240305;100414;7530.5;229;9754546516;B
20240305;100414;7530.5;12;9754546517;B
20240305;100414;7531;1;9754546518;B
20240305;100414;7531;5;9754546519;B
20240305;100414;7531.5;2;9754546520;B
20240305;100414;7531.5;5;9754546521;B
20240305;100414;7531.5;2;9754546522;B
20240305;100414;7530.5;5;9754546523;S
20240305;100414;7532;75;9754546524;B
20240305;100414;7532;161;9754546525;B
20240305;100414;7532;9;9754546526;B
20240305;100414;7531.5;40;9754546527;B
20240305;100414;7532;3;9754546528;B
20240305;100414;7532;2;9754546529;B
20240305;100414;7532;117;9754546530;B
20240305;100414;7532;28;9754546531;B
20240305;100414;7532;20;9754546532;B
20240305;100415;7532;50;9754546634;B
20240305;100415;7532;1;9754546643;B
20240305;100415;7532;1;9754546683;B
20240305;100415;7532;4;9754546748;B
20240305;100415;7532;1;9754546749;B
20240305;100415;7532;1;9754546750;B
20240305;100415;7532;100;9754546766;B
20240305;100416;7532;50;9754546789;B
20240305;100416;7532;1;9754546790;B
20240305;100416;7532;2;9754546791;B
20240305;100416;7532;4;9754546792;B
20240305;100416;7532;17;9754546845;B
20240305;100416;7532;284;9754546846;B
20240305;100416;7532;50;9754546847;B
20240305;100416;7532;1;9754546848;B
20240305;100416;7532;1;9754546849;B
20240305;100416;7532;1;9754546850;B
20240305;100416;7532;2;9754546851;B
20240305;100416;7532;120;9754546852;B
20240305;100416;7533;1;9754546853;B
20240305;100416;7533;15;9754546854;B
20240305;100416;7533;1;9754546855;B
20240305;100416;7533;2;9754546856;B
20240305;100416;7534;16;9754546865;B
20240305;100416;7534;13;9754546866;B
20240305;100416;7534;1;9754546867;B
20240305;100416;7533.5;10;9754546868;S
20240305;100416;7533;40;9754546869;S
20240305;100416;7533;50;9754546870;S
20240305;100416;7533;50;9754546871;S
20240305;100416;7534;3;9754546873;B
20240305;100416;7534;3;9754546874;B
20240305;100416;7533.5;10;9754546875;S
20240305;100416;7533;40;9754546876;S
20240305;100416;7533.5;13;9754546880;S
20240305;100416;7533.5;10;9754546881;S
20240305;100416;7533;27;9754546882;S
20240305;100416;7534;13;9754546889;B
20240305;100416;7534;19;9754546890;B
20240305;100416;7534;6;9754546891;B
20240305;100416;7534;2;9754546892;B
20240305;100416;7534.5;1;9754546893;B
20240305;100416;7534.5;5;9754546894;B
20240305;100416;7535;54;9754546895;B
20240305;100416;7535;40;9754546912;B
20240305;100416;7533.5;10;9754546913;S
20240305;100416;7533.5;40;9754546914;S
20240305;100416;7534;4;9754546929;S
20240305;100416;7534;10;9754546930;S
20240305;100416;7533.5;40;9754546931;S
20240305;100416;7533.5;10;9754546932;S
20240305;100416;7533.5;10;9754546933;S
20240305;100416;7533.5;20;9754546934;B
20240305;100416;7534;16;9754546935;B
20240305;100416;7534;24;9754546936;B
20240305;100416;7534;6;9754546975;B
20240305;100416;7535;8;9754546976;B
20240305;100416;7535;15;9754546977;B
20240305;100416;7535;3;9754546978;B
20240305;100416;7535;2;9754546979;B
20240305;100416;7535;1;9754546980;B
20240305;100416;7535;1;9754546981;B
20240305;100416;7535;3;9754546982;B
20240305;100416;7535;1;9754546983;B
20240305;100416;7535;10;9754546984;B
20240305;100417;7535;4;9754547049;B
20240305;100417;7535;1;9754547120;B
20240305;100417;7535;1;9754547167;B
20240305;100418;7535;20;9754547181;B
20240305;100418;7535;14;9754547245;B
20240305;100418;7535;40;9754547246;B
20240305;100418;7535;7;9754547247;B
20240305;100418;7535;5;9754547248;B
20240305;100418;7535;10;9754547249;B
20240305;100418;7535;1;9754547250;B
20240305;100418;7535;1;9754547251;B
20240305;100418;7535;4;9754547252;B
20240305;100418;7535;13;9754547253;B
20240305;100418;7535;1;9754547254;B
20240305;100418;7535;404;9754547255;B
20240305;100418;7535;96;9754547298;B
20240305;100418;7536;1;9754547357;B
20240305;100419;7535.5;2;9754547364;S
20240305;100419;7535.5;1;9754547365;S
20240305;100419;7535;4;9754547366;S
20240305;100419;7535;8;9754547367;S
20240305;100419;7536;1;9754547375;B
20240305;100419;7536;10;9754547385;B
20240305;100419;7536;1;9754547482;B
20240305;100419;7536;1;9754547513;B
20240305;100419;7535.5;1;9754547552;S
20240305;100419;7535;4;9754547553;S
20240305;100419;7535;1;9754547554;S
20240305;100419;7535;5;9754547555;S
20240305;100419;7534.5;2;9754547556;S
20240305;100419;7534.5;5;9754547557;S
20240305;100419;7534.5;5;9754547558;S
20240305;100419;7534.5;1;9754547559;S
20240305;100419;7534.5;10;9754547560;S
20240305;100419;7534;2;9754547561;S
20240305;100419;7534;4;9754547562;S
20240305;100419;7534;13;9754547563;S
20240305;100419;7533.5;5;9754547564;S
20240305;100419;7533.5;10;9754547565;S
20240305;100419;7533.5;7;9754547566;S
20240305;100419;7533;20;9754547567;S
20240305;100420;7535.5;33;9754547628;B
20240305;100420;7535.5;10;9754547629;B
20240305;100420;7536;113;9754547630;B
20240305;100420;7536;50;9754547631;B
20240305;100420;7536.5;10;9754547632;B
20240305;100420;7536.5;10;9754547633;B
20240305;100420;7536.5;12;9754547634;B
20240305;100420;7537;1;9754547635;B
20240305;100420;7537;1;9754547636;B
20240305;100420;7537;50;9754547637;B
20240305;100420;7537;9;9754547638;B
20240305;100420;7537;2;9754547639;B
20240305;100420;7537;20;9754547640;B
20240305;100420;7537;20;9754547641;B
20240305;100420;7537.5;159;9754547642;B
20240305;100420;7537;10;9754547683;B
20240305;100420;7537;33;9754547684;B
20240305;100420;7537;10;9754547685;B
20240305;100420;7537.5;21;9754547686;B
20240305;100420;7537.5;130;9754547687;B
20240305;100420;7537.5;46;9754547688;B
20240305;100420;7534.5;1;9754547751;B
20240305;100421;7536;20;9754547783;S
20240305;100421;7537;1;9754547785;B
20240305;100421;7536.5;40;9754547792;S
20240305;100421;7536;10;9754547851;S
20240305;100421;7536.5;10;9754547883;B
20240305;100421;7537.5;124;9754547884;B
20240305;100421;7538;3;9754547885;B
20240305;100421;7538;2;9754547886;B
20240305;100421;7538;5;9754547887;B
20240305;100421;7538;50;9754547888;B
20240305;100421;7538;1;9754547889;B
20240305;100421;7538;12;9754547890;B
20240305;100421;7538;10;9754547891;B
20240305;100421;7538.5;6;9754547892;B
20240305;100421;7539;1;9754547893;B
20240305;100421;7539;2;9754547894;B
20240305;100421;7539;5;9754547895;B
20240305;100421;7539;1;9754547896;B
20240305;100421;7539;99;9754547897;B
20240305;100421;7539;1;9754547898;B
20240305;100421;7539;125;9754547899;B
20240305;100421;7539;10;9754547900;B
20240305;100421;7539;1;9754547901;B
20240305;100421;7539;10;9754547902;B
20240305;100421;7539;22;9754547903;B
20240305;100421;7539;1;9754547907;B
20240305;100422;7539;19;9754547991;B
20240305;100422;7539;10;9754547992;B
20240305;100422;7539.5;64;9754547993;B
20240305;100422;7539.5;2;9754547994;B
20240305;100422;7539.5;1;9754547995;B
20240305;100422;7539.5;1;9754547996;B
20240305;100422;7539.5;25;9754547997;B
20240305;100422;7539.5;1;9754547998;B
20240305;100422;7539.5;80;9754547999;B
20240305;100422;7539.5;10;9754548000;B
20240305;100422;7540;1;9754548001;B
20240305;100422;7540;10;9754548002;B
20240305;100422;7540;10;9754548003;B
20240305;100422;7540;3;9754548004;B
20240305;100422;7540;3;9754548005;B
20240305;100422;7540;10;9754548006;B
20240305;100422;7539.5;5;9754548010;B
20240305;100422;7537.5;1;9754548038;S
20240305;100422;7539.5;5;9754548093;B
20240305;100422;7539.5;3;9754548094;B
20240305;100422;7539.5;3;9754548109;B
20240305;100422;7539.5;10;9754548110;B
20240305;100422;7540;37;9754548111;B
20240305;100422;7539;1;9754548121;S
20240305;100422;7539;1;9754548127;B
20240305;100422;7539;28;9754548137;B
20240305;100422;7539;30;9754548138;B
20240305;100422;7539.5;10;9754548139;B
20240305;100422;7540;12;9754548140;B
20240305;100422;7539.5;1;9754548142;B
20240305;100422;7538.5;2;9754548159;S
20240305;100422;7538.5;8;9754548160;S
20240305;100422;7538;1;9754548161;S
20240305;100422;7538;1;9754548162;S
20240305;100422;7538;12;9754548163;S
20240305;100422;7538;1;9754548164;S
20240305;100422;7538;10;9754548165;S
20240305;100422;7537.5;80;9754548166;S
20240305;100422;7537.5;21;9754548167;S
20240305;100422;7537.5;3;9754548169;S
20240305;100422;7537.5;1;9754548170;S
20240305;100423;7538;3;9754548172;B
20240305;100423;7539;10;9754548173;B
20240305;100423;7539.5;2;9754548174;B
20240305;100423;7539.5;5;9754548175;B
20240305;100423;7539.5;2;9754548179;B
20240305;100423;7539;7;9754548219;S
20240305;100423;7539.5;3;9754548224;B
20240305;100423;7539.5;10;9754548225;B
20240305;100423;7540;3;9754548226;B
20240305;100423;7540;4;9754548227;B
20240305;100423;7539.5;10;9754548234;B
20240305;100423;7539.5;10;9754548235;B
20240305;100423;7539.5;5;9754548289;B
20240305;100423;7539.5;40;9754548332;B
20240305;100423;7540;11;9754548333;B
20240305;100423;7540;7;9754548334;B
20240305;100423;7540;1;9754548335;B
20240305;100423;7540;1;9754548336;B
20240305;100423;7540;5;9754548337;B
20240305;100423;7540;3;9754548338;B
20240305;100423;7540;1;9754548339;B
20240305;100423;7540;1;9754548340;B
20240305;100423;7540;4;9754548341;B
20240305;100423;7540;26;9754548342;B
20240305;100423;7539;3;9754548361;S
20240305;100423;7539;10;9754548362;S
20240305;100423;7539;1;9754548363;S
20240305;100424;7539;10;9754548367;B
20240305;100424;7538.5;1;9754548420;S
20240305;100424;7538;5;9754548421;S
20240305;100424;7537.5;4;9754548422;S
20240305;100424;7538.5;1;9754548457;B
20240305;100424;7538.5;39;9754548468;B
20240305;100424;7538.5;11;9754548469;B
20240305;100424;7539;1;9754548481;B
20240305;100424;7539;10;9754548482;B
20240305;100425;7538.5;10;9754548553;S
20240305;100425;7538.5;1;9754548593;S
20240305;100425;7538;1;9754548610;S
20240305;100425;7539;4;9754548660;B
20240305;100427;7539;1;9754548971;B
20240305;100427;7539;9;9754548972;B
20240305;100427;7539;24;9754548975;B
20240305;100427;7539.5;11;9754548976;B
20240305;100427;7539.5;10;9754548977;B
20240305;100427;7540;12;9754548978;B
20240305;100428;7539.5;10;9754549071;S
20240305;100428;7539.5;10;9754549072;S
20240305;100428;7539.5;10;9754549073;S
20240305;100429;7539;1;9754549197;S
20240305;100429;7539;5;9754549221;S
20240305;100429;7539.5;5;9754549255;B
20240305;100429;7539.5;15;9754549263;B
20240305;100429;7539.5;6;9754549264;B
20240305;100429;7539;5;9754549289;S
20240305;100432;7539;1;9754549630;S
20240305;100432;7539.5;1;9754549648;B
20240305;100432;7539;17;9754549748;S
20240305;100432;7539;10;9754549749;S
20240305;100432;7539;2;9754549750;S
20240305;100432;7539;10;9754549751;S
20240305;100432;7539;10;9754549752;S
20240305;100432;7539;1;9754549753;S
20240305;100432;7539;1;9754549754;S
20240305;100432;7539;10;9754549755;S
20240305;100432;7539;1;9754549756;S
20240305;100432;7539;8;9754549757;S
20240305;100432;7539;1;9754549758;S
20240305;100433;7539;9;9754549789;B
20240305;100433;7539;30;9754549790;B
20240305;100433;7539;30;9754549791;B
20240305;100433;7539;10;9754549792;B
20240305;100433;7539.5;43;9754549793;B
20240305;100433;7539.5;11;9754549794;B
20240305;100433;7539.5;10;9754549795;B
20240305;100433;7540;62;9754549796;B
20240305;100433;7540;31;9754549797;B
20240305;100433;7540;20;9754549798;B
20240305;100433;7540;13;9754549799;B
20240305;100433;7540;10;9754549800;B
20240305;100433;7540;2;9754549801;B
20240305;100433;7540;80;9754549802;B
20240305;100433;7540;1;9754549803;B
20240305;100433;7540;2;9754549804;B
20240305;100433;7540;5;9754549805;B
20240305;100433;7540;5;9754549806;B
20240305;100433;7540;40;9754549807;B
20240305;100433;7540;1;9754549808;B
20240305;100433;7540;7;9754549809;B
20240305;100433;7540;1;9754549810;B
20240305;100433;7540;1;9754549811;B
20240305;100433;7540;3;9754549812;B
20240305;100433;7540;17;9754549813;B
20240305;100433;7540;1;9754549814;B
20240305;100433;7540;15;9754549815;B
20240305;100433;7540;22;9754549816;B
20240305;100433;7540;4;9754549817;B
20240305;100433;7540;3;9754549818;B
20240305;100433;7540;2;9754549819;B
20240305;100433;7540;6;9754549820;B
20240305;100433;7540;5;9754549821;B
20240305;100433;7540;1;9754549822;B
20240305;100433;7540;1;9754549823;B
20240305;100433;7540;3;9754549824;B
20240305;100433;7540;7;9754549825;B
20240305;100433;7540;2;9754549826;B
20240305;100433;7540;1;9754549827;B
20240305;100433;7540;13;9754549828;B
20240305;100433;7540;12;9754549829;B
20240305;100433;7540;3;9754549830;B
20240305;100433;7540;1;9754549831;B
20240305;100433;7540;1;9754549832;B
20240305;100433;7540;1;9754549833;B
20240305;100433;7540;1;9754549834;B
20240305;100433;7540;1;9754549835;B
20240305;100433;7540;2;9754549836;B
20240305;100433;7540;2;9754549837;B
20240305;100433;7540;12;9754549838;B
20240305;100433;7540;2;9754549839;B
20240305;100433;7540;1;9754549840;B
20240305;100433;7540;10;9754549841;B
20240305;100433;7540;15;9754549842;B
20240305;100433;7540;10;9754549843;B
20240305;100433;7540;196;9754549844;B
20240305;100433;7540;100;9754549934;B
20240305;100433;7540;5;9754549968;B
20240305;100434;7540;1;9754549977;B
20240305;100434;7540;47;9754550115;B
20240305;100434;7540;33;9754550116;B
20240305;100434;7540;10;9754550117;B
20240305;100434;7540;30;9754550118;B
20240305;100435;7539.5;4;9754550271;S
20240305;100435;7539.5;6;9754550338;S
20240305;100435;7539.5;10;9754550339;S
20240305;100435;7539.5;34;9754550340;S
20240305;100435;7540;6;9754550379;B
20240305;100436;7540;15;9754550464;B
20240305;100436;7540;35;9754550468;B
20240305;100436;7540;1;9754550469;B
20240305;100436;7540;1;9754550470;B
20240305;100436;7540;11;9754550471;B
20240305;100436;7540;30;9754550472;S
20240305;100436;7540;30;9754550473;S
20240305;100436;7540.5;5;9754550486;B
20240305;100436;7540.5;1;9754550487;B
20240305;100436;7540.5;4;9754550488;B
20240305;100436;7540.5;7;9754550548;S
20240305;100436;7540.5;3;9754550584;S
20240305;100436;7540.5;7;9754550585;S
20240305;100436;7540.5;1;9754550590;S
20240305;100436;7541;1;9754550642;B
20240305;100436;7541;1;9754550643;B
20240305;100436;7541;48;9754550644;B
20240305;100436;7541;7;9754550647;B
20240305;100436;7542;10;9754550648;B
20240305;100436;7542;3;9754550649;B
20240305;100436;7541;10;9754550650;S
20240305;100436;7540.5;30;9754550652;S
20240305;100436;7540.5;10;9754550653;S
20240305;100436;7540.5;10;9754550654;S
20240305;100436;7540.5;2;9754550657;B
20240305;100436;7540.5;8;9754550675;B
20240305;100436;7540.5;12;9754550676;B
20240305;100437;7540.5;18;9754550720;B
20240305;100437;7540.5;10;9754550721;B
20240305;100437;7541;10;9754550722;B
20240305;100437;7541;33;9754550723;B
20240305;100437;7541.5;10;9754550724;B
20240305;100437;7542;11;9754550725;B
20240305;100437;7540.5;10;9754550745;S
20240305;100437;7540.5;31;9754550746;S
20240305;100437;7542;4;9754550772;B
20240305;100437;7541;1;9754550846;B
20240305;100437;7542;10;9754550865;B
20240305;100438;7541.5;5;9754550872;S
20240305;100438;7541.5;5;9754550883;B
20240305;100438;7542;20;9754550884;B
20240305;100439;7541.5;5;9754551033;S
20240305;100439;7541.5;5;9754551034;S
20240305;100439;7542;3;9754551090;B
20240305;100439;7542;2;9754551091;B
20240305;100439;7542;1;9754551092;B
20240305;100439;7542;44;9754551093;B
20240305;100439;7541.5;5;9754551158;S
20240305;100439;7541.5;5;9754551159;S
20240305;100440;7542;56;9754551236;B
20240305;100440;7542;2;9754551237;B
20240305;100440;7542;1;9754551238;B
20240305;100440;7542;10;9754551239;B
20240305;100440;7542.5;10;9754551240;B
20240305;100440;7542.5;8;9754551241;B
20240305;100440;7542.5;40;9754551242;B
20240305;100440;7543;1;9754551243;B
20240305;100440;7543;100;9754551244;B
20240305;100440;7543;33;9754551245;B
20240305;100440;7543;10;9754551246;B
20240305;100440;7543.5;1;9754551247;B
20240305;100440;7543.5;10;9754551248;B
20240305;100440;7543.5;60;9754551249;B
20240305;100440;7544;4;9754551250;B
20240305;100440;7544;2;9754551251;B
20240305;100440;7544;30;9754551252;B
20240305;100440;7544;1;9754551253;B
20240305;100440;7544;1;9754551254;B
20240305;100440;7544;10;9754551255;B
20240305;100440;7544;70;9754551256;B
20240305;100440;7544.5;10;9754551257;B
20240305;100440;7544.5;30;9754551258;B
20240305;100440;7542;10;9754551259;S
20240305;100440;7542;10;9754551260;B
20240305;100440;7541.5;1;9754551289;S
20240305;100440;7541.5;1;9754551308;S
20240305;100440;7542;2;9754551309;B
20240305;100440;7541.5;1;9754551310;S
20240305;100440;7541.5;2;9754551314;S
20240305;100440;7541.5;1;9754551315;S
20240305;100440;7542;1;9754551328;B
20240305;100440;7542;6;9754551336;B
20240305;100440;7541.5;1;9754551337;S
20240305;100443;7541.5;3;9754551681;S
20240305;100443;7541.5;2;9754551713;S
20240305;100443;7541.5;10;9754551714;S
20240305;100443;7541.5;10;9754551715;S
20240305;100443;7541.5;5;9754551716;S
20240305;100443;7541;29;9754551717;S
20240305;100443;7541;2;9754551718;S
20240305;100443;7541;10;9754551719;S
20240305;100443;7541;11;9754551720;S
20240305;100443;7541;30;9754551721;S
20240305;100443;7541;1;9754551722;S
20240305;100443;7540.5;1;9754551723;S
20240305;100443;7541;3;9754551726;B
20240305;100443;7541;1;9754551771;B
20240305;100445;7540.5;1;9754552102;S
20240305;100445;7540.5;1;9754552103;S
20240305;100445;7540.5;1;9754552104;S
20240305;100445;7540.5;5;9754552105;S
20240305;100445;7540.5;1;9754552106;S
20240305;100445;7540.5;10;9754552107;S
20240305;100445;7540.5;10;9754552108;S
20240305;100445;7540;892;9754552109;S
20240305;100445;7540;11;9754552110;S
20240305;100445;7539;30;9754552111;S
20240305;100445;7539;100;9754552112;S
20240305;100445;7539;5;9754552113;S
20240305;100445;7538.5;10;9754552114;S
20240305;100445;7538.5;10;9754552115;S
20240305;100445;7538.5;4;9754552116;S
20240305;100445;7538.5;1;9754552117;S
20240305;100445;7538;8;9754552118;S
20240305;100445;7538;33;9754552119;S
20240305;100445;7538;66;9754552120;S
20240305;100445;7538;1;9754552121;S
20240305;100445;7537.5;6;9754552122;S
20240305;100445;7537.5;20;9754552123;S
20240305;100445;7537;12;9754552124;S
20240305;100445;7537;60;9754552125;S
20240305;100445;7536;50;9754552126;S
20240305;100445;7536;1;9754552127;S
20240305;100445;7536;2;9754552128;S
20240305;100445;7536;20;9754552129;S
20240305;100445;7535.5;1;9754552130;S
20240305;100445;7535.5;2;9754552131;S
20240305;100445;7535.5;10;9754552132;S
20240305;100445;7535;1;9754552133;S
20240305;100445;7535;3;9754552134;S
20240305;100445;7535;2;9754552135;S
20240305;100445;7534.5;10;9754552136;S
20240305;100445;7534.5;80;9754552137;S
20240305;100445;7534.5;20;9754552138;S
20240305;100445;7534.5;13;9754552139;S
20240305;100445;7534;1;9754552140;S
20240305;100445;7534;120;9754552141;S
20240305;100445;7534;5;9754552142;S
20240305;100445;7534;2;9754552143;S
20240305;100445;7534;80;9754552144;S
20240305;100445;7534;60;9754552145;S
20240305;100445;7533.5;2;9754552146;S
20240305;100445;7533.5;200;9754552147;S
20240305;100445;7533.5;8;9754552148;S
20240305;100445;7533;1;9754552149;S
20240305;100445;7533;2;9754552150;S
20240305;100445;7533;300;9754552151;S
20240305;100445;7533;80;9754552152;S
20240305;100445;7532.5;50;9754552153;S
20240305;100445;7532.5;46;9754552154;S
20240305;100445;7533.5;10;9754552160;S
20240305;100445;7533;13;9754552161;S
20240305;100445;7533;7;9754552162;S
20240305;100446;7535;10;9754552327;B
20240305;100446;7534;2;9754552480;B
20240305;100446;7534;8;9754552481;B
20240305;100446;7533;1;9754552482;S
20240305;100446;7532.5;2;9754552483;S
20240305;100446;7532.5;2;9754552484;S
20240305;100446;7532.5;30;9754552485;S
20240305;100446;7532.5;10;9754552486;S
20240305;100446;7532;15;9754552487;S
20240305;100446;7532;90;9754552515;S
20240305;100447;7532;45;9754552609;S
20240305;100447;7532;3;9754552610;S
20240305;100447;7532;10;9754552611;S
20240305;100447;7532;50;9754552612;S
20240305;100447;7532;10;9754552613;S
20240305;100447;7532;2;9754552614;S
20240305;100447;7532;4;9754552659;S
20240305;100447;7531.5;1;9754552666;S
20240305;100447;7531.5;20;9754552667;S
20240305;100447;7531.5;100;9754552668;S
20240305;100447;7531.5;11;9754552669;S
20240305;100447;7531;1;9754552670;S
20240305;100447;7531;2;9754552671;S
20240305;100447;7531;1;9754552672;S
20240305;100447;7531;1;9754552673;S
20240305;100447;7531;5;9754552674;S
20240305;100447;7531;10;9754552675;S
20240305;100447;7530;3;9754552676;S
20240305;100447;7530;7;9754552677;S
20240305;100447;7530;1;9754552678;S
20240305;100447;7529.5;1;9754552679;S
20240305;100447;7529;33;9754552681;S
20240305;100447;7528.5;2;9754552682;S
20240305;100447;7528.5;11;9754552683;S
20240305;100447;7528;100;9754552684;S
20240305;100447;7528;8;9754552685;S
20240305;100447;7527.5;5;9754552694;S
20240305;100447;7527.5;2;9754552730;S
20240305;100447;7527.5;3;9754552731;S
20240305;100447;7527;1;9754552732;S
20240305;100447;7527;1;9754552733;S
20240305;100447;7527;10;9754552734;S
20240305;100447;7526;5;9754552735;S
20240305;100447;7526;28;9754552740;S
20240305;100447;7526;10;9754552741;S
20240305;100447;7526;10;9754552742;S
20240305;100447;7525.5;10;9754552743;S
20240305;100447;7525.5;12;9754552744;S
20240305;100447;7526;1;9754552746;S
20240305;100447;7526;8;9754552747;S
20240305;100447;7529;8;9754552762;B
20240305;100448;7526;1;9754552806;S
20240305;100448;7526;5;9754552807;S
20240305;100448;7528.5;5;9754552833;B
20240305;100448;7528.5;5;9754552834;B
20240305;100448;7526;5;9754552862;S
20240305;100448;7526;10;9754552863;S
20240305;100448;7525.5;35;9754552864;S
20240305;100448;7526;1;9754552871;S
20240305;100448;7526;1;9754552926;S
20240305;100448;7526;1;9754552927;S
20240305;100449;7526;1;9754553034;S
20240305;100449;7526.5;1;9754553098;B
20240305;100449;7526.5;5;9754553099;B
20240305;100449;7526.5;3;9754553102;B
20240305;100449;7527.5;1;9754553103;B
20240305;100449;7528;1;9754553104;B
20240305;100449;7528;1;9754553105;B
20240305;100449;7529.5;1;9754553106;B
20240305;100449;7529.5;10;9754553112;B
20240305;100449;7529.5;2;9754553134;S
20240305;100450;7530;5;9754553272;B
20240305;100450;7530;13;9754553273;B
20240305;100450;7531.5;1;9754553274;B
20240305;100450;7531.5;10;9754553275;B
20240305;100450;7531.5;1;9754553276;B
20240305;100450;7531.5;10;9754553277;B
20240305;100450;7532;10;9754553329;S
20240305;100452;7532.5;8;9754553643;B
20240305;100452;7533;2;9754553644;B
20240305;100452;7533.5;10;9754553645;B
20240305;100452;7534.5;10;9754553646;B
20240305;100452;7535;10;9754553647;B
20240305;100452;7532.5;20;9754553765;B
20240305;100452;7534;10;9754553766;B
20240305;100452;7534.5;2;9754553767;B
20240305;100452;7535;10;9754553768;B
20240305;100452;7535;10;9754553769;B
20240305;100452;7535;6;9754553770;B
20240305;100452;7535.5;72;9754553771;B
20240305;100454;7534;3;9754553989;S
20240305;100454;7534;1;9754553990;S
20240305;100455;7533;2;9754554333;S
20240305;100455;7533;3;9754554334;S
20240305;100455;7532;2;9754554335;S
20240305;100456;7533;1;9754554427;B
20240305;100456;7533;2;9754554457;B
20240305;100456;7532.5;1;9754554467;S
20240305;100457;7532.5;1;9754554603;S
20240305;100458;7532;1;9754554744;S
20240305;100458;7532;1;9754554745;S
20240305;100459;7531.5;1;9754554820;S
20240305;100459;7531.5;5;9754554824;S
20240305;100500;7532.5;7;9754554979;B
20240305;100500;7532.5;3;9754554980;B
20240305;100500;7532.5;7;9754555047;B
20240305;100500;7532.5;2;9754555048;B
20240305;100500;7533;9;9754555049;B
20240305;100500;7533;3;9754555050;B
20240305;100500;7533.5;39;9754555051;B
20240305;100501;7532.5;1;9754555166;S
20240305;100501;7532;1;9754555167;S
20240305;100501;7531.5;2;9754555168;S
20240305;100502;7532.5;1;9754555349;B
20240305;100502;7532.5;1;9754555386;B
20240305;100502;7532.5;1;9754555414;B
20240305;100502;7531.5;9;9754555432;S
20240305;100502;7531.5;10;9754555433;S
20240305;100502;7531;10;9754555434;S
20240305;100502;7530.5;60;9754555435;S
20240305;100502;7530;33;9754555436;S
20240305;100502;7529.5;5;9754555437;S
20240305;100502;7529;100;9754555438;S
20240305;100502;7529;5;9754555439;S
20240305;100502;7529;1;9754555440;S
20240305;100502;7528;10;9754555441;S
20240305;100502;7528;5;9754555442;S
20240305;100503;7532;1;9754555482;B
20240305;100503;7527.5;2;9754555500;S
20240305;100503;7531;1;9754555555;S
20240305;100503;7531;1;9754555588;B
20240305;100503;7531;1;9754555641;B
20240305;100504;7529.5;1;9754555700;S
20240305;100504;7529;9;9754555701;S
20240305;100504;7530;1;9754555703;B
20240305;100504;7531;5;9754555704;B
20240305;100504;7531;10;9754555705;B
20240305;100504;7531.5;9;9754555706;B
20240305;100504;7531.5;2;9754555707;B
20240305;100504;7532;2;9754555708;B
20240305;100504;7532;40;9754555709;B
20240305;100504;7532;31;9754555710;B
20240305;100504;7530;1;9754555734;B
20240305;100504;7529.5;4;9754555811;B
20240305;100506;7530;1;9754556008;B
20240305;100506;7530;1;9754556090;B
20240305;100507;7530;49;9754556178;B
20240305;100507;7530;9;9754556179;B
20240305;100507;7530;10;9754556180;B
20240305;100507;7530;1;9754556181;B
20240305;100507;7530;10;9754556182;B
20240305;100507;7530;5;9754556183;B
20240305;100507;7530;20;9754556184;B
20240305;100507;7531.5;30;9754556185;B
20240305;100507;7531.5;1;9754556186;B
20240305;100507;7532;30;9754556187;B
20240305;100507;7532;17;9754556188;B
20240305;100507;7532.5;4;9754556230;B
20240305;100508;7532;100;9754556416;S
20240305;100508;7532.5;1;9754556469;B
20240305;100508;7532;100;9754556538;S
20240305;100509;7532;118;9754556603;S
20240305;100509;7531.5;8;9754556604;S
20240305;100509;7528.5;10;9754556696;S
20240305;100509;7528.5;60;9754556697;S
20240305;100509;7528;3;9754556698;S
20240305;100509;7527.5;10;9754556699;S
20240305;100509;7527.5;12;9754556700;S
20240305;100509;7527.5;31;9754556701;S
20240305;100509;7527;3;9754556702;S
20240305;100510;7530;1;9754556875;B
20240305;100510;7530;9;9754556938;B
20240305;100510;7530;9;9754556939;B
20240305;100510;7530;2;9754556941;S
20240305;100511;7530;10;9754557040;B
20240305;100511;7530;48;9754557041;S
20240305;100511;7530;56;9754557042;S
20240305;100512;7530;50;9754557123;S
20240305;100512;7530.5;40;9754557130;B
20240305;100512;7530.5;10;9754557131;B
20240305;100512;7531;7;9754557132;B
20240305;100512;7531;60;9754557133;B
20240305;100512;7531;50;9754557134;B
20240305;100512;7531;9;9754557135;B
20240305;100512;7531.5;10;9754557136;B
20240305;100512;7532;96;9754557163;S
20240305;100513;7532.5;1;9754557319;B
20240305;100513;7532;50;9754557338;S
20240305;100514;7532;40;9754557484;S
20240305;100514;7532;128;9754557555;S
20240305;100514;7532;2;9754557556;S
20240305;100514;7531.5;9;9754557557;S
20240305;100514;7530.5;10;9754557558;S
20240305;100514;7530;6;9754557605;S
20240305;100515;7530.5;1;9754557732;B
20240305;100517;7530;13;9754557946;S
20240305;100517;7530.5;9;9754558058;B
20240305;100517;7530.5;10;9754558059;B
20240305;100517;7530.5;1;9754558060;B
20240305;100517;7531;40;9754558061;B
20240305;100517;7531.5;10;9754558062;B
20240305;100517;7531.5;200;9754558063;B
20240305;100517;7532;60;9754558064;B
20240305;100517;7532;1;9754558065;S
20240305;100517;7532.5;5;9754558084;B
20240305;100518;7532.5;1;9754558206;B
20240305;100518;7532.5;1;9754558207;B
20240305;100519;7532;5;9754558448;S
20240305;100520;7532.5;9;9754558693;B
20240305;100520;7532.5;3;9754558694;B
20240305;100520;7532.5;9;9754558695;B
20240305;100520;7533;3;9754558696;B
20240305;100520;7533;8;9754558697;B
20240305;100520;7533.5;7;9754558698;B
20240305;100520;7533.5;20;9754558699;B
20240305;100521;7533;3;9754558878;S
20240305;100522;7533.5;4;9754559048;B
20240305;100522;7534;50;9754559049;B
20240305;100522;7534;1;9754559050;B
20240305;100522;7534;50;9754559051;B
20240305;100522;7534;9;9754559052;B
20240305;100522;7534.5;10;9754559053;B
20240305;100522;7534.5;1;9754559054;B
20240305;100522;7534.5;8;9754559055;B
20240305;100523;7534.5;142;9754559149;B
20240305;100523;7534.5;20;9754559150;B
20240305;100523;7535;15;9754559151;B
20240305;100523;7535;800;9754559152;B
20240305;100523;7535;70;9754559153;B
20240305;100523;7535;1;9754559154;B
20240305;100523;7535;5;9754559155;B
20240305;100523;7535;10;9754559156;B
20240305;100523;7535;9;9754559157;B
20240305;100523;7535.5;10;9754559158;B
20240305;100523;7535.5;228;9754559159;B
20240305;100523;7536;60;9754559160;B
20240305;100523;7536.5;10;9754559161;B
20240305;100523;7537;30;9754559162;B
20240305;100523;7537;33;9754559163;B
20240305;100523;7537.5;6;9754559164;B
20240305;100523;7537.5;50;9754559165;S
20240305;100523;7537.5;50;9754559166;S
20240305;100523;7537.5;10;9754559167;S
20240305;100523;7537.5;20;9754559168;S
20240305;100523;7537.5;10;9754559169;S
20240305;100523;7537.5;50;9754559170;S
20240305;100523;7537.5;50;9754559171;S
20240305;100523;7538;50;9754559408;B
20240305;100523;7538;3;9754559409;B
20240305;100523;7538.5;5;9754559410;B
20240305;100523;7538.5;10;9754559411;B
20240305;100523;7539;8;9754559412;B
20240305;100523;7539;10;9754559413;B
20240305;100523;7539.5;2;9754559414;B
20240305;100523;7539.5;3;9754559415;B
20240305;100523;7539.5;5;9754559416;B
20240305;100523;7540;18;9754559417;B
20240305;100524;7539.5;10;9754559548;B
20240305;100524;7539.5;10;9754559549;B
20240305;100524;7540;2;9754559550;B
20240305;100524;7540;1;9754559551;B
20240305;100524;7540;1;9754559552;B
20240305;100524;7540;176;9754559553;B
20240305;100524;7538.5;1;9754559708;S
20240305;100524;7539.5;5;9754559713;B
20240305;100525;7539.5;1;9754559901;B
20240305;100526;7538;5;9754560068;S
20240305;100526;7538;40;9754560069;S
20240305;100526;7537.5;197;9754560070;S
20240305;100526;7537.5;1;9754560118;S
20240305;100528;7538;1;9754560539;S
20240305;100529;7538;5;9754560719;S
20240305;100530;7538.5;2;9754560898;B
20240305;100531;7538.5;2;9754561012;B
20240305;100531;7539;2;9754561013;B
20240305;100532;7538.5;3;9754561193;B
20240305;100532;7538.5;1;9754561205;B
20240305;100533;7539;7;9754561344;B
20240305;100533;7539;2;9754561345;B
20240305;100533;7539.5;10;9754561346;B
20240305;100533;7539.5;10;9754561347;B
20240305;100533;7539.5;10;9754561348;B
20240305;100533;7540;11;9754561349;B
20240305;100535;7537.5;1;9754561600;S
20240305;100536;7538;2;9754561807;S
20240305;100536;7537.5;11;9754561808;S
20240305;100537;7538;1;9754562015;S
20240305;100537;7538.5;9;9754562059;B
20240305;100537;7538.5;8;9754562060;B
20240305;100538;7539;2;9754562231;B
20240305;100538;7539;10;9754562232;B
20240305;100538;7539;32;9754562233;B
20240305;100538;7539.5;3;9754562234;B
20240305;100538;7539.5;10;9754562235;B
20240305;100538;7539.5;555;9754562236;B
20240305;100538;7540;388;9754562237;B
20240305;100538;7540;2;9754562240;B
20240305;100539;7539;1;9754562404;B
20240305;100542;7538.5;1;9754562881;B
20240305;100542;7538.5;1;9754562916;B
20240305;100542;7539.5;80;9754563017;B
20240305;100542;7539.5;1;9754563018;B
20240305;100542;7539.5;1;9754563019;B
20240305;100542;7539.5;1;9754563020;B
20240305;100542;7539.5;5;9754563021;B
20240305;100542;7539.5;10;9754563022;B
20240305;100542;7540;2;9754563023;B
20240305;100543;7539.5;10;9754563327;B
20240305;100543;7540;40;9754563328;B
20240305;100544;7538.5;2;9754563413;S
20240305;100544;7538;1;9754563414;S
20240305;100545;7539.5;10;9754563613;B
20240305;100545;7539.5;20;9754563614;B
20240305;100545;7539.5;2;9754563742;B
20240305;100546;7538.5;1;9754563827;S
20240305;100546;7539.5;2;9754563910;B
20240305;100547;7539.5;8;9754563938;B
20240305;100547;7539.5;33;9754563939;B
20240305;100547;7540;614;9754563940;B
20240305;100547;7540;1;9754563941;B
20240305;100547;7540;50;9754563942;B
20240305;100547;7540;5;9754563943;B
20240305;100547;7540;5;9754563944;B
20240305;100547;7540;35;9754563945;B
20240305;100547;7540;5;9754563946;B
20240305;100547;7540;600;9754563947;B
20240305;100547;7540;10;9754563948;B
20240305;100547;7540;1;9754563949;B
20240305;100547;7540;533;9754563950;B
20240305;100547;7540;10;9754563951;B
20240305;100547;7540;1;9754563952;B
20240305;100547;7540;30;9754563953;B
20240305;100547;7540;9;9754563954;B
20240305;100547;7540;50;9754563955;B
20240305;100547;7539;3;9754564006;S
20240305;100547;7539;1;9754564043;S
20240305;100548;7539;1;9754564148;S
20240305;100549;7539;5;9754564389;S
20240305;100549;7539;4;9754564390;S
20240305;100549;7538.5;1;9754564443;S
20240305;100549;7538.5;3;9754564458;S
20240305;100549;7538.5;9;9754564459;S
20240305;100549;7538.5;8;9754564460;S
20240305;100549;7538.5;10;9754564461;S
20240305;100549;7538;37;9754564462;S
20240305;100549;7538;1;9754564463;S
20240305;100549;7538;2;9754564464;S
20240305;100549;7538;10;9754564465;S
20240305;100549;7538.5;8;9754564473;S
20240305;100549;7539;10;9754564476;B
20240305;100549;7538.5;2;9754564541;S
20240305;100549;7538;1;9754564542;S
20240305;100550;7538.5;1;9754564698;S
20240305;100552;7539;10;9754564997;B
20240305;100553;7539;11;9754565198;B
20240305;100554;7539;14;9754565311;B
20240305;100555;7539;4;9754565442;B
20240305;100555;7539;9;9754565443;B
20240305;100555;7539.5;2;9754565444;B
20240305;100555;7539.5;15;9754565445;B
20240305;100555;7540;50;9754565479;B
20240305;100556;7540;1;9754565524;B
20240305;100556;7540;1;9754565548;B
20240305;100556;7540;43;9754565580;B
20240305;100556;7540;5;9754565581;B
20240305;100556;7540;2;9754565582;B
20240305;100557;7538.5;9;9754565763;S
20240305;100557;7538;2;9754565764;S
20240305;100557;7538.5;3;9754565836;S
20240305;100558;7539;14;9754565955;S
20240305;100559;7539;10;9754566163;S
20240305;100559;7539;16;9754566209;S
20240305;100559;7539;4;9754566210;S
20240305;100559;7539;1;9754566246;S
20240305;100600;7539;10;9754566314;S
20240305;100600;7538.5;1;9754566366;S
20240305;100600;7538.5;4;9754566393;S
20240305;100601;7539;6;9754566532;B
20240305;100601;7539;11;9754566605;B
20240305;100602;7538.5;4;9754566777;S
20240305;100602;7539;20;9754566779;B
20240305;100604;7539;13;9754567066;B
20240305;100604;7539;1;9754567067;B
20240305;100604;7539;1;9754567068;B
20240305;100604;7539;100;9754567147;B
20240305;100606;7539;18;9754567484;B
20240305;100606;7538.5;1;9754567509;S
20240305;100606;7539;1;9754567711;B
20240305;100607;7539;436;9754567754;B
20240305;100607;7539;1;9754567755;B
20240305;100608;7539.5;9;9754568089;B
20240305;100608;7539.5;1;9754568090;B
20240305;100609;7539.5;10;9754568202;S
20240305;100609;7539.5;40;9754568203;S
20240305;100609;7539;63;9754568204;S
20240305;100609;7538.5;20;9754568205;S
20240305;100609;7538.5;9;9754568206;S
20240305;100609;7538;287;9754568207;S
20240305;100609;7538;1;9754568208;S
20240305;100609;7538;11;9754568209;S
20240305;100609;7538;10;9754568210;S
20240305;100609;7537.5;101;9754568211;S
20240305;100609;7537.5;6;9754568212;S
20240305;100609;7537;5;9754568213;S
20240305;100609;7537;1;9754568214;S
20240305;100609;7536;9;9754568215;S
20240305;100609;7536;60;9754568216;S
20240305;100609;7535.5;33;9754568217;S
20240305;100609;7535;5;9754568218;S
20240305;100609;7535;3;9754568219;S
20240305;100609;7535;5;9754568220;S
20240305;100609;7534.5;6;9754568221;S
20240305;100609;7534.5;1;9754568222;S
20240305;100609;7534;12;9754568223;S
