<DATE>;<TIME>;<LAST>;<VOL>;<ID>;<OPER>
20240424;095947;7846.5;2;10189768478;B
20240424;095947;7846.5;2;10189768479;B
20240424;095947;7846.5;8;10189768480;B
20240424;095947;7846.5;20;10189768481;S
20240424;095947;7846.5;1;10189768482;S
20240424;095947;7846.5;1;10189768483;S
20240424;095947;7846.5;15;10189768484;S
20240424;095947;7846.5;1;10189768485;S
20240424;095947;7846.5;68;10189768486;S
20240424;095947;7846.5;16;10189768487;S
20240424;095947;7846.5;4;10189768488;B
20240424;095947;7846.5;4;10189768489;B
20240424;095947;7846.5;1;10189768490;B
20240424;095947;7846.5;13;10189768491;B
20240424;095947;7846.5;1;10189768492;B
20240424;095947;7846.5;1;10189768493;B
20240424;095947;7846.5;1;10189768494;B
20240424;095947;7846.5;7;10189768495;B
20240424;095947;7846.5;2;10189768496;S
20240424;095947;7846.5;7;10189768497;B
20240424;095947;7846.5;5;10189768498;B
20240424;095947;7846.5;2;10189768499;S
20240424;095947;7846.5;2;10189768500;S
20240424;095947;7846.5;1;10189768501;S
20240424;095947;7846.5;2;10189768502;S
20240424;095947;7846.5;3;10189768503;S
20240424;095947;7846.5;2;10189768504;S
20240424;095947;7846.5;1;10189768505;S
20240424;095947;7846.5;1;10189768506;S
20240424;095947;7846.5;1;10189768507;S
20240424;095947;7846.5;3;10189768508;B
20240424;095947;7846.5;4;10189768509;B
20240424;095947;7846.5;1;10189768510;B
20240424;095947;7846.5;1;10189768511;B
20240424;095947;7846.5;1;10189768512;B
20240424;095947;7846.5;13;10189768513;B
20240424;095947;7846.5;1;10189768514;B
20240424;095947;7846.5;1;10189768515;B
20240424;095947;7846.5;15;10189768516;B
20240424;095947;7846.5;19;10189768517;B
20240424;095947;7846.5;1;10189768518;B
20240424;095947;7846.5;1;10189768519;B
20240424;095947;7846.5;1;10189768520;B
20240424;095947;7846.5;1;10189768521;B
20240424;095947;7846.5;130;10189768522;B
20240424;095947;7846.5;5;10189768523;B
20240424;095947;7846.5;10;10189768524;B
20240424;095947;7846.5;25;10189768525;B
20240424;095947;7846.5;100;10189768526;B
20240424;100000;7846.5;7;10189770959;S
20240424;100000;7847.5;1;10189771076;S
20240424;100000;7847.5;7;10189771100;S
20240424;100000;7847;40;10189771105;S
20240424;100000;7847;10;10189771111;B
20240424;100000;7846.5;24;10189771114;S
20240424;100001;7848;1;10189771718;S
20240424;100002;7848;7;10189772202;S
20240424;100003;7848.5;2;10189772620;S
20240424;100003;7849;1;10189772697;B
20240424;100003;7849;1;10189772698;B
20240424;100003;7849.5;1;10189772699;B
20240424;100003;7849.5;1;10189772700;B
20240424;100003;7849.5;30;10189772701;B
20240424;100003;7850;1;10189772702;B
20240424;100003;7850;10;10189772703;B
20240424;100003;7850;1;10189772704;B
20240424;100003;7850;1;10189772705;B
20240424;100003;7850;1;10189772706;B
20240424;100003;7850;12;10189772707;B
20240424;100004;7850;4;10189772861;B
20240424;100004;7850;4;10189772899;B
20240424;100004;7850;2;10189772900;B
20240424;100004;7850;1;10189772901;B
20240424;100004;7850;1;10189772902;B
20240424;100004;7850;5;10189772903;B
20240424;100004;7851.5;15;10189772904;B
20240424;100004;7852;5;10189772905;B
20240424;100004;7852.5;10;10189772906;B
20240424;100004;7853;20;10189772907;B
20240424;100004;7849.5;4;10189773016;B
20240424;100004;7850;1;10189773042;B
20240424;100004;7850;1;10189773043;B
20240424;100004;7850;21;10189773067;B
20240424;100004;7850;5;10189773068;B
20240424;100005;7850.5;1;10189773131;S
20240424;100005;7853;2;10189773151;B
20240424;100005;7853;12;10189773224;B
20240424;100005;7853.5;3;10189773225;B
20240424;100005;7853.5;10;10189773226;B
20240424;100005;7854;10;10189773227;B
20240424;100005;7854;13;10189773228;B
20240424;100005;7854;4;10189773229;B
20240424;100006;7853.5;28;10189774175;S
20240424;100006;7853;11;10189774176;S
20240424;100006;7851;4;10189774177;S
20240424;100007;7853.5;1;10189774480;B
20240424;100007;7850.5;1;10189774657;S
20240424;100007;7850.5;1;10189774820;S
20240424;100007;7853.5;3;10189775358;B
20240424;100007;7853.5;1;10189775359;B
20240424;100007;7852;2;10189775543;S
20240424;100007;7851.5;1;10189775691;S
20240424;100008;7851.5;1;10189775903;S
20240424;100008;7853;5;10189775905;B
20240424;100008;7853;1;10189776295;B
20240424;100008;7851.5;1;10189776296;S
20240424;100008;7851.5;5;10189776388;S
20240424;100008;7853;1;10189776851;B
20240424;100008;7851.5;5;10189776927;S
20240424;100009;7853;1;10189777358;B
20240424;100009;7853;1;10189777787;B
20240424;100009;7853;1;10189777908;B
20240424;100010;7851.5;1;10189778337;S
20240424;100010;7853;6;10189778338;B
20240424;100010;7853.5;10;10189778339;B
20240424;100010;7854;1;10189778340;B
20240424;100010;7851.5;1;10189778378;S
20240424;100010;7853.5;4;10189778499;B
20240424;100010;7853.5;1;10189778502;B
20240424;100010;7853.5;5;10189778791;B
20240424;100010;7854;1;10189778792;B
20240424;100010;7853.5;1;10189778838;B
20240424;100010;7853.5;1;10189778865;B
20240424;100011;7853.5;8;10189778894;B
20240424;100011;7851.5;13;10189778901;S
20240424;100011;7851.5;3;10189778902;S
20240424;100011;7853.5;1;10189778909;B
20240424;100011;7853.5;9;10189779009;B
20240424;100011;7854;1;10189779010;B
20240424;100011;7851.5;7;10189779129;S
20240424;100011;7851.5;28;10189779130;S
20240424;100011;7851;9;10189779131;S
20240424;100011;7850;174;10189779132;S
20240424;100011;7849.5;40;10189779133;S
20240424;100011;7849;40;10189779134;S
20240424;100011;7848.5;40;10189779135;S
20240424;100011;7846;2;10189779136;S
20240424;100011;7846;250;10189779137;S
20240424;100011;7845;10;10189779138;S
20240424;100011;7843.5;12;10189779139;S
20240424;100011;7843.5;70;10189779140;S
20240424;100011;7843;10;10189779141;S
20240424;100012;7849;1;10189779356;B
20240424;100012;7848.5;32;10189779459;B
20240424;100012;7849;10;10189779460;B
20240424;100012;7849.5;8;10189779461;B
20240424;100012;7849;10;10189779477;B
20240424;100012;7849.5;2;10189779478;B
20240424;100013;7848;28;10189779589;B
20240424;100013;7849;1;10189779714;B
20240424;100015;7846;10;10189780208;S
20240424;100015;7846;28;10189780209;S
20240424;100015;7845.5;11;10189780210;S
20240424;100017;7846;2;10189780506;S
20240424;100018;7845;10;10189780844;S
20240424;100018;7845;28;10189780845;S
20240424;100018;7844.5;48;10189780846;S
20240424;100018;7844;40;10189780847;S
20240424;100018;7843.5;40;10189780848;S
20240424;100018;7843;14;10189780849;S
20240424;100018;7843;6;10189780850;S
20240424;100018;7843;86;10189780851;S
20240424;100018;7843;5;10189780852;S
20240424;100019;7846;1;10189781002;B
20240424;100019;7846;2;10189781123;B
20240424;100027;7847.5;10;10189782795;B
20240424;100027;7847.5;1;10189782796;B
20240424;100027;7848;1;10189782797;B
20240424;100027;7848.5;13;10189782798;B
20240424;100028;7847.5;28;10189783066;B
20240424;100028;7847.5;2;10189783067;B
20240424;100030;7844.5;10;10189783555;S
20240424;100030;7844.5;28;10189783556;S
20240424;100030;7844;62;10189783557;S
20240424;100031;7844.5;3;10189783698;B
20240424;100037;7843;9;10189784736;S
20240424;100037;7842.5;6;10189784909;B
20240424;100037;7843.5;24;10189784910;B
20240424;100039;7842;10;10189785557;S
20240424;100039;7841.5;30;10189785558;S
20240424;100044;7841;1;10189786751;S
20240424;100045;7841.5;28;10189786823;B
20240424;100045;7842;15;10189786824;B
20240424;100045;7843;3;10189786825;B
20240424;100045;7844;10;10189786826;B
20240424;100045;7844.5;39;10189786827;B
20240424;100045;7844.5;5;10189786828;B
20240424;100047;7841;3;10189787476;S
20240424;100049;7841.5;3;10189787835;B
20240424;100049;7841.5;1;10189787872;B
20240424;100050;7841.5;1;10189787958;B
20240424;100050;7841.5;23;10189787966;B
20240424;100050;7842;5;10189787967;B
20240424;100050;7842;5;10189787968;B
20240424;100050;7844;5;10189787969;B
20240424;100053;7841;1;10189788690;S
20240424;100054;7841;2;10189788787;S
20240424;100055;7841;1;10189789010;S
20240424;100055;7841;3;10189789016;S
20240424;100055;7841;10;10189789017;S
20240424;100055;7840.5;5;10189789018;S
20240424;100056;7841.5;1;10189789177;B
20240424;100057;7841;1;10189789480;S
20240424;100057;7841;2;10189789502;S
20240424;100058;7841.5;1;10189789686;B
20240424;100104;7841.5;5;10189790969;B
20240424;100104;7841.5;5;10189790970;B
20240424;100104;7841.5;28;10189790971;B
20240424;100107;7842;6;10189791539;B
20240424;100109;7841.5;1;10189791892;S
20240424;100114;7842;1;10189793730;B
20240424;100114;7842;12;10189793838;B
20240424;100114;7842;28;10189793839;B
20240424;100114;7842.5;5;10189793840;B
20240424;100114;7843.5;15;10189793841;B
20240424;100116;7844.5;10;10189794231;B
20240424;100116;7844.5;2;10189794232;B
20240424;100124;7843;10;10189795629;S
20240424;100124;7842.5;5;10189795630;S
20240424;100124;7842;5;10189795631;S
20240424;100125;7844.5;1;10189795744;B
20240424;100126;7842.5;2;10189795844;S
20240424;100135;7842.5;2;10189797351;S
20240424;100138;7844.5;1;10189797874;B
20240424;100141;7842.5;5;10189798286;S
20240424;100141;7841.5;2;10189798364;S
20240424;100142;7841.5;89;10189798454;S
20240424;100142;7841;10;10189798455;S
20240424;100142;7841;1;10189798456;S
20240424;100143;7841;2;10189798606;B
20240424;100145;7841;3;10189799023;B
20240424;100146;7840.5;1;10189799120;S
20240424;100150;7841;1;10189800008;B
20240424;100151;7840.5;1;10189800170;S
20240424;100151;7840.5;4;10189800171;S
20240424;100152;7840;1;10189800334;S
20240424;100156;7841.5;21;10189800966;B
20240424;100156;7841.5;5;10189800967;B
20240424;100156;7841.5;12;10189800968;B
20240424;100158;7841;1;10189801206;S
20240424;100158;7841;1;10189801207;S
20240424;100158;7840.5;5;10189801208;S
20240424;100158;7840.5;2;10189801209;S
20240424;100158;7842;1;10189801276;B
20240424;100201;7842;1;10189801686;B
20240424;100202;7842;2;10189801803;B
20240424;100203;7842;1;10189801826;B
20240424;100203;7841.5;10;10189801827;S
20240424;100203;7841.5;2;10189801828;S
20240424;100203;7841.5;8;10189802066;S
20240424;100209;7841.5;32;10189803536;S
20240424;100209;7841.5;10;10189803537;S
20240424;100210;7841;1;10189803618;S
20240424;100212;7841;3;10189804035;S
20240424;100212;7841.5;3;10189804036;B
20240424;100214;7842;2;10189804502;B
20240424;100215;7842;66;10189804566;B
20240424;100215;7842;10;10189804567;B
20240424;100215;7844;2;10189804578;B
20240424;100216;7844;493;10189804786;B
20240424;100216;7844;10;10189804787;B
20240424;100216;7844.5;7;10189804788;B
20240424;100216;7845;11;10189804789;B
20240424;100216;7845;5;10189804790;B
20240424;100218;7846.5;15;10189805278;B
20240424;100226;7846;1;10189806655;S
20240424;100228;7847;1;10189806839;B
20240424;100231;7847;1;10189807324;S
20240424;100232;7846;1;10189807472;S
20240424;100233;7846.5;2;10189807687;B
20240424;100234;7846.5;1;10189807841;B
20240424;100235;7846.5;5;10189808025;B
20240424;100235;7847;1;10189808039;B
20240424;100236;7848.5;11;10189808109;B
20240424;100237;7846.5;2;10189808288;S
20240424;100238;7846.5;2;10189808439;S
20240424;100239;7846;10;10189808626;S
20240424;100244;7846.5;1;10189809613;S
20240424;100246;7846.5;8;10189809927;S
20240424;100249;7846.5;4;10189810387;S
20240424;100251;7846.5;19;10189810639;S
20240424;100251;7846.5;10;10189810640;S
20240424;100251;7846.5;10;10189810641;S
20240424;100251;7846;20;10189810642;S
20240424;100251;7846;5;10189810643;S
20240424;100251;7845;268;10189810644;S
20240424;100251;7845;1;10189810645;S
20240424;100254;7845;106;10189811129;S
20240424;100255;7847;8;10189811259;B
20240424;100256;7845.5;1;10189811430;S
20240424;100256;7845;2;10189811431;S
20240424;100257;7846.5;3;10189811593;B
20240424;100257;7846.5;9;10189811594;B
20240424;100258;7845.5;32;10189811887;S
20240424;100258;7845.5;5;10189811888;S
20240424;100258;7845;57;10189811889;S
20240424;100301;7845.5;5;10189812269;S
20240424;100301;7845;45;10189812270;S
20240424;100302;7845.5;2;10189812561;S
20240424;100304;7845.5;37;10189812890;S
20240424;100304;7845.5;5;10189812891;S
20240424;100304;7845.5;8;10189812892;S
20240424;100307;7845.5;39;10189813393;S
20240424;100307;7845.5;5;10189813394;S
20240424;100307;7845;6;10189813395;S
20240424;100310;7845.5;1;10189813838;S
20240424;100311;7847;3;10189814097;B
20240424;100313;7847;5;10189814409;B
20240424;100318;7847;5;10189815178;B
20240424;100318;7847;10;10189815179;B
20240424;100318;7847;50;10189815180;B
20240424;100318;7847;32;10189815181;B
20240424;100318;7847;130;10189815216;S
20240424;100320;7847.5;2;10189815545;B
20240424;100320;7848;3;10189815546;B
20240424;100321;7848.5;8;10189815658;B
20240424;100322;7848.5;1;10189815775;B
20240424;100322;7848.5;1;10189815855;B
20240424;100323;7848.5;2;10189815967;B
20240424;100331;7848;2;10189817110;S
20240424;100332;7848.5;3;10189817206;B
20240424;100334;7848.5;1;10189817490;B
20240424;100335;7848.5;1;10189817671;B
20240424;100336;7848.5;1;10189817825;B
20240424;100337;7848.5;4;10189817975;B
20240424;100337;7847.5;1;10189818027;S
20240424;100339;7848.5;2;10189818234;B
20240424;100346;7847.5;2;10189819318;S
20240424;100346;7847.5;10;10189819319;S
20240424;100346;7847;5;10189819320;S
20240424;100348;7848;3;10189819592;B
20240424;100348;7847.5;10;10189819648;S
20240424;100348;7847;2;10189819649;S
20240424;100349;7847.5;6;10189819749;S
20240424;100353;7847.5;3;10189820220;S
20240424;100353;7847.5;1;10189820225;S
20240424;100353;7847.5;2;10189820226;S
20240424;100353;7848;17;10189820363;B
20240424;100353;7848;6;10189820364;B
20240424;100353;7848.5;77;10189820365;B
20240424;100358;7848.5;5;10189821084;S
20240424;100400;7848.5;3;10189821398;S
20240424;100401;7849;1;10189821617;B
20240424;100405;7848.5;1;10189822332;S
20240424;100405;7848.5;1;10189822403;S
20240424;100406;7848.5;11;10189822623;S
20240424;100412;7849;10;10189823871;B
20240424;100420;7849;10;10189824992;B
20240424;100421;7848.5;1;10189825178;S
20240424;100424;7849;1;10189825474;B
20240424;100424;7849;22;10189825510;B
20240424;100425;7849;58;10189825722;B
20240424;100425;7849;1;10189825723;B
20240424;100425;7849;1;10189825724;B
20240424;100426;7849.5;1;10189825792;B
20240424;100426;7849.5;4;10189825873;B
20240424;100428;7850;200;10189826226;B
20240424;100428;7850;2;10189826227;B
20240424;100428;7850;8;10189826228;B
20240424;100428;7850;10;10189826229;B
20240424;100428;7850;5;10189826230;B
20240424;100428;7850;10;10189826231;B
20240424;100428;7850;1;10189826232;B
20240424;100428;7850;14;10189826233;B
20240424;100428;7850;86;10189826234;B
20240424;100428;7850;1;10189826235;B
20240424;100428;7851;1;10189826237;B
20240424;100428;7851;300;10189826238;B
20240424;100428;7851.5;5;10189826239;B
20240424;100430;7852;5;10189826594;S
20240424;100430;7852;10;10189826684;B
20240424;100432;7852;1;10189826912;B
20240424;100433;7852.5;10;10189827060;B
20240424;100435;7851.5;1;10189827474;S
20240424;100436;7852;2;10189827517;B
20240424;100437;7851.5;4;10189827708;S
20240424;100437;7851.5;7;10189827709;S
20240424;100437;7851;1;10189827710;S
20240424;100437;7850.5;4;10189827711;S
20240424;100437;7852;2;10189827745;B
20240424;100439;7852;1;10189827861;B
20240424;100443;7852.5;20;10189828500;B
20240424;100444;7852.5;3;10189828611;B
20240424;100448;7852.5;1;10189829182;B
20240424;100449;7852.5;1;10189829322;B
20240424;100449;7852;7;10189829460;S
20240424;100453;7852;1;10189830028;S
20240424;100454;7852;1;10189830078;S
20240424;100456;7852.5;7;10189830310;B
20240424;100457;7852.5;2;10189830499;B
20240424;100457;7852.5;1;10189830506;B
20240424;100457;7852.5;3;10189830510;B
20240424;100458;7852.5;22;10189830803;B
20240424;100458;7852.5;2;10189830804;B
20240424;100458;7852.5;1;10189830805;B
20240424;100458;7853;10;10189830806;B
20240424;100458;7853;2;10189830807;B
20240424;100458;7853;111;10189830808;B
20240424;100459;7852.5;1;10189830871;S
20240424;100500;7852.5;18;10189831118;S
20240424;100500;7853;26;10189831124;B
20240424;100501;7852.5;32;10189831194;S
20240424;100501;7852.5;18;10189831195;S
20240424;100501;7853;26;10189831223;B
20240424;100507;7852.5;1;10189832117;S
20240424;100507;7852.5;1;10189832160;S
20240424;100510;7852.5;2;10189832467;S
20240424;100511;7852.5;30;10189832586;S
20240424;100511;7852.5;3;10189832587;S
20240424;100511;7852.5;30;10189832588;S
20240424;100511;7852.5;3;10189832589;S
20240424;100511;7852;118;10189832590;S
20240424;100511;7852;7;10189832591;S
20240424;100511;7852;25;10189832592;S
20240424;100511;7851;1;10189832593;S
20240424;100511;7851;21;10189832594;S
20240424;100511;7851;10;10189832595;S
20240424;100511;7850.5;32;10189832596;S
20240424;100511;7850.5;3;10189832597;S
20240424;100511;7850;17;10189832598;S
20240424;100511;7850.5;34;10189832605;S
20240424;100511;7850;51;10189832606;S
20240424;100512;7852.5;10;10189832750;B
20240424;100513;7851;5;10189832885;S
20240424;100518;7851;1;10189833722;S
20240424;100523;7851;2;10189834316;S
20240424;100524;7851;8;10189834521;B
20240424;100524;7851;10;10189834522;B
20240424;100524;7851;7;10189834523;B
20240424;100524;7852;11;10189834524;B
20240424;100529;7850.5;7;10189835158;S
20240424;100532;7850.5;3;10189835670;B
20240424;100534;7850.5;2;10189835854;B
20240424;100535;7850.5;1;10189835974;B
20240424;100536;7851;10;10189836156;B
20240424;100537;7850.5;13;10189836301;B
20240424;100539;7850;1;10189836482;S
20240424;100540;7850.5;3;10189836665;B
20240424;100548;7850.5;7;10189837737;B
20240424;100548;7850.5;1;10189837738;B
20240424;100549;7851;2;10189837826;B
20240424;100549;7850.5;1;10189837891;S
20240424;100550;7850.5;1;10189838028;S
20240424;100550;7850;28;10189838029;S
20240424;100550;7850;1;10189838030;S
20240424;100550;7850;2;10189838031;S
20240424;100550;7850;1;10189838032;S
20240424;100550;7850;1;10189838033;S
20240424;100550;7850;1;10189838034;S
20240424;100550;7849.5;7;10189838035;S
20240424;100550;7849.5;10;10189838036;S
20240424;100550;7849;8;10189838037;S
20240424;100557;7849.5;4;10189838964;B
20240424;100559;7850;32;10189839241;B
20240424;100559;7850;218;10189839242;B
20240424;100559;7850;5;10189839275;B
20240424;100559;7849.5;1;10189839296;B
20240424;100600;7849;10;10189839423;S
20240424;100601;7849.5;32;10189839703;B
20240424;100601;7850;4;10189839704;B
20240424;100602;7849;15;10189839829;S
20240424;100606;7849.5;2;10189840391;B
20240424;100610;7849.5;27;10189841088;B
20240424;100611;7849.5;21;10189841241;B
20240424;100611;7849.5;19;10189841242;B
20240424;100612;7849;5;10189841388;S
20240424;100620;7849;3;10189842766;S
20240424;100622;7849;2;10189843136;S
20240424;100624;7849;1;10189843320;S
20240424;100625;7849;1;10189843693;S
20240424;100625;7849.5;2;10189843715;B
20240424;100626;7849.5;4;10189843753;B
20240424;100629;7849.5;2;10189844533;B
20240424;100632;7849.5;1;10189845197;B
20240424;100633;7849;5;10189845260;S
20240424;100640;7849;20;10189846257;S
20240424;100640;7849;3;10189846258;S
20240424;100640;7849;1;10189846259;S
20240424;100640;7849;13;10189846260;S
20240424;100640;7849;29;10189846261;S
20240424;100640;7849;10;10189846262;S
20240424;100640;7849;2;10189846263;S
20240424;100640;7849;1;10189846264;S
20240424;100640;7849;5;10189846265;S
20240424;100640;7849;6;10189846266;S
20240424;100643;7849.5;1;10189846891;B
20240424;100645;7849;1;10189847166;S
20240424;100646;7849;1;10189847260;S
20240424;100646;7849;1;10189847261;S
20240424;100646;7849;1;10189847262;S
20240424;100646;7849.5;2;10189847265;B
20240424;100649;7849.5;1;10189847713;B
20240424;100649;7849;3;10189847724;S
20240424;100649;7848.5;2;10189847725;S
20240424;100649;7848.5;1;10189847726;S
20240424;100649;7848.5;11;10189847760;S
20240424;100649;7848.5;100;10189847761;S
20240424;100649;7848.5;10;10189847762;S
20240424;100649;7848.5;1;10189847763;S
20240424;100652;7848.5;1;10189848186;B
20240424;100657;7848.5;9;10189848895;B
20240424;100700;7848.5;10;10189849305;B
20240424;100705;7848.5;1;10189849834;B
20240424;100709;7848;1;10189851280;S
20240424;100709;7848;1;10189851281;S
20240424;100709;7847.5;10;10189851354;S
20240424;100709;7847.5;2;10189851355;S
20240424;100709;7847.5;1;10189851356;S
20240424;100710;7846.5;4;10189851538;B
20240424;100710;7846;10;10189851652;S
20240424;100710;7846;5;10189851653;S
20240424;100710;7846;5;10189851654;S
20240424;100710;7845.5;10;10189851656;S
20240424;100710;7845.5;1;10189851657;S
20240424;100711;7845;1;10189851781;S
20240424;100713;7845;435;10189852337;S
20240424;100713;7845;20;10189852338;S
20240424;100713;7845;100;10189852339;S
20240424;100713;7845;559;10189852340;S
20240424;100713;7845;140;10189852342;S
20240424;100713;7845;141;10189852343;S
20240424;100715;7845;1;10189852701;S
20240424;100716;7845;5;10189852863;S
20240424;100717;7845;22;10189852930;S
20240424;100717;7845.5;20;10189852954;B
20240424;100720;7845;5;10189853808;S
20240424;100721;7845;1;10189854017;S
20240424;100725;7845.5;1;10189855246;B
20240424;100725;7845;20;10189855288;S
20240424;100726;7845;28;10189855609;S
20240424;100727;7845;1;10189856125;S
20240424;100728;7845;8;10189856239;S
20240424;100730;7845.5;1;10189856737;B
20240424;100732;7845;10;10189857156;S
20240424;100735;7845;2;10189857568;S
20240424;100735;7845.5;2;10189857692;B
20240424;100735;7845;11;10189857749;S
20240424;100739;7845;1;10189858799;S
20240424;100740;7845.5;2;10189859213;B
20240424;100742;7845.5;2;10189859614;B
20240424;100743;7845;9;10189859978;S
20240424;100745;7845.5;2;10189860445;B
20240424;100747;7845;95;10189860853;S
20240424;100747;7845;4;10189861200;S
20240424;100749;7845.5;11;10189862034;B
20240424;100749;7845.5;50;10189862035;B
20240424;100749;7845.5;9;10189862036;B
20240424;100750;7845;28;10189862377;S
20240424;100753;7845;40;10189863388;S
20240424;100753;7845;75;10189863389;S
20240424;100753;7845;1;10189863390;S
20240424;100755;7845;5;10189864266;S
20240424;100755;7845;4;10189864406;S
20240424;100756;7845;24;10189864596;S
20240424;100756;7845;555;10189864664;S
20240424;100758;7845;15;10189865188;S
20240424;100758;7845;1;10189865212;S
20240424;100759;7845;2;10189865361;S
20240424;100759;7845;100;10189865490;S
20240424;100800;7845;23;10189865682;S
20240424;100800;7845;1;10189865757;S
20240424;100800;7845;1;10189865765;S
20240424;100804;7845;200;10189866632;S
20240424;100806;7845;49;10189867106;S
20240424;100806;7845.5;2;10189867141;B
20240424;100806;7845.5;20;10189867254;B
20240424;100808;7845;1;10189867687;S
20240424;100814;7845;7;10189869048;S
20240424;100817;7845;30;10189869610;S
20240424;100822;7845.5;19;10189870488;B
20240424;100822;7845.5;10;10189870489;B
20240424;100822;7845.5;28;10189870490;B
20240424;100822;7845.5;28;10189870491;B
20240424;100822;7845.5;39;10189870492;B
20240424;100822;7845.5;40;10189870493;B
20240424;100822;7845.5;10;10189870494;B
20240424;100822;7845.5;1;10189870495;B
20240424;100822;7845.5;4;10189870496;B
20240424;100822;7845.5;21;10189870497;B
20240424;100822;7845.5;50;10189870498;B
20240424;100822;7845.5;8;10189870499;B
20240424;100822;7845.5;10;10189870500;B
20240424;100822;7846;50;10189870501;B
20240424;100822;7846;40;10189870502;B
20240424;100822;7846;15;10189870503;B
20240424;100822;7846;9;10189870504;B
20240424;100824;7845;330;10189870679;S
20240424;100824;7845;5;10189870680;S
20240424;100824;7845;1;10189870681;S
20240424;100826;7842;2;10189871002;B
20240424;100830;7842;21;10189871677;B
20240424;100831;7841.5;1;10189871848;S
20240424;100831;7841;3;10189871849;S
20240424;100831;7841;4;10189871850;S
20240424;100831;7841;7;10189871851;S
20240424;100838;7841;1;10189873226;B
20240424;100840;7841;2;10189873510;B
20240424;100840;7841;1;10189873516;B
20240424;100846;7841;1;10189874812;B
20240424;100850;7840.5;1;10189875509;S
20240424;100850;7840.5;1;10189875510;S
20240424;100850;7840.5;10;10189875511;S
20240424;100850;7840;1;10189875512;S
20240424;100900;7840.5;10;10189877390;B
20240424;100900;7840.5;5;10189877391;B
20240424;100900;7840.5;28;10189877414;B
20240424;100900;7840.5;2;10189877415;B
20240424;100900;7840.5;10;10189877416;B
20240424;100900;7841;5;10189877417;B
20240424;100900;7841;4;10189877418;B
20240424;100900;7841;1;10189877419;B
20240424;100904;7841;1;10189878101;B
20240424;100904;7841;10;10189878102;B
20240424;100904;7841;4;10189878103;B
20240424;100906;7840.5;4;10189878345;S
20240424;100907;7841;2;10189878556;B
20240424;100907;7841;8;10189878561;B
20240424;100907;7841;4;10189878562;B
20240424;100909;7840.5;1;10189879255;S
20240424;100911;7840.5;5;10189879733;S
20240424;100911;7840.5;15;10189879734;S
20240424;100911;7840.5;2;10189879735;S
20240424;100911;7840;8;10189879736;S
20240424;100911;7840;10;10189879737;S
20240424;100911;7840;5;10189879738;S
20240424;100911;7840;8;10189879739;S
20240424;100911;7840;1;10189879740;S
20240424;100911;7840;6;10189879741;S
20240424;100911;7840;1;10189879742;S
20240424;100911;7840;5;10189879743;S
20240424;100911;7840;1;10189879744;S
20240424;100911;7840;7;10189879745;S
20240424;100911;7840;3;10189879746;S
20240424;100911;7840;1;10189879747;S
20240424;100911;7840;7;10189879748;S
20240424;100911;7840;1;10189879749;S
20240424;100911;7840;10;10189879750;S
20240424;100911;7840;3;10189879751;S
20240424;100911;7840;1;10189879752;S
20240424;100912;7840.5;7;10189879906;B
20240424;100913;7840.5;1;10189880240;B
20240424;100914;7840;18;10189880307;S
20240424;100916;7840;200;10189880657;S
20240424;100916;7840;10;10189880696;S
20240424;100916;7840;10;10189880697;S
20240424;100916;7840;10;10189880698;S
20240424;100916;7840;10;10189880699;S
20240424;100916;7840;10;10189880700;S
20240424;100916;7840;10;10189880702;S
20240424;100916;7840;10;10189880707;S
20240424;100917;7840;30;10189880915;S
20240424;100919;7840;2;10189881066;S
20240424;100919;7840;1;10189881079;S
20240424;100922;7840;10;10189881569;S
20240424;100926;7840.5;1;10189882273;B
20240424;100931;7840.5;5;10189884074;B
20240424;100931;7840;1;10189884115;S
20240424;100934;7840.5;2;10189884606;B
20240424;100936;7840;1;10189884943;S
20240424;100937;7840.5;3;10189885232;B
20240424;100941;7840.5;1;10189885835;B
20240424;100941;7840;1;10189885864;S
20240424;100948;7840.5;1;10189887975;B
20240424;100949;7840;5;10189888106;S
20240424;100951;7840;26;10189888665;S
20240424;100951;7840;1;10189888666;S
20240424;100951;7840;12;10189888667;S
20240424;100951;7840;18;10189888668;S
20240424;100951;7840.5;8;10189888721;B
20240424;100951;7840.5;6;10189888722;B
20240424;100953;7840;82;10189889126;S
20240424;100953;7840;1;10189889127;S
20240424;100953;7840;1;10189889128;S
20240424;100953;7839.5;15;10189889129;S
20240424;100953;7838;1;10189889146;S
20240424;100953;7838;3;10189889147;S
20240424;100953;7838;4;10189889148;S
20240424;100953;7838;1;10189889149;S
20240424;100953;7838;4;10189889163;S
20240424;100953;7837;3;10189889164;S
20240424;100953;7837;1;10189889165;S
20240424;100953;7836;1;10189889166;S
20240424;100953;7836;4;10189889167;S
20240424;100953;7836;1;10189889168;S
20240424;100953;7836;1;10189889169;S
20240424;100953;7835.5;2;10189889170;S
20240424;100953;7835.5;2;10189889171;S
20240424;100953;7835.5;11;10189889172;S
20240424;100953;7836;1;10189889174;B
20240424;100955;7835.5;1;10189889482;S
20240424;100956;7836;10;10189889512;B
20240424;100957;7835.5;6;10189889747;S
20240424;100957;7835.5;1;10189889795;S
20240424;100959;7835.5;1;10189890315;S
20240424;101000;7835.5;22;10189890615;S
20240424;101004;7835.5;2;10189891503;S
20240424;101006;7835.5;6;10189891880;B
20240424;101006;7835.5;21;10189891881;B
20240424;101006;7835.5;16;10189891882;B
20240424;101006;7836;7;10189891883;B
20240424;101009;7835.5;10;10189892376;S
20240424;101009;7836;10;10189892387;B
20240424;101016;7835.5;15;10189893822;S
20240424;101019;7836.5;1;10189894298;B
20240424;101020;7836;3;10189894485;S
20240424;101022;7836;1;10189894770;S
20240424;101025;7836;10;10189895239;S
20240424;101029;7836.5;1;10189895802;B
20240424;101030;7836;1;10189895905;S
20240424;101032;7836;3;10189896229;S
20240424;101032;7836;13;10189896377;S
20240424;101037;7836;1;10189897555;S
20240424;101037;7836;1;10189897556;S
20240424;101043;7836;1;10189899335;B
20240424;101045;7835.5;2;10189899800;S
20240424;101045;7835.5;1;10189899801;S
20240424;101045;7835;3;10189899802;S
20240424;101045;7835;24;10189899803;S
20240424;101046;7835;23;10189899865;S
20240424;101047;7835;20;10189900300;S
20240424;101049;7835;38;10189900825;S
20240424;101049;7835;4;10189900933;S
20240424;101049;7835;131;10189901283;S
20240424;101049;7835;4;10189901284;S
20240424;101049;7834.5;15;10189901285;S
20240424;101049;7834;2;10189901306;S
20240424;101049;7833.5;3;10189901321;S
20240424;101049;7833.5;2;10189901322;S
20240424;101050;7833;1;10189901328;S
20240424;101050;7832.5;1;10189901329;S
20240424;101050;7832.5;1;10189901330;S
20240424;101050;7832.5;7;10189901331;S
20240424;101051;7831.5;2;10189901769;S
20240424;101051;7831;2;10189901770;S
20240424;101051;7830.5;10;10189901771;S
20240424;101051;7830.5;92;10189901772;S
20240424;101051;7830;1;10189901773;S
20240424;101051;7830;20;10189901774;S
20240424;101051;7830;162;10189901938;S
20240424;101052;7830.5;1;10189902096;B
20240424;101052;7830;18;10189902175;S
20240424;101052;7830;8;10189902176;S
20240424;101052;7830;3;10189902177;S
20240424;101052;7830;1;10189902178;S
20240424;101052;7830;1;10189902179;S
20240424;101052;7830;40;10189902180;S
20240424;101053;7830;1;10189902430;S
20240424;101054;7830.5;2;10189902541;B
20240424;101056;7830;4;10189904046;S
20240424;101058;7830;15;10189904717;S
20240424;101058;7830;1;10189904718;S
20240424;101058;7830;36;10189904719;S
20240424;101058;7830;1;10189904844;S
20240424;101058;7830;1;10189904846;S
20240424;101059;7830;12;10189904906;S
20240424;101059;7828.5;1;10189904907;S
20240424;101059;7828;16;10189904908;S
20240424;101059;7827.5;10;10189904909;S
20240424;101059;7827.5;10;10189904910;S
20240424;101059;7827;39;10189904911;S
20240424;101059;7826.5;20;10189904912;S
20240424;101059;7826.5;13;10189904913;S
20240424;101059;7826;1;10189904914;S
20240424;101059;7826;28;10189904915;S
20240424;101059;7827;1;10189904983;S
20240424;101059;7827;9;10189904998;S
20240424;101059;7826.5;11;10189904999;S
20240424;101059;7827;10;10189905000;S
20240424;101104;7826.5;10;10189907115;S
20240424;101104;7827;2;10189907550;B
20240424;101109;7827;1;10189908759;B
20240424;101112;7826.5;1;10189909444;S
20240424;101112;7827;10;10189909455;B
20240424;101112;7829;16;10189909572;S
20240424;101112;7829;21;10189909573;S
20240424;101112;7829;10;10189909574;S
20240424;101112;7829;50;10189909575;S
20240424;101112;7829;50;10189909576;S
20240424;101112;7827;2;10189909664;B
20240424;101114;7826.5;2;10189910147;S
20240424;101114;7826;98;10189910148;S
20240424;101118;7826;1;10189910858;S
20240424;101119;7826;15;10189911113;S
20240424;101119;7826;50;10189911114;S
20240424;101119;7826;85;10189911115;S
20240424;101119;7826;10;10189911116;S
20240424;101119;7825.5;10;10189911117;S
20240424;101119;7825.5;555;10189911118;S
20240424;101119;7825.5;50;10189911119;S
20240424;101119;7825;1;10189911120;S
20240424;101119;7825;1;10189911121;S
20240424;101119;7825;223;10189911122;S
20240424;101120;7825.5;5;10189911270;B
20240424;101121;7825.5;3;10189911535;B
20240424;101123;7825;121;10189911965;S
20240424;101124;7825;40;10189912256;S
20240424;101127;7825;50;10189913069;S
20240424;101127;7825.5;4;10189913071;B
20240424;101128;7825;2;10189913201;S
20240424;101129;7825.5;1;10189913442;B
20240424;101131;7825;1;10189913904;S
20240424;101132;7825;1;10189914077;S
20240424;101133;7825.5;1;10189914176;B
20240424;101134;7825.5;14;10189914366;B
20240424;101134;7825.5;50;10189914367;B
20240424;101134;7825.5;14;10189914368;B
20240424;101134;7825.5;40;10189914369;B
20240424;101134;7825.5;10;10189914370;B
20240424;101134;7825.5;1;10189914371;B
20240424;101134;7825.5;32;10189914372;B
20240424;101134;7825.5;13;10189914395;S
20240424;101134;7825.5;11;10189914417;S
20240424;101135;7827;10;10189914498;B
20240424;101135;7827.5;32;10189914499;B
20240424;101135;7828;10;10189914512;B
20240424;101135;7828;22;10189914513;B
20240424;101135;7829;50;10189914515;B
20240424;101135;7830;20;10189914516;B
20240424;101135;7830;24;10189914517;B
20240424;101135;7831;9;10189914518;B
20240424;101135;7831;32;10189914519;B
20240424;101135;7831.5;20;10189914521;B
20240424;101135;7831.5;12;10189914522;B
20240424;101135;7831.5;15;10189914523;B
20240424;101135;7831.5;1;10189914524;B
20240424;101135;7832;24;10189914525;B
20240424;101135;7832.5;50;10189914664;S
20240424;101135;7832.5;16;10189914665;S
20240424;101135;7832.5;10;10189914666;S
20240424;101135;7831.5;50;10189914667;S
20240424;101135;7831.5;21;10189914668;S
20240424;101135;7829;30;10189914669;S
20240424;101135;7828.5;40;10189914670;S
20240424;101135;7828.5;18;10189914671;S
20240424;101138;7830;5;10189915357;S
20240424;101138;7830;3;10189915449;S
20240424;101138;7830;4;10189915450;S
20240424;101138;7829.5;28;10189915452;S
20240424;101141;7829.5;21;10189915990;S
20240424;101141;7828.5;49;10189915991;S
20240424;101142;7828.5;16;10189916142;S
20240424;101142;7828;10;10189916143;S
20240424;101142;7828;1;10189916144;S
20240424;101150;7828.5;15;10189918436;B
20240424;101152;7828.5;16;10189918904;S
20240424;101152;7828.5;21;10189918905;S
20240424;101152;7828;85;10189918906;S
20240424;101152;7827.5;10;10189918907;S
20240424;101152;7827.5;10;10189918908;S
20240424;101152;7827;43;10189918909;S
20240424;101154;7829;10;10189919297;B
20240424;101155;7829;10;10189919489;S
20240424;101157;7829.5;1;10189919891;B
20240424;101200;7829;5;10189920701;S
20240424;101200;7829;6;10189920762;S
20240424;101201;7829.5;1;10189920832;B
20240424;101201;7829;8;10189920842;S
20240424;101204;7829;1;10189921731;S
20240424;101205;7829;2;10189922161;S
20240424;101208;7829;13;10189922908;S
20240424;101211;7829;2;10189923452;S
20240424;101219;7829;1;10189927177;S
20240424;101225;7829;42;10189928794;S
20240424;101225;7829;15;10189928795;S
20240424;101225;7829;34;10189928796;S
20240424;101225;7828;3;10189928797;S
20240424;101225;7828;6;10189928798;S
20240424;101225;7828.5;1;10189928850;S
20240424;101225;7828;20;10189928909;S
20240424;101225;7828;15;10189928914;S
20240424;101229;7828.5;28;10189930716;B
20240424;101229;7829;32;10189930717;B
20240424;101229;7829;15;10189930718;B
20240424;101229;7829.5;40;10189930719;B
20240424;101229;7829.5;10;10189930720;B
20240424;101229;7830;8;10189930721;B
20240424;101229;7830;40;10189930722;B
20240424;101229;7830;1;10189930723;B
20240424;101229;7830.5;26;10189930724;B
20240424;101230;7829.5;2;10189931435;B
20240424;101231;7829.5;21;10189931728;S
20240424;101231;7829.5;10;10189931729;S
20240424;101231;7829;15;10189931730;S
20240424;101231;7829;50;10189931731;S
20240424;101231;7828;16;10189931732;S
20240424;101237;7828.5;7;10189933282;S
20240424;101238;7830;14;10189933681;B
20240424;101240;7829.5;11;10189934135;S
20240424;101241;7830;10;10189934206;B
20240424;101241;7830;39;10189934207;B
20240424;101241;7830;50;10189934208;B
20240424;101241;7830;32;10189934209;B
20240424;101241;7830.5;50;10189934210;B
20240424;101241;7831;7;10189934211;B
20240424;101241;7831;28;10189934212;B
20240424;101241;7831;15;10189934213;B
20240424;101241;7832;40;10189934214;B
20240424;101241;7832.5;40;10189934215;B
20240424;101241;7833;78;10189934216;B
20240424;101241;7833;40;10189934217;B
20240424;101241;7833;78;10189934218;B
20240424;101241;7833.5;50;10189934219;B
20240424;101241;7833.5;21;10189934220;B
20240424;101241;7833.5;30;10189934221;B
20240424;101241;7834;50;10189934222;B
20240424;101241;7834;23;10189934223;B
20240424;101241;7834;5;10189934224;B
20240424;101241;7834;30;10189934225;B
20240424;101241;7834.5;10;10189934226;B
20240424;101241;7835;74;10189934227;B
20240424;101246;7833;14;10189935149;S
20240424;101254;7833.5;15;10189936901;B
20240424;101300;7833;10;10189938050;S
20240424;101301;7832.5;1;10189938347;B
20240424;101305;7832;1;10189939317;S
20240424;101307;7832.5;2;10189939624;B
20240424;101308;7832;3;10189939890;S
20240424;101309;7832;2;10189939989;S
20240424;101309;7832;21;10189939990;S
20240424;101309;7831.5;14;10189939991;S
20240424;101309;7831.5;23;10189939992;S
20240424;101311;7831.5;5;10189940342;S
20240424;101312;7832.5;29;10189940626;B
20240424;101312;7832.5;39;10189940627;B
20240424;101312;7832.5;10;10189940628;B
20240424;101312;7833;22;10189940629;B
20240424;101315;7832;21;10189941184;S
20240424;101315;7832;13;10189941185;S
20240424;101315;7831.5;6;10189941186;S
20240424;101315;7831.5;10;10189941187;S
20240424;101316;7831.5;30;10189941393;S
20240424;101320;7832;50;10189941959;B
20240424;101320;7832;1;10189942015;S
20240424;101321;7832;1;10189942222;S
20240424;101322;7832.5;32;10189942358;B
20240424;101322;7833;12;10189942360;B
20240424;101322;7833;126;10189942361;B
20240424;101322;7833.5;1;10189942362;B
20240424;101322;7833.5;1;10189942363;B
20240424;101322;7833.5;11;10189942364;B
20240424;101322;7834;32;10189942367;B
20240424;101322;7835;10;10189942425;B
20240424;101322;7835.5;2;10189942434;B
20240424;101323;7836.5;4;10189942599;S
20240424;101326;7836.5;10;10189943084;S
20240424;101326;7836.5;13;10189943085;S
20240424;101326;7836.5;9;10189943086;S
20240424;101326;7836.5;7;10189943135;S
20240424;101326;7836;24;10189943136;S
20240424;101332;7836;10;10189944559;B
20240424;101333;7837;1;10189944613;B
20240424;101334;7837;19;10189944906;B
20240424;101339;7838;32;10189945929;S
20240424;101339;7838;13;10189945930;S
20240424;101339;7837.5;42;10189945931;S
20240424;101339;7837;3;10189945932;S
20240424;101344;7838;30;10189946832;S
20240424;101354;7837.5;12;10189948982;S
20240424;101358;7838;1;10189949545;B
20240424;101359;7837.5;1;10189949634;S
20240424;101400;7837.5;3;10189949811;S
20240424;101400;7838;1;10189949898;B
20240424;101400;7838;30;10189949948;B
20240424;101400;7838;12;10189949949;B
20240424;101400;7838;39;10189949950;B
20240424;101400;7838;5;10189949951;B
20240424;101400;7838;8;10189949952;B
20240424;101400;7838.5;50;10189949953;B
20240424;101400;7838.5;10;10189949954;B
20240424;101400;7839;96;10189949955;B
20240424;101403;7838.5;10;10189950551;B
20240424;101403;7838.5;33;10189950552;B
20240424;101408;7838.5;1;10189951342;B
20240424;101408;7838;1;10189951448;S
20240424;101408;7839;40;10189951450;B
20240424;101410;7838.5;10;10189951627;B
20240424;101410;7838.5;50;10189951628;B
20240424;101410;7839;141;10189951629;B
20240424;101423;7839;5;10189953666;B
20240424;101432;7839;18;10189955028;B
20240424;101432;7839;20;10189955029;B
20240424;101432;7839.5;12;10189955030;B
20240424;101432;7840;50;10189955031;B
20240424;101434;7839;3;10189955199;S
20240424;101435;7838.5;5;10189955405;S
20240424;101435;7838;20;10189955406;S
20240424;101435;7838;3;10189955407;S
20240424;101444;7837.5;5;10189957259;S
20240424;101444;7836;9;10189957339;S
20240424;101444;7836.5;1;10189957359;B
20240424;101450;7836.5;4;10189958704;B
20240424;101451;7836.5;2;10189958926;B
20240424;101459;7836.5;1;10189959965;S
20240424;101501;7837.5;1;10189960485;S
20240424;101502;7838;1;10189960615;B
20240424;101502;7837.5;27;10189960732;S
20240424;101502;7837;3;10189960733;S
20240424;101503;7836.5;7;10189960994;S
20240424;101503;7836;42;10189960995;S
20240424;101508;7836.5;3;10189962077;B
20240424;101510;7836;7;10189962549;S
20240424;101512;7836.5;12;10189963079;B
20240424;101516;7836.5;1;10189964173;S
20240424;101523;7839;15;10189965818;B
20240424;101527;7839.5;10;10189966712;B
20240424;101528;7840;2;10189966768;S
20240424;101528;7841;1;10189966865;B
20240424;101528;7841.5;2;10189966878;B
20240424;101531;7841.5;1;10189967596;B
20240424;101538;7840.5;15;10189968799;B
20240424;101541;7841;3;10189969299;B
20240424;101541;7842;3;10189969422;B
20240424;101545;7842;7;10189970108;B
20240424;101545;7842;3;10189970109;B
20240424;101548;7841;6;10189970463;S
20240424;101548;7841.5;10;10189970576;B
20240424;101548;7841;1;10189970642;B
20240424;101556;7841.5;5;10189971677;B
20240424;101557;7841;5;10189971920;S
20240424;101557;7840.5;1;10189971921;S
20240424;101603;7841.5;10;10189972764;B
20240424;101603;7840.5;34;10189972790;S
20240424;101603;7840.5;10;10189972791;S
20240424;101603;7840;1;10189972792;S
20240424;101603;7840;12;10189972793;S
20240424;101603;7839.5;32;10189972794;S
20240424;101603;7839;28;10189972795;S
20240424;101603;7838.5;40;10189972796;S
20240424;101603;7838;40;10189972797;S
20240424;101603;7838;1;10189972798;S
20240424;101603;7837.5;40;10189972799;S
20240424;101603;7837;21;10189972800;S
20240424;101603;7837;17;10189972801;S
20240424;101603;7837;30;10189972802;S
20240424;101603;7836.5;1;10189972803;S
20240424;101603;7836.5;77;10189972804;S
20240424;101605;7839;10;10189973197;B
20240424;101610;7840;9;10189974083;B
20240424;101615;7839.5;3;10189974901;S
20240424;101616;7840;1;10189975090;B
20240424;101617;7840;1;10189975213;B
20240424;101617;7841;1;10189975214;B
20240424;101624;7840.5;1;10189976585;B
20240424;101625;7840;3;10189976659;S
20240424;101625;7839;7;10189976660;S
20240424;101625;7839;1;10189976724;B
20240424;101625;7840;2;10189976725;B
20240424;101625;7840;5;10189976730;B
20240424;101625;7840;2;10189976731;B
20240424;101625;7840;4;10189976732;B
20240424;101625;7840.5;4;10189976733;B
20240424;101625;7840.5;2;10189976734;B
20240424;101625;7840.5;1;10189976735;B
20240424;101625;7840.5;10;10189976736;B
20240424;101625;7840.5;1;10189976737;B
20240424;101625;7840.5;1;10189976742;B
20240424;101633;7839.5;5;10189978109;B
20240424;101636;7839.5;2;10189978489;B
20240424;101638;7839.5;1;10189978801;B
20240424;101640;7839.5;2;10189979077;B
20240424;101640;7839.5;1;10189979078;B
20240424;101640;7839.5;1;10189979209;B
20240424;101640;7839.5;8;10189979216;B
20240424;101645;7839;1;10189980134;S
20240424;101645;7838.5;1;10189980208;S
20240424;101645;7839;1;10189980239;B
20240424;101647;7839;1;10189980465;B
20240424;101649;7839;18;10189980852;B
20240424;101653;7839;1;10189981944;B
20240424;101657;7838.5;1;10189982782;S
20240424;101657;7839;1;10189982832;B
20240424;101702;7838.5;21;10189983825;B
20240424;101704;7838.5;1;10189984318;S
20240424;101707;7838.5;28;10189984806;B
20240424;101709;7839;1;10189985120;B
20240424;101710;7839;2;10189985570;B
20240424;101713;7838.5;5;10189985990;S
20240424;101713;7839;9;10189986092;B
20240424;101713;7839;21;10189986093;B
20240424;101713;7839.5;10;10189986094;B
20240424;101713;7839.5;14;10189986095;B
20240424;101713;7839.5;1;10189986096;B
20240424;101713;7839.5;1;10189986097;B
20240424;101713;7839.5;34;10189986098;B
20240424;101716;7839;10;10189986647;S
20240424;101719;7839.5;7;10189987131;B
20240424;101724;7839;10;10189988637;B
20240424;101731;7839;1;10189989616;B
20240424;101731;7839;1;10189989651;B
20240424;101743;7838.5;3;10189992173;S
20240424;101743;7838.5;3;10189992174;S
20240424;101743;7839;3;10189992256;B
20240424;101743;7838.5;29;10189992261;S
20240424;101743;7838.5;11;10189992262;S
20240424;101754;7839;5;10189994633;B
20240424;101755;7838.5;15;10189994715;S
20240424;101755;7838.5;12;10189994716;S
20240424;101755;7838.5;35;10189994717;S
20240424;101755;7838.5;10;10189994718;S
20240424;101755;7838;20;10189994719;S
20240424;101755;7838;10;10189994720;S
20240424;101755;7838;1;10189994721;S
20240424;101755;7837.5;32;10189994722;S
20240424;101755;7837.5;39;10189994723;S
20240424;101755;7837;6;10189994724;S
20240424;101757;7838.5;8;10189995280;S
20240424;101759;7837.5;3;10189995565;S
20240424;101801;7837.5;5;10189996026;S
20240424;101804;7837;1;10189996855;S
20240424;101809;7837.5;2;10189997675;B
20240424;101811;7837;1;10189998025;S
20240424;101811;7837;1;10189998026;S
20240424;101811;7837;12;10189998027;S
20240424;101813;7837.5;8;10189998164;B
20240424;101813;7837.5;12;10189998165;B
20240424;101813;7837.5;5;10189998166;B
20240424;101817;7837.5;1;10189998701;B
20240424;101827;7837.5;1;10190000217;B
20240424;101828;7838;1;10190000328;B
20240424;101838;7838;1;10190002545;B
20240424;101853;7838;1;10190005178;B
20240424;101854;7838;1;10190005272;B
20240424;101856;7838;10;10190005578;B
20240424;101901;7837.5;10;10190006279;S
20240424;101901;7838;5;10190006280;B
20240424;101901;7837.5;4;10190006293;B
20240424;101903;7837;1;10190006550;S
20240424;101903;7837;10;10190006551;S
20240424;101903;7837;1;10190006552;S
20240424;101903;7837;1;10190006553;S
20240424;101903;7836.5;12;10190006554;S
20240424;101903;7836.5;1;10190006555;S
20240424;101906;7836.5;10;10190006958;S
20240424;101906;7837.5;5;10190006959;B
20240424;101906;7837;5;10190006972;B
20240424;101908;7837;1;10190007197;B
20240424;101908;7837;22;10190007202;B
20240424;101908;7837;17;10190007203;B
20240424;101911;7837;2;10190007615;B
20240424;101911;7837;10;10190007640;B
20240424;101911;7837.5;10;10190007641;B
20240424;101911;7837.5;10;10190007642;B
20240424;101911;7838;26;10190007661;B
20240424;101911;7838.5;1;10190007662;B
20240424;101911;7838.5;1;10190007663;B
20240424;101911;7838.5;50;10190007664;B
20240424;101911;7838.5;20;10190007665;B
20240424;101911;7839;17;10190007666;B
20240424;101911;7839;1;10190007667;B
20240424;101911;7839;1;10190007668;B
20240424;101911;7839.5;41;10190007669;B
20240424;101911;7839.5;2;10190007670;B
20240424;101911;7839.5;1;10190007671;B
20240424;101911;7839.5;14;10190007672;B
20240424;101911;7839.5;38;10190007673;B
20240424;101911;7840;41;10190007674;B
20240424;101911;7840;42;10190007675;B
20240424;101911;7840;5;10190007687;B
20240424;101911;7840;5;10190007714;B
20240424;101913;7840;300;10190007898;B
20240424;101913;7840;607;10190007899;B
20240424;101913;7840;2;10190007900;B
20240424;101913;7840;1;10190007901;B
20240424;101913;7841;1;10190007902;B
20240424;101913;7841;1;10190007903;B
20240424;101913;7841;1;10190007904;B
20240424;101913;7841.5;20;10190007906;B
20240424;101913;7842;3;10190007907;B
20240424;101913;7842;2;10190007908;B
20240424;101919;7843;5;10190009028;B
20240424;101919;7843;4;10190009036;B
20240424;101920;7843;11;10190009071;B
20240424;101920;7843.5;2;10190009072;B
20240424;101920;7843.5;10;10190009096;B
20240424;101920;7843.5;21;10190009097;B
20240424;101920;7843.5;9;10190009098;B
20240424;101924;7842;1;10190009800;S
20240424;101929;7843.5;5;10190010466;B
20240424;101929;7843.5;5;10190010490;B
20240424;101931;7842.5;2;10190010636;S
20240424;101931;7842;31;10190010637;S
20240424;101931;7842;10;10190010638;S
20240424;101938;7842;5;10190011687;B
20240424;101942;7841.5;1;10190012228;S
20240424;101948;7841.5;13;10190013083;S
20240424;101948;7841;13;10190013084;S
20240424;101948;7840.5;39;10190013085;S
20240424;101948;7840.5;32;10190013086;S
20240424;101948;7840.5;10;10190013087;S
20240424;101948;7840;50;10190013088;S
20240424;101948;7840;5;10190013089;S
20240424;101948;7840;1;10190013090;S
20240424;101948;7839.5;50;10190013091;S
20240424;101948;7839.5;28;10190013092;S
20240424;101948;7839;50;10190013093;S
20240424;101948;7838.5;50;10190013094;S
20240424;101948;7838.5;40;10190013095;S
20240424;101948;7838.5;35;10190013096;S
20240424;101948;7838;50;10190013097;S
20240424;101948;7838;34;10190013098;S
20240424;101956;7840.5;1;10190014136;B
20240424;102001;7840.5;4;10190015132;B
20240424;102010;7840.5;3;10190016619;B
20240424;102010;7841;300;10190016620;B
20240424;102010;7841;40;10190016621;B
20240424;102010;7842;6;10190016622;B
20240424;102010;7843;1;10190016626;B
20240424;102010;7843;5;10190016630;B
20240424;102010;7843;5;10190016647;B
20240424;102012;7843.5;2;10190016813;B
20240424;102016;7843;5;10190017490;B
20240424;102017;7842.5;10;10190017793;S
20240424;102017;7842.5;5;10190017794;S
20240424;102017;7842.5;45;10190017829;S
20240424;102017;7842.5;50;10190017830;S
20240424;102017;7842.5;32;10190017831;S
20240424;102017;7842.5;10;10190017832;S
20240424;102017;7842;12;10190017833;S
20240424;102017;7841.5;49;10190017834;S
20240424;102017;7843;16;10190017842;B
20240424;102017;7843;10;10190017843;B
20240424;102017;7843.5;12;10190017844;B
20240424;102017;7844;13;10190017845;B
20240424;102018;7843;1;10190018046;B
20240424;102021;7843;20;10190019170;B
20240424;102021;7843.5;12;10190019171;B
20240424;102021;7844;40;10190019172;B
20240424;102021;7844;10;10190019173;B
20240424;102021;7844.5;50;10190019174;B
20240424;102021;7844.5;6;10190019175;B
20240424;102021;7844.5;40;10190019176;B
20240424;102021;7845;1;10190019177;B
20240424;102021;7845;35;10190019178;B
20240424;102021;7845;100;10190019179;B
20240424;102021;7845;50;10190019180;B
20240424;102021;7844;10;10190021042;B
20240424;102021;7844;21;10190021043;B
20240424;102021;7844;8;10190021044;B
20240424;102022;7844;1;10190021309;B
20240424;102023;7844;2;10190021349;B
20240424;102025;7844;4;10190021768;B
20240424;102029;7843.5;200;10190023608;S
20240424;102029;7843.5;10;10190023609;S
20240424;102029;7843.5;32;10190023610;S
20240424;102029;7842.5;12;10190023611;S
20240424;102029;7842;2;10190023612;S
20240424;102029;7842;85;10190023613;S
20240424;102029;7840.5;22;10190023614;S
20240424;102029;7840.5;21;10190023615;S
20240424;102029;7840.5;40;10190023616;S
20240424;102029;7840;25;10190023617;S
20240424;102029;7840;1;10190023618;S
20240424;102029;7840;1;10190023619;S
20240424;102029;7840;1;10190023620;S
20240424;102029;7840;1;10190023621;S
20240424;102029;7840;1;10190023622;S
20240424;102029;7840;2;10190023623;S
20240424;102029;7840;1;10190023624;S
20240424;102029;7840;1;10190023625;S
20240424;102029;7840;40;10190023626;S
20240424;102029;7840;28;10190023627;S
20240424;102029;7839.5;40;10190023628;S
20240424;102029;7839;30;10190023629;S
20240424;102029;7839;4;10190023630;S
20240424;102030;7840;1;10190023849;S
20240424;102040;7840.5;2;10190026821;B
20240424;102042;7840;1;10190027192;S
20240424;102044;7840.5;8;10190029478;B
20240424;102044;7840.5;2;10190029479;B
20240424;102045;7840.5;11;10190029660;B
20240424;102048;7840;1;10190030164;S
20240424;102048;7840;1;10190030165;S
20240424;102048;7840;1;10190030166;S
20240424;102048;7840;2;10190030167;S
20240424;102048;7840;1;10190030168;S
20240424;102048;7840;1;10190030169;S
20240424;102048;7840;1;10190030170;S
20240424;102048;7840;6;10190030171;S
20240424;102050;7840.5;10;10190030501;B
20240424;102050;7840.5;5;10190030502;B
20240424;102052;7840;1;10190030997;S
20240424;102052;7840;1;10190030998;S
20240424;102052;7840;2;10190030999;S
20240424;102052;7840.5;2;10190031007;B
20240424;102052;7840.5;1;10190031008;B
20240424;102052;7840.5;1;10190031009;B
20240424;102052;7840.5;10;10190031010;B
20240424;102052;7841;11;10190031011;B
20240424;102052;7841;50;10190031012;B
20240424;102052;7841;50;10190031013;B
20240424;102052;7841;300;10190031014;B
20240424;102052;7841.5;40;10190031015;B
20240424;102052;7841.5;21;10190031016;B
20240424;102052;7842;40;10190031017;B
20240424;102052;7842.5;40;10190031018;B
20240424;102052;7842.5;5;10190031019;B
20240424;102052;7843.5;28;10190031020;B
20240424;102052;7844;10;10190031021;B
20240424;102052;7844;30;10190031022;B
20240424;102052;7844;3;10190031023;B
20240424;102052;7845;50;10190031024;B
20240424;102052;7845;1;10190031025;B
20240424;102052;7845;1;10190031026;S
20240424;102052;7845;2;10190031027;S
20240424;102052;7845;2;10190031028;S
20240424;102052;7845;645;10190031029;S
20240424;102052;7845;166;10190031030;S
20240424;102052;7845;10;10190031031;S
20240424;102054;7845;10;10190032482;S
20240424;102054;7845;30;10190032510;S
20240424;102056;7845;258;10190032830;S
20240424;102059;7845;10;10190034413;S
20240424;102102;7845;1;10190034964;S
20240424;102106;7842;10;10190035669;S
20240424;102106;7842;10;10190035670;S
20240424;102106;7841.5;10;10190035671;S
20240424;102106;7841.5;22;10190035672;S
20240424;102107;7841.5;5;10190036853;B
20240424;102111;7841;1;10190037414;S
20240424;102112;7841;2;10190037474;S
20240424;102115;7843;1;10190037803;B
20240424;102118;7843.5;5;10190038374;B
20240424;102128;7844;1;10190042406;B
20240424;102133;7843.5;2;10190043744;S
20240424;102142;7844;2;10190045843;B
20240424;102142;7844;1;10190045878;B
20240424;102142;7844;1;10190045925;B
20240424;102142;7844;12;10190045926;B
20240424;102146;7843.5;8;10190047338;S
20240424;102146;7843.5;11;10190047339;S
20240424;102146;7843;1;10190047340;S
20240424;102153;7843.5;14;10190049494;S
20240424;102156;7844;2;10190049868;B
20240424;102157;7844;1;10190049947;B
20240424;102157;7844;4;10190049948;B
20240424;102157;7844;6;10190049949;B
20240424;102207;7844.5;10;10190053328;S
20240424;102207;7844.5;1;10190053329;S
20240424;102207;7844;9;10190053330;S
20240424;102207;7844;17;10190053331;S
20240424;102207;7844;2;10190053332;S
20240424;102207;7843.5;21;10190053333;S
20240424;102212;7845;6;10190054750;B
20240424;102212;7845;1;10190054751;B
20240424;102212;7845;37;10190054752;B
20240424;102212;7844.5;10;10190055265;S
20240424;102212;7844.5;25;10190055411;B
20240424;102216;7844.5;20;10190056216;B
20240424;102217;7844;10;10190056587;S
20240424;102217;7844;10;10190056636;B
20240424;102218;7843.5;1;10190056695;S
20240424;102222;7844.5;5;10190058234;B
20240424;102223;7843.5;10;10190058596;S
20240424;102229;7844;10;10190059386;B
20240424;102233;7844;1;10190060552;B
20240424;102233;7844;1;10190060553;B
20240424;102240;7845;1;10190063132;B
20240424;102240;7845;22;10190063133;B
20240424;102240;7845;31;10190063134;B
20240424;102240;7845;1;10190063140;B
20240424;102240;7845;1;10190063141;B
20240424;102244;7846;4;10190063742;B
20240424;102245;7846;1;10190063804;B
20240424;102250;7845;1;10190064591;S
20240424;102255;7845;9;10190066043;S
20240424;102255;7845;11;10190066044;S
20240424;102256;7845;2;10190066069;B
20240424;102256;7845;3;10190066426;B
20240424;102257;7847;1;10190068080;B
20240424;102310;7847;2;10190070016;B
20240424;102312;7847;3;10190071949;S
20240424;102312;7847;7;10190071950;S
20240424;102315;7847.5;20;10190072653;B
20240424;102315;7847.5;20;10190072654;B
20240424;102316;7847;333;10190072694;S
20240424;102318;7847.5;1;10190072979;B
20240424;102324;7847;3;10190074985;S
20240424;102325;7847.5;2;10190075085;B
20240424;102326;7847;444;10190075164;S
20240424;102326;7847;4;10190075165;S
20240424;102326;7847;1;10190075166;S
20240424;102327;7845;10;10190075327;S
20240424;102336;7845.5;1;10190078245;B
20240424;102337;7845.5;9;10190078451;B
20240424;102337;7845.5;9;10190078452;B
20240424;102338;7845;40;10190078566;S
20240424;102339;7845.5;4;10190078616;B
20240424;102339;7845;20;10190078922;S
20240424;102339;7845;1;10190079067;S
20240424;102340;7845;99;10190079293;S
20240424;102340;7845;1;10190079294;S
20240424;102343;7845.5;3;10190080189;B
20240424;102346;7845;20;10190080509;S
20240424;102349;7845;365;10190081358;S
20240424;102358;7844.5;3;10190084111;S
20240424;102358;7843.5;4;10190084112;S
20240424;102358;7843.5;5;10190084113;S
20240424;102358;7843;5;10190084114;S
20240424;102358;7843;2;10190084156;B
20240424;102358;7843;10;10190084157;B
20240424;102358;7843;2;10190084158;B
20240424;102359;7842.5;4;10190084187;S
20240424;102400;7841;2;10190084498;S
20240424;102400;7840.5;4;10190084499;S
20240424;102400;7840.5;12;10190084500;S
20240424;102401;7840;1;10190084612;S
20240424;102401;7840;1;10190084613;S
20240424;102401;7840;2;10190084614;S
20240424;102401;7840;1;10190084615;S
20240424;102401;7840;2;10190084616;S
20240424;102401;7840;23;10190084617;S
20240424;102401;7840;3;10190084618;S
20240424;102401;7840;1;10190084619;S
20240424;102401;7840;2;10190084620;S
20240424;102401;7840;1;10190084621;S
20240424;102401;7840;3;10190084622;S
20240424;102401;7840;20;10190084623;S
20240424;102401;7840;14;10190084624;S
20240424;102402;7840.5;7;10190084736;B
20240424;102404;7840;1;10190086359;S
20240424;102408;7841.5;4;10190087072;B
20240424;102418;7841;2;10190088934;S
20240424;102423;7841;3;10190091409;S
20240424;102426;7841;2;10190091768;B
20240424;102426;7841;1;10190091769;B
20240424;102426;7842;2;10190091770;B
20240424;102427;7842;2;10190091864;B
20240424;102431;7842;14;10190092375;B
20240424;102433;7842;2;10190092655;B
20240424;102434;7842;1;10190092813;B
20240424;102437;7842;4;10190094257;B
20240424;102437;7842.5;12;10190094258;B
20240424;102437;7843;10;10190094259;B
20240424;102439;7841.5;12;10190095549;S
20240424;102439;7840.5;1;10190095550;S
20240424;102439;7840.5;13;10190095551;S
20240424;102445;7840.5;1;10190097216;S
20240424;102446;7842;10;10190098097;B
20240424;102457;7841;1;10190100469;S
20240424;102459;7842;1;10190100677;B
20240424;102459;7842.5;4;10190100678;B
20240424;102511;7841;10;10190103684;S
20240424;102513;7841.5;2;10190104054;B
20240424;102514;7841;5;10190104157;S
20240424;102517;7842;1;10190106488;B
20240424;102517;7841;2;10190106502;S
20240424;102519;7841;12;10190106608;S
20240424;102519;7841;1;10190106609;S
20240424;102519;7840.5;13;10190106610;S
20240424;102534;7841;12;10190111039;S
20240424;102534;7841;7;10190111040;S
20240424;102534;7840.5;1;10190111041;S
20240424;102536;7841.5;2;10190111257;B
20240424;102540;7841.5;1;10190111664;B
20240424;102540;7841.5;7;10190111694;B
20240424;102540;7841.5;12;10190111695;B
20240424;102540;7841.5;7;10190111696;B
20240424;102543;7840.5;1;10190113143;S
20240424;102545;7840.5;1;10190113351;S
20240424;102550;7841;1;10190114115;B
20240424;102552;7840.5;1;10190114390;S
20240424;102552;7840.5;1;10190114391;S
20240424;102552;7840.5;1;10190114392;S
20240424;102558;7841;1;10190116816;B
20240424;102602;7840.5;1;10190117162;S
20240424;102602;7840.5;1;10190117163;S
20240424;102602;7840.5;1;10190117164;S
20240424;102602;7840.5;1;10190117165;S
20240424;102602;7840.5;1;10190117166;S
20240424;102602;7840.5;1;10190117167;S
20240424;102602;7840.5;1;10190117168;S
20240424;102602;7840.5;1;10190117169;S
20240424;102602;7840.5;2;10190117170;S
20240424;102602;7840.5;1;10190117171;S
20240424;102602;7840.5;1;10190117172;S
20240424;102602;7840.5;39;10190117173;S
20240424;102602;7840.5;1;10190117174;S
20240424;102602;7840.5;10;10190117175;S
20240424;102602;7840.5;32;10190117176;S
20240424;102602;7840;287;10190117177;S
20240424;102602;7840;3;10190117178;S
20240424;102606;7841;1;10190118990;B
20240424;102619;7841;5;10190123503;B
20240424;102627;7840.5;1;10190125648;S
20240424;102627;7840.5;1;10190125649;S
20240424;102627;7840.5;1;10190125650;S
20240424;102627;7840.5;2;10190125651;S
20240424;102627;7840.5;1;10190125652;S
20240424;102627;7840.5;1;10190125653;S
20240424;102627;7840.5;1;10190125654;S
20240424;102627;7840.5;1;10190125655;S
20240424;102627;7840.5;1;10190125656;S
20240424;102627;7841;3;10190125714;B
20240424;102628;7841;1;10190125813;B
20240424;102629;7841;1;10190125871;B
20240424;102632;7840.5;1;10190126306;S
20240424;102633;7841;1;10190126332;B
20240424;102635;7840.5;2;10190126761;S
20240424;102635;7840.5;1;10190126762;S
20240424;102635;7840.5;1;10190126763;S
20240424;102635;7840.5;1;10190126764;S
20240424;102635;7840.5;1;10190126780;B
20240424;102635;7840.5;1;10190126781;B
20240424;102635;7840.5;1;10190126783;B
20240424;102635;7840.5;1;10190126785;B
20240424;102635;7840.5;1;10190126788;B
20240424;102635;7840.5;1;10190126793;B
20240424;102635;7840.5;1;10190126794;B
20240424;102635;7840.5;1;10190126804;B
20240424;102635;7840.5;1;10190126807;B
20240424;102642;7840.5;1;10190127893;B
20240424;102646;7840.5;1;10190128978;B
20240424;102651;7840.5;2;10190129746;B
20240424;102652;7840.5;3;10190129903;B
20240424;102653;7840.5;1;10190130024;B
20240424;102653;7840.5;19;10190130025;B
20240424;102655;7840;1;10190130253;S
20240424;102657;7840.5;1;10190130454;B
20240424;102701;7840.5;8;10190130878;B
20240424;102706;7840;1;10190131495;S
20240424;102709;7840.5;1;10190131848;B
20240424;102709;7840;1;10190131916;S
20240424;102715;7840;1;10190132509;S
20240424;102722;7840.5;1;10190133947;B
20240424;102725;7840.5;1;10190134758;B
20240424;102728;7840.5;1;10190135000;B
20240424;102729;7840;6;10190135334;S
20240424;102730;7840.5;4;10190135442;B
20240424;102738;7840.5;1;10190136647;B
20240424;102746;7840;1;10190138251;S
20240424;102747;7840;4;10190138396;S
20240424;102747;7840;1;10190138397;S
20240424;102747;7840;20;10190138398;S
20240424;102747;7840;5;10190138399;S
20240424;102748;7840;1;10190138462;S
20240424;102751;7840;4;10190139050;S
20240424;102753;7840;35;10190139243;S
20240424;102756;7840;1;10190139988;S
20240424;102756;7840;9;10190140099;S
20240424;102756;7840;1;10190140100;S
20240424;102756;7840;1;10190140101;S
20240424;102756;7840;2;10190140102;S
20240424;102756;7840;25;10190140103;S
20240424;102758;7839;5;10190140445;B
20240424;102758;7838.5;40;10190140452;S
20240424;102758;7839;4;10190140458;B
20240424;102815;7839;1;10190143332;B
20240424;102817;7838.5;1;10190143599;S
20240424;102818;7838.5;1;10190143677;S
20240424;102819;7838.5;8;10190143941;S
20240424;102819;7838.5;2;10190143942;S
20240424;102819;7838.5;10;10190143943;S
20240424;102819;7838.5;1;10190143945;S
20240424;102822;7838.5;2;10190144851;S
20240424;102835;7838.5;12;10190146648;S
20240424;102835;7838.5;9;10190146649;S
20240424;102835;7838.5;1;10190146650;S
20240424;102835;7838.5;1;10190146651;S
20240424;102835;7838.5;1;10190146652;S
20240424;102835;7838.5;1;10190146653;S
20240424;102835;7838.5;1;10190146654;S
20240424;102835;7838.5;1;10190146655;S
20240424;102835;7838.5;1;10190146656;S
20240424;102835;7838.5;1;10190146657;S
20240424;102835;7838.5;1;10190146658;S
20240424;102835;7838.5;20;10190146659;S
20240424;102836;7838.5;1;10190146884;S
20240424;102836;7838.5;1;10190146885;S
20240424;102836;7838.5;1;10190146886;S
20240424;102836;7838.5;1;10190146887;S
20240424;102836;7838.5;1;10190146888;S
20240424;102836;7838.5;1;10190146889;S
20240424;102836;7838.5;1;10190146890;S
20240424;102836;7838.5;1;10190146891;S
20240424;102836;7838.5;1;10190146892;S
20240424;102836;7838.5;1;10190146893;S
20240424;102836;7838.5;1;10190146894;S
20240424;102836;7838.5;9;10190146895;S
20240424;102836;7838;2;10190146896;S
20240424;102836;7838;9;10190146903;B
20240424;102836;7838;9;10190146906;B
20240424;102836;7838;9;10190146920;B
20240424;102836;7838;1;10190146924;B
20240424;102836;7838;8;10190146925;B
20240424;102836;7838;9;10190146932;B
20240424;102836;7838;4;10190146953;B
20240424;102836;7838;5;10190146954;B
20240424;102837;7838;9;10190146965;B
20240424;102837;7838;5;10190146992;B
20240424;102838;7837.5;1;10190147159;S
20240424;102838;7837;10;10190147160;S
20240424;102838;7837;10;10190147161;S
20240424;102838;7837;8;10190147162;S
20240424;102839;7836.5;1;10190147223;S
20240424;102840;7836;1;10190147457;S
20240424;102840;7836;15;10190147458;S
20240424;102840;7836;1;10190147459;S
20240424;102840;7836;4;10190147460;S
20240424;102840;7836;6;10190147514;S
20240424;102840;7836;2;10190147515;S
20240424;102840;7836;5;10190147516;S
20240424;102840;7835.5;1;10190147517;S
20240424;102840;7835.5;14;10190147518;S
20240424;102840;7835.5;22;10190147519;S
20240424;102841;7835;2;10190147749;S
20240424;102841;7835;1;10190147750;S
20240424;102841;7835;9;10190147751;S
20240424;102841;7835;28;10190147752;S
20240424;102842;7833.5;11;10190147908;S
20240424;102842;7833.5;2;10190147909;S
20240424;102842;7833.5;2;10190147910;S
20240424;102842;7833.5;1;10190147941;S
20240424;102844;7833.5;7;10190148368;S
20240424;102844;7833.5;1;10190148369;S
20240424;102844;7833;1;10190148370;S
20240424;102844;7833;14;10190148371;S
20240424;102844;7833;27;10190148372;S
20240424;102845;7832.5;2;10190148435;S
20240424;102846;7832.5;8;10190148658;S
20240424;102846;7832.5;10;10190148659;S
20240424;102846;7832.5;1;10190148660;S
20240424;102846;7832.5;1;10190148661;S
20240424;102846;7832.5;1;10190148664;B
20240424;102846;7832.5;1;10190148675;B
20240424;102846;7832.5;1;10190148685;B
20240424;102846;7832.5;1;10190148696;B
20240424;102846;7832.5;1;10190148698;B
20240424;102846;7832.5;1;10190148709;B
20240424;102846;7832.5;1;10190148719;B
20240424;102846;7832.5;1;10190148722;B
20240424;102847;7832;50;10190148816;S
20240424;102849;7832;3;10190149074;S
20240424;102849;7832;50;10190149099;S
20240424;102858;7832.5;1;10190150403;B
20240424;102901;7832;11;10190150737;S
20240424;102903;7832.5;14;10190150957;B
20240424;102912;7833;3;10190152589;B
20240424;102927;7833;1;10190156047;B
20240424;102930;7833;25;10190156508;B
20240424;102931;7832.5;1;10190156687;S
20240424;102931;7832.5;96;10190156689;S
20240424;102931;7832;204;10190156690;S
20240424;102931;7832;182;10190156691;S
20240424;102931;7832;1;10190156692;S
20240424;102931;7832;5;10190156693;S
20240424;102931;7832;1;10190156694;S
20240424;102931;7832;100;10190156695;S
20240424;102931;7832;11;10190156696;S
20240424;102931;7832;1;10190156739;S
20240424;102936;7832;26;10190158300;S
20240424;102936;7832;22;10190158301;S
20240424;102938;7831.5;1;10190158575;S
20240424;102938;7831.5;1;10190158614;S
20240424;102938;7831;1;10190158624;S
20240424;102938;7830.5;1;10190158625;S
20240424;102938;7830.5;5;10190158813;S
20240424;102938;7830;1;10190158814;S
20240424;102938;7830;63;10190158815;S
20240424;102938;7830;3;10190158816;S
20240424;102938;7830;5;10190158817;S
20240424;102938;7830;4;10190158818;S
20240424;102938;7830;444;10190158819;S
20240424;102938;7830;1;10190158820;S
20240424;102938;7830;14;10190158821;S
20240424;102939;7830;1;10190159006;S
20240424;102939;7830;50;10190159072;S
20240424;102940;7830;1;10190159285;S
20240424;102941;7830;50;10190159589;S
20240424;102941;7830;50;10190159725;S
20240424;102942;7830;50;10190159884;S
20240424;102944;7830;50;10190160270;S
20240424;102944;7830;50;10190160306;S
20240424;102944;7830;4;10190160357;S
20240424;102944;7830;6;10190160358;S
20240424;102945;7830;22;10190160410;S
20240424;102945;7830;28;10190160411;S
20240424;102946;7830;1;10190160494;S
20240424;102946;7830;1;10190160495;S
20240424;102947;7830;1;10190160624;S
20240424;102948;7830;20;10190160763;S
20240424;102949;7830;1;10190160865;S
20240424;102950;7830;1;10190161002;S
20240424;102950;7830;1;10190161003;S
20240424;102952;7830;50;10190161312;S
20240424;102953;7830;1;10190161390;S
20240424;102955;7830.5;10;10190161598;B
20240424;102956;7830;1;10190161764;S
20240424;102959;7829.5;1;10190162098;S
20240424;103000;7829;1;10190162260;S
20240424;103000;7829;1;10190162261;S
20240424;103000;7828.5;100;10190162272;S
20240424;103000;7828;1;10190162273;S
20240424;103000;7828;1;10190162274;S
20240424;103000;7828;9;10190162275;S
20240424;103000;7828.5;1;10190162374;B
20240424;103001;7828;1;10190162466;S
20240424;103002;7828;1;10190162641;S
20240424;103003;7828;1;10190162835;S
20240424;103004;7828;1;10190162887;S
20240424;103005;7828;1;10190162989;S
20240424;103007;7828;4;10190163444;S
20240424;103008;7828.5;1;10190163595;B
20240424;103011;7828;1;10190164039;S
20240424;103013;7828;1;10190164298;S
20240424;103013;7828;1;10190164313;S
20240424;103013;7828.5;1;10190164340;B
20240424;103016;7828;1;10190164720;S
20240424;103017;7828.5;9;10190164908;B
20240424;103018;7828;2;10190165034;S
20240424;103019;7828;1;10190165142;S
20240424;103019;7828;1;10190165172;S
20240424;103020;7828.5;1;10190165222;B
20240424;103020;7828;1;10190165223;S
20240424;103031;7828;36;10190167429;S
20240424;103031;7828;1;10190167430;S
20240424;103031;7828;2;10190167431;S
20240424;103031;7828;50;10190167432;S
20240424;103031;7828;3;10190167433;S
20240424;103031;7828;3;10190167434;S
20240424;103031;7828;1;10190167435;S
20240424;103031;7828;4;10190167436;S
20240424;103043;7828.5;5;10190169248;B
20240424;103044;7828.5;1;10190169281;B
20240424;103056;7828;3;10190170846;S
20240424;103058;7828;2;10190171103;S
20240424;103059;7828;19;10190171295;S
20240424;103059;7828;2;10190171296;S
20240424;103059;7828;10;10190171297;S
20240424;103059;7828;14;10190171298;S
20240424;103059;7828;50;10190171299;S
20240424;103059;7828;32;10190171300;S
20240424;103101;7828;1;10190171823;B
20240424;103105;7828;7;10190172848;B
20240424;103105;7828;3;10190172849;B
20240424;103106;7827.5;1;10190173104;S
20240424;103109;7827.5;3;10190173586;S
20240424;103109;7827.5;1;10190173587;S
20240424;103113;7827.5;1;10190174123;S
20240424;103113;7827.5;14;10190174124;S
20240424;103115;7828;63;10190174494;B
20240424;103115;7828;12;10190174495;B
20240424;103115;7829;13;10190174496;B
20240424;103115;7829;2;10190174497;B
20240424;103115;7830;74;10190174499;B
20240424;103115;7830;5;10190174501;B
20240424;103115;7830;1;10190174510;B
20240424;103115;7830;5;10190174516;B
20240424;103115;7830;1;10190174517;B
20240424;103116;7830;9;10190174593;B
20240424;103119;7830.5;3;10190175008;B
20240424;103121;7832.5;50;10190175185;S
20240424;103121;7832.5;14;10190175186;S
20240424;103121;7832.5;10;10190175187;S
20240424;103121;7832;21;10190175188;S
20240424;103121;7831;50;10190175189;S
20240424;103121;7830.5;50;10190175190;S
20240424;103121;7830;28;10190175191;S
20240424;103121;7829;32;10190175192;S
20240424;103121;7828.5;78;10190175193;S
20240424;103121;7828.5;40;10190175194;S
20240424;103121;7828;27;10190175195;S
20240424;103121;7831.5;1;10190175254;B
20240424;103124;7832.5;4;10190175687;B
20240424;103126;7832.5;5;10190175939;B
20240424;103127;7832.5;11;10190176076;B
20240424;103128;7832;2;10190176185;S
20240424;103130;7832.5;3;10190176579;S
20240424;103133;7833;10;10190176960;B
20240424;103133;7833;5;10190176961;B
20240424;103133;7833.5;2;10190176969;B
20240424;103136;7831.5;1;10190177783;S
20240424;103150;7831.5;1;10190180517;B
20240424;103150;7831.5;1;10190180518;B
20240424;103150;7831.5;1;10190180519;B
20240424;103151;7830.5;10;10190180807;S
20240424;103151;7830.5;5;10190180808;S
20240424;103156;7831.5;3;10190181693;B
20240424;103157;7832;1;10190181838;B
20240424;103158;7831.5;1;10190182081;S
20240424;103203;7832.5;1;10190182680;B
20240424;103206;7832.5;5;10190182903;B
20240424;103210;7832.5;2;10190183421;B
20240424;103210;7832.5;6;10190183422;B
20240424;103211;7833.5;1;10190183642;B
20240424;103213;7835;1;10190183860;B
20240424;103214;7835;10;10190184057;B
20240424;103216;7835.5;1;10190184239;B
20240424;103216;7835;1;10190184304;B
20240424;103219;7835;10;10190184579;B
20240424;103220;7835;1;10190184669;B
20240424;103224;7833.5;10;10190185257;S
20240424;103224;7833.5;4;10190185258;S
20240424;103226;7832;2;10190185537;S
20240424;103227;7831;1;10190185635;S
20240424;103227;7830.5;1;10190185664;S
20240424;103228;7831.5;1;10190185784;B
20240424;103235;7830.5;1;10190186499;B
20240424;103245;7830;1;10190189545;S
20240424;103245;7830;5;10190189546;S
20240424;103245;7829;29;10190189547;S
20240424;103246;7829.5;2;10190189814;B
20240424;103247;7829;1;10190190074;S
20240424;103253;7829.5;1;10190191410;B
20240424;103254;7829;1;10190191791;S
20240424;103256;7829;29;10190192432;S
20240424;103256;7829;11;10190192433;S
20240424;103257;7828.5;1;10190192656;B
20240424;103257;7828;1;10190192747;S
20240424;103258;7828.5;2;10190192917;B
20240424;103300;7829;10;10190193475;B
20240424;103300;7830;5;10190193528;B
20240424;103301;7830;4;10190193555;B
20240424;103306;7829.5;10;10190195250;S
20240424;103306;7829.5;50;10190195251;S
20240424;103306;7829.5;10;10190195252;S
20240424;103313;7830;1;10190197316;B
20240424;103313;7830;32;10190197317;B
20240424;103313;7830.5;7;10190197318;B
20240424;103313;7830.5;37;10190197319;B
20240424;103313;7830.5;2;10190197320;B
20240424;103314;7830;10;10190197473;S
20240424;103316;7830.5;8;10190197980;B
20240424;103328;7830.5;13;10190201424;B
20240424;103330;7833;1;10190201970;B
20240424;103331;7832.5;1;10190202109;S
20240424;103332;7832.5;3;10190202424;S
20240424;103338;7833;7;10190204205;B
20240424;103345;7833.5;1;10190205807;B
20240424;103345;7834.5;3;10190205894;B
20240424;103345;7833.5;11;10190205914;S
20240424;103345;7833.5;28;10190205915;S
20240424;103347;7832;5;10190206465;B
20240424;103350;7832.5;43;10190207139;B
20240424;103351;7832.5;1;10190207260;B
20240424;103400;7832.5;10;10190208651;B
20240424;103400;7832.5;1;10190208658;B
20240424;103405;7830.5;1;10190209235;S
20240424;103423;7832;2;10190211321;B
20240424;103425;7832.5;1;10190211447;B
20240424;103425;7832;2;10190211477;S
20240424;103426;7832.5;1;10190211764;B
20240424;103429;7832.5;145;10190212894;B
20240424;103431;7834;1;10190213060;B
20240424;103432;7834;1;10190213231;B
20240424;103433;7835;1;10190213322;B
20240424;103433;7835;11;10190213323;B
20240424;103434;7835;3;10190213750;S
20240424;103434;7835;7;10190213751;S
20240424;103436;7835.5;28;10190213945;B
20240424;103436;7836;2;10190213946;B
20240424;103436;7836;2;10190213953;B
20240424;103440;7836;11;10190214503;S
20240424;103440;7835.5;50;10190214504;S
20240424;103440;7835;21;10190214505;S
20240424;103440;7834;10;10190214506;S
20240424;103440;7833.5;32;10190214507;S
20240424;103440;7833;28;10190214508;S
20240424;103440;7833;4;10190214509;S
20240424;103440;7833;30;10190214510;S
20240424;103440;7832.5;21;10190214511;S
20240424;103440;7832.5;9;10190214512;S
20240424;103440;7832;1;10190214513;S
20240424;103440;7832;30;10190214514;S
20240424;103444;7834;15;10190215013;B
20240424;103445;7832.5;50;10190215093;S
20240424;103445;7832.5;10;10190215094;S
20240424;103445;7832;11;10190215095;S
20240424;103445;7832;29;10190215096;S
20240424;103448;7834;1;10190215490;B
20240424;103501;7833.5;1;10190216662;B
20240424;103502;7834;5;10190216735;B
20240424;103505;7833.5;32;10190217144;B
20240424;103505;7833.5;40;10190217145;B
20240424;103505;7834;40;10190217146;B
20240424;103505;7834;10;10190217147;B
20240424;103506;7834.5;1;10190217206;S
20240424;103520;7835;1;10190219095;B
20240424;103524;7835;5;10190219627;B
20240424;103526;7834.5;10;10190219836;S
20240424;103526;7834;8;10190219837;S
20240424;103526;7834;1;10190219838;S
20240424;103526;7834;50;10190219839;S
20240424;103526;7834;1;10190219840;S
20240424;103533;7833;5;10190220662;B
20240424;103534;7833.5;1;10190220751;B
20240424;103535;7832.5;50;10190220805;B
20240424;103535;7832.5;10;10190220806;B
20240424;103535;7832.5;10;10190220807;B
20240424;103535;7832.5;50;10190220808;B
20240424;103535;7832.5;21;10190220809;B
20240424;103535;7832.5;32;10190220810;B
20240424;103535;7832.5;40;10190220811;B
20240424;103540;7832.5;6;10190221454;S
20240424;103540;7833;7;10190221522;B
20240424;103541;7833;1;10190221612;B
20240424;103543;7833;23;10190221809;B
20240424;103544;7833;4;10190221859;B
20240424;103552;7832.5;1;10190222827;S
20240424;103553;7833;1;10190222863;B
20240424;103555;7832.5;11;10190223102;S
20240424;103557;7833;1;10190223404;B
20240424;103600;7832.5;1;10190223860;S
20240424;103600;7833;47;10190223905;B
20240424;103600;7833;5;10190223906;B
20240424;103600;7833;6;10190223907;B
20240424;103600;7833.5;10;10190223908;B
20240424;103600;7834;50;10190223909;B
20240424;103600;7834.5;8;10190223910;B
20240424;103601;7834.5;50;10190223948;S
20240424;103601;7834.5;50;10190223949;S
20240424;103601;7834.5;10;10190223950;S
20240424;103601;7834.5;32;10190223951;S
20240424;103601;7834;10;10190223952;S
20240424;103601;7834;21;10190223953;S
20240424;103601;7833.5;50;10190223954;S
20240424;103601;7832.5;16;10190223955;S
20240424;103601;7832.5;30;10190223956;S
20240424;103601;7832.5;28;10190223957;S
20240424;103601;7832;1;10190223958;S
20240424;103601;7832;15;10190223959;S
20240424;103601;7831;40;10190223960;S
20240424;103601;7831;31;10190223961;S
20240424;103602;7834;1;10190224069;S
20240424;103607;7834.5;2;10190224611;S
20240424;103608;7835;1;10190224760;B
20240424;103616;7835;3;10190225833;B
20240424;103621;7835.5;5;10190226326;S
20240424;103626;7836;1;10190226724;B
20240424;103629;7837;10;10190227037;B
20240424;103630;7836;10;10190227081;S
20240424;103630;7836;16;10190227082;S
20240424;103633;7837;10;10190227627;S
20240424;103634;7836.5;3;10190227774;S
20240424;103643;7835.5;1;10190228794;B
20240424;103644;7835.5;1;10190228960;B
20240424;103648;7835;1;10190229540;S
20240424;103649;7834.5;1;10190229580;S
20240424;103649;7834;1;10190229660;S
20240424;103651;7834;3;10190229869;S
20240424;103652;7832;10;10190230002;B
20240424;103652;7832;32;10190230003;B
20240424;103653;7832;8;10190230136;S
20240424;103653;7831;9;10190230137;S
20240424;103700;7830.5;49;10190233033;S
20240424;103700;7830;1;10190233034;S
20240424;103700;7830;9;10190233035;S
20240424;103700;7830;8;10190233036;S
20240424;103700;7830;2;10190233037;S
20240424;103700;7830;3;10190233038;S
20240424;103700;7830;1;10190233039;S
20240424;103700;7830;12;10190233040;S
20240424;103700;7830;10;10190233041;S
20240424;103700;7829;4;10190233042;S
20240424;103700;7828;1;10190233043;S
20240424;103700;7829;1;10190233097;S
20240424;103701;7830.5;10;10190233617;B
20240424;103701;7831;32;10190233618;B
20240424;103701;7831;31;10190233619;B
20240424;103701;7831.5;1;10190233620;B
20240424;103701;7831.5;8;10190233621;B
20240424;103701;7831.5;28;10190233622;B
20240424;103701;7831.5;40;10190233623;B
20240424;103701;7831.5;10;10190233624;B
20240424;103701;7832;50;10190233625;B
20240424;103701;7832;40;10190233626;B
20240424;103701;7832;21;10190233627;B
20240424;103704;7831;1;10190235230;S
20240424;103708;7831.5;5;10190236473;B
20240424;103709;7831;1;10190236561;S
20240424;103709;7831;1;10190236579;S
20240424;103710;7831;1;10190236629;S
20240424;103710;7831;1;10190236671;S
20240424;103710;7831;1;10190236687;S
20240424;103710;7831;1;10190236709;S
20240424;103710;7831.5;1;10190236710;B
20240424;103710;7831.5;50;10190236711;B
20240424;103710;7831.5;10;10190236712;B
20240424;103710;7831.5;50;10190236713;B
20240424;103710;7831.5;1;10190236714;B
20240424;103711;7831.5;50;10190236770;S
20240424;103712;7831;1;10190236866;S
20240424;103712;7831;1;10190236890;S
20240424;103712;7831;1;10190236906;S
20240424;103713;7830;1;10190236934;S
20240424;103713;7831;9;10190236959;B
20240424;103713;7831.5;3;10190236960;B
20240424;103713;7830;1;10190236983;S
20240424;103713;7830;9;10190236984;S
20240424;103713;7830;10;10190236985;S
20240424;103713;7829;6;10190236986;S
20240424;103714;7829;1;10190237094;S
20240424;103719;7829.5;1;10190237595;B
20240424;103722;7830.5;16;10190237839;B
20240424;103724;7831.5;28;10190238108;S
20240424;103724;7831;2;10190238109;S
20240424;103737;7833;1;10190239570;B
20240424;103737;7833.5;3;10190239571;B
20240424;103743;7834;3;10190240092;S
20240424;103743;7834.5;1;10190240128;B
20240424;103743;7835.5;7;10190240129;B
20240424;103743;7835.5;9;10190240130;B
20240424;103743;7835.5;13;10190240131;B
20240424;103744;7834;5;10190240221;S
20240424;103749;7835.5;2;10190240687;S
20240424;103801;7835.5;1;10190242132;S
20240424;103801;7835.5;10;10190242133;S
20240424;103801;7835.5;1;10190242134;S
20240424;103801;7835;32;10190242135;S
20240424;103801;7835;35;10190242136;S
20240424;103801;7834;5;10190242137;S
20240424;103801;7834;10;10190242138;S
20240424;103801;7834;2;10190242139;S
20240424;103801;7833.5;39;10190242140;S
20240424;103801;7833;41;10190242141;S
20240424;103808;7833.5;1;10190242789;B
20240424;103815;7834;1;10190243624;B
20240424;103818;7834;21;10190243861;B
20240424;103824;7833.5;10;10190244675;S
20240424;103824;7833.5;50;10190244676;S
20240424;103824;7833.5;4;10190244677;S
20240424;103827;7833.5;40;10190244904;S
20240424;103831;7834;10;10190245279;B
20240424;103833;7834;1;10190245445;B
20240424;103839;7834;7;10190245947;B
20240424;103839;7834;4;10190245948;B
20240424;103839;7834;57;10190245949;B
20240424;103839;7834;7;10190245950;B
20240424;103839;7835;10;10190245951;B
20240424;103843;7835.5;3;10190246342;B
20240424;103843;7835.5;1;10190246343;B
20240424;103847;7835.5;10;10190246904;S
20240424;103851;7835;5;10190247286;B
20240424;103851;7835.5;25;10190247287;B
20240424;103853;7835.5;15;10190247414;B
20240424;103854;7835.5;4;10190247646;B
20240424;103902;7835;5;10190248717;B
20240424;103902;7835;5;10190248718;B
20240424;103903;7835.5;5;10190248856;B
20240424;103904;7835.5;91;10190248932;B
20240424;103914;7835;1;10190249990;B
20240424;103919;7834.5;1;10190250477;B
20240424;103930;7835;1;10190252031;B
20240424;103931;7835;1;10190252110;B
20240424;103932;7834.5;1;10190252401;S
20240424;103939;7834.5;1;10190252976;S
20240424;103948;7835;5;10190253993;B
20240424;103949;7834.5;16;10190254502;S
20240424;103950;7834.5;1;10190254707;B
20240424;103952;7834.5;1;10190255208;B
20240424;103958;7835;4;10190255810;B
20240424;104003;7835.5;5;10190256348;B
20240424;104005;7835;1;10190256458;S
20240424;104006;7835.5;1;10190256615;B
20240424;104006;7835.5;24;10190256616;B
20240424;104006;7836;196;10190256617;B
20240424;104006;7836;24;10190256618;B
20240424;104006;7836;24;10190256619;B
20240424;104007;7836;41;10190256710;B
20240424;104007;7836;1;10190256760;B
20240424;104012;7836;64;10190257357;B
20240424;104012;7836;1;10190257358;B
20240424;104012;7836;1;10190257359;B
20240424;104014;7837;1;10190257751;B
20240424;104018;7837;4;10190258225;B
20240424;104021;7838.5;10;10190258541;S
20240424;104021;7838.5;4;10190258542;S
20240424;104024;7838.5;1;10190258864;S
20240424;104045;7838.5;3;10190261283;S
20240424;104047;7837.5;1;10190261582;S
20240424;104052;7838.5;2;10190262101;S
20240424;104054;7839;1;10190262264;B
20240424;104056;7838.5;1;10190262412;S
20240424;104057;7838.5;1;10190262515;S
20240424;104104;7838.5;12;10190263155;S
20240424;104104;7838.5;29;10190263156;S
20240424;104105;7839;1;10190263324;B
20240424;104105;7839;3;10190263325;B
20240424;104105;7839;10;10190263326;B
20240424;104105;7839.5;1;10190263327;B
20240424;104110;7839;1;10190263969;S
20240424;104111;7839.5;1;10190264027;B
20240424;104111;7840;1;10190264028;B
20240424;104111;7840;26;10190264029;B
20240424;104111;7840;17;10190264030;B
20240424;104111;7840;55;10190264031;B
20240424;104112;7840;25;10190264074;B
20240424;104112;7840;37;10190264172;B
20240424;104115;7840;9;10190264581;B
20240424;104118;7839.5;28;10190264876;S
20240424;104118;7839.5;11;10190264877;S
20240424;104121;7840;275;10190265346;B
20240424;104121;7840;20;10190265347;B
20240424;104123;7841;4;10190265591;B
20240424;104125;7841;332;10190265946;B
20240424;104125;7841;1;10190265947;B
20240424;104126;7840.5;10;10190266000;S
20240424;104126;7840.5;19;10190266001;S
20240424;104130;7841;1;10190266602;B
20240424;104130;7841;1;10190266603;B
20240424;104130;7841;1;10190266604;B
20240424;104130;7841;1;10190266605;B
20240424;104130;7841;6;10190266606;B
20240424;104130;7842;10;10190266632;S
20240424;104130;7842;21;10190266633;S
20240424;104130;7842;2;10190266634;S
20240424;104130;7842;18;10190266636;S
20240424;104130;7842;13;10190266637;S
20240424;104130;7842;16;10190266638;S
20240424;104130;7842;1;10190266639;S
20240424;104130;7842;17;10190266640;S
20240424;104130;7842;12;10190266641;S
20240424;104131;7842;18;10190266723;S
20240424;104131;7842;11;10190266724;S
20240424;104131;7842;21;10190266726;S
20240424;104131;7842;39;10190266727;S
20240424;104131;7842;11;10190266731;S
20240424;104131;7842;10;10190266732;S
20240424;104131;7842;3;10190266733;S
20240424;104132;7842;9;10190266904;S
20240424;104132;7842;9;10190266905;S
20240424;104132;7842;3;10190266906;S
20240424;104132;7842;22;10190266907;S
20240424;104132;7842;17;10190266908;S
20240424;104132;7842;8;10190266909;S
20240424;104132;7842;11;10190266910;S
20240424;104132;7842;10;10190266911;S
20240424;104132;7842;31;10190266912;S
20240424;104132;7842.5;1;10190266964;B
20240424;104133;7842.5;1;10190267080;B
20240424;104133;7842.5;7;10190267097;S
20240424;104133;7842;11;10190267098;S
20240424;104133;7842;8;10190267101;S
20240424;104133;7842;10;10190267102;S
20240424;104133;7842;13;10190267103;S
20240424;104133;7842;21;10190267104;S
20240424;104133;7842;6;10190267105;S
20240424;104133;7841.5;18;10190267106;S
20240424;104133;7841.5;17;10190267107;S
20240424;104135;7841;25;10190267268;S
20240424;104135;7840.5;27;10190267269;S
20240424;104135;7840.5;20;10190267270;S
20240424;104135;7840.5;3;10190267380;S
20240424;104135;7840.5;5;10190267381;S
20240424;104135;7840.5;21;10190267382;S
20240424;104135;7840;31;10190267383;S
20240424;104135;7841;21;10190267401;S
20240424;104135;7841;39;10190267402;S
20240424;104136;7841.5;5;10190267428;B
20240424;104136;7841;11;10190267500;S
20240424;104136;7841;21;10190267501;S
20240424;104136;7840.5;2;10190267502;S
20240424;104136;7840.5;26;10190267503;S
20240424;104137;7840.5;1;10190267538;S
20240424;104137;7840.5;21;10190267539;S
20240424;104137;7840.5;10;10190267540;S
20240424;104137;7840;17;10190267541;S
20240424;104141;7842;1;10190268056;B
20240424;104146;7840.5;1;10190268643;S
20240424;104147;7842;11;10190268732;B
20240424;104147;7842;10;10190268733;B
20240424;104147;7842.5;32;10190268734;B
20240424;104147;7842.5;6;10190268735;B
20240424;104151;7842.5;5;10190269159;B
20240424;104151;7842.5;5;10190269238;B
20240424;104151;7842.5;6;10190269239;B
20240424;104151;7842.5;5;10190269258;B
20240424;104151;7843;15;10190269259;B
20240424;104152;7841.5;11;10190269317;S
20240424;104155;7843.5;11;10190269785;B
20240424;104155;7843.5;8;10190269786;B
20240424;104202;7843.5;2;10190270665;B
20240424;104207;7843;1;10190271237;S
20240424;104210;7843.5;1;10190271500;B
20240424;104210;7843.5;1;10190271603;B
20240424;104213;7843.5;5;10190271936;B
20240424;104216;7843.5;5;10190272199;B
20240424;104228;7843.5;3;10190273516;S
20240424;104228;7844;1;10190273541;B
20240424;104228;7844.5;1;10190273542;B
20240424;104228;7844.5;1;10190273543;B
20240424;104229;7844;10;10190273583;S
20240424;104233;7844.5;10;10190273919;B
20240424;104233;7844;2;10190273945;S
20240424;104239;7844;3;10190274468;B
20240424;104240;7844;7;10190274636;B
20240424;104240;7844;13;10190274637;B
20240424;104246;7844.5;1;10190275202;B
20240424;104253;7844;3;10190275904;S
20240424;104253;7844.5;3;10190275964;B
20240424;104254;7844.5;1;10190276029;B
20240424;104256;7844;1;10190276196;S
20240424;104256;7844;1;10190276241;S
20240424;104256;7844;3;10190276242;S
20240424;104256;7844;3;10190276243;S
20240424;104256;7844;1;10190276244;S
20240424;104256;7844;14;10190276245;S
20240424;104256;7844;1;10190276246;S
20240424;104256;7844;1;10190276247;S
20240424;104256;7844;1;10190276248;S
20240424;104256;7844;1;10190276249;S
20240424;104256;7843.5;1;10190276250;S
20240424;104256;7843.5;1;10190276252;S
20240424;104256;7843.5;8;10190276253;S
20240424;104256;7843.5;1;10190276254;S
20240424;104257;7843.5;5;10190276260;S
20240424;104257;7843.5;1;10190276261;S
20240424;104257;7843.5;20;10190276264;S
20240424;104257;7844;1;10190276265;B
20240424;104257;7843.5;2;10190276269;S
20240424;104257;7843.5;4;10190276270;S
20240424;104257;7843.5;1;10190276271;S
20240424;104257;7843.5;1;10190276272;S
20240424;104257;7843.5;3;10190276273;S
20240424;104257;7843.5;3;10190276274;S
20240424;104257;7843.5;1;10190276275;S
20240424;104257;7844;1;10190276277;B
20240424;104257;7843.5;1;10190276278;S
20240424;104257;7843.5;1;10190276279;S
20240424;104257;7843.5;1;10190276280;S
20240424;104257;7844;6;10190276284;B
20240424;104257;7843.5;1;10190276285;S
20240424;104257;7843.5;1;10190276288;S
20240424;104257;7843.5;1;10190276291;S
20240424;104257;7843.5;4;10190276292;S
20240424;104257;7843.5;1;10190276293;S
20240424;104257;7843.5;1;10190276294;S
20240424;104257;7843.5;1;10190276295;S
20240424;104257;7843.5;1;10190276296;S
20240424;104257;7843.5;1;10190276297;S
20240424;104257;7843.5;1;10190276298;S
20240424;104257;7843.5;1;10190276299;S
20240424;104257;7843.5;1;10190276300;S
20240424;104257;7843.5;3;10190276301;S
20240424;104257;7843.5;1;10190276306;S
20240424;104257;7843.5;1;10190276307;S
20240424;104257;7844;1;10190276308;B
20240424;104257;7843.5;1;10190276309;S
20240424;104257;7843.5;11;10190276311;S
20240424;104257;7843.5;3;10190276313;S
20240424;104257;7843.5;1;10190276373;S
20240424;104257;7843.5;1;10190276374;S
20240424;104257;7843.5;1;10190276375;S
20240424;104257;7843.5;4;10190276377;S
20240424;104257;7843.5;1;10190276381;S
20240424;104257;7843.5;2;10190276383;S
20240424;104257;7842.5;1;10190276384;S
20240424;104257;7842.5;2;10190276385;S
20240424;104257;7842;1;10190276387;S
20240424;104257;7842;5;10190276388;S
20240424;104257;7842;7;10190276390;S
20240424;104257;7842;4;10190276392;S
20240424;104258;7842;1;10190276393;S
20240424;104258;7842;5;10190276394;S
20240424;104258;7842;1;10190276395;S
20240424;104258;7842;1;10190276396;S
20240424;104258;7842;2;10190276398;S
20240424;104258;7842;1;10190276399;S
20240424;104258;7842;1;10190276400;S
20240424;104258;7842;1;10190276402;S
20240424;104258;7842;1;10190276403;S
20240424;104258;7842;3;10190276405;S
20240424;104258;7842;2;10190276406;S
20240424;104258;7842;3;10190276408;S
20240424;104258;7842;1;10190276409;S
20240424;104258;7842;1;10190276410;S
20240424;104258;7842;1;10190276411;S
20240424;104258;7842;6;10190276412;S
20240424;104258;7842;2;10190276413;S
20240424;104258;7841;1;10190276414;S
20240424;104258;7840.5;2;10190276415;S
20240424;104258;7840.5;2;10190276416;S
20240424;104258;7840.5;1;10190276417;S
20240424;104258;7840.5;2;10190276418;S
20240424;104258;7840.5;2;10190276419;S
20240424;104258;7840.5;1;10190276420;S
20240424;104258;7840.5;1;10190276421;S
20240424;104258;7840.5;3;10190276422;S
20240424;104258;7840.5;4;10190276423;S
20240424;104258;7841;3;10190276424;S
20240424;104258;7840.5;1;10190276425;S
20240424;104258;7840.5;1;10190276426;S
20240424;104258;7841;1;10190276427;S
20240424;104258;7841;9;10190276428;S
20240424;104258;7840.5;4;10190276429;S
20240424;104258;7840.5;1;10190276430;S
20240424;104258;7840.5;9;10190276431;S
20240424;104258;7840.5;1;10190276432;S
20240424;104258;7840.5;1;10190276433;S
20240424;104258;7841;4;10190276434;S
20240424;104258;7840.5;1;10190276436;S
20240424;104258;7841;1;10190276437;S
20240424;104258;7840.5;1;10190276438;S
20240424;104259;7842;1;10190276518;B
20240424;104259;7840.5;1;10190276563;S
20240424;104259;7840.5;7;10190276568;S
20240424;104259;7840.5;1;10190276569;S
20240424;104259;7840.5;1;10190276579;S
20240424;104259;7840.5;2;10190276581;S
20240424;104259;7840.5;2;10190276584;S
20240424;104259;7840.5;1;10190276585;S
20240424;104259;7840.5;1;10190276586;S
20240424;104259;7841.5;1;10190276590;B
20240424;104259;7840.5;1;10190276592;S
20240424;104259;7840.5;2;10190276596;S
20240424;104259;7840.5;2;10190276597;S
20240424;104259;7840.5;8;10190276610;S
20240424;104259;7840.5;2;10190276611;S
20240424;104259;7840.5;5;10190276612;S
20240424;104259;7840.5;1;10190276613;S
20240424;104259;7840.5;1;10190276615;S
20240424;104259;7840.5;2;10190276616;S
20240424;104259;7840;1;10190276617;S
20240424;104259;7840;1;10190276618;S
20240424;104259;7840;1;10190276620;S
20240424;104259;7840;1;10190276621;S
20240424;104259;7840;1;10190276622;S
20240424;104259;7840;1;10190276623;S
20240424;104259;7840;1;10190276633;S
20240424;104259;7840;1;10190276634;S
20240424;104259;7840;1;10190276635;S
20240424;104259;7840;2;10190276637;S
20240424;104259;7840;7;10190276638;S
20240424;104259;7840;3;10190276639;S
20240424;104259;7840;1;10190276640;S
20240424;104259;7840;1;10190276641;S
20240424;104259;7840;4;10190276642;S
20240424;104259;7840;1;10190276643;S
20240424;104259;7840;1;10190276644;S
20240424;104259;7840;3;10190276645;S
20240424;104259;7840;2;10190276646;S
20240424;104259;7840;2;10190276647;S
20240424;104259;7840;10;10190276648;S
20240424;104259;7840;1;10190276649;S
20240424;104259;7840;3;10190276650;S
20240424;104259;7840;3;10190276651;S
20240424;104259;7840;2;10190276652;S
20240424;104259;7840;7;10190276653;S
20240424;104259;7840;1;10190276654;S
20240424;104259;7840;1;10190276655;S
20240424;104259;7840;1;10190276656;S
20240424;104259;7840;3;10190276657;S
20240424;104259;7840;1;10190276658;S
20240424;104259;7840;1;10190276659;S
20240424;104259;7840;1;10190276660;S
20240424;104259;7840;1;10190276661;S
20240424;104259;7840;2;10190276662;S
20240424;104259;7840;3;10190276663;S
20240424;104259;7840;1;10190276664;S
20240424;104300;7840;1;10190276779;S
20240424;104300;7840;1;10190276780;S
20240424;104300;7840;3;10190276782;S
20240424;104300;7840;1;10190276783;S
20240424;104300;7840;1;10190276784;S
20240424;104300;7840;1;10190276786;S
20240424;104300;7840;1;10190276787;S
20240424;104300;7840;1;10190276789;S
20240424;104300;7840;1;10190276792;S
20240424;104300;7840;1;10190276794;S
20240424;104300;7840;3;10190276795;S
20240424;104300;7840;1;10190276797;S
20240424;104300;7840;5;10190276798;S
20240424;104300;7840;1;10190276799;S
20240424;104300;7840;1;10190276800;S
20240424;104300;7840;3;10190276801;S
20240424;104300;7840;1;10190276802;S
20240424;104300;7840;1;10190276803;S
20240424;104300;7840;2;10190276805;S
20240424;104300;7840;1;10190276806;S
20240424;104300;7840;1;10190276810;S
20240424;104300;7840;1;10190276811;S
20240424;104300;7840;2;10190276813;S
20240424;104300;7840;1;10190276814;S
20240424;104300;7840;2;10190276816;S
20240424;104300;7840;1;10190276817;S
20240424;104300;7840;4;10190276819;S
20240424;104300;7840;2;10190276820;S
20240424;104300;7840;2;10190276821;S
20240424;104300;7840;1;10190276822;S
20240424;104300;7840;1;10190276823;S
20240424;104300;7840;1;10190276824;S
20240424;104300;7840;2;10190276825;S
20240424;104300;7840;2;10190276826;S
20240424;104300;7840;2;10190276827;S
20240424;104300;7840;3;10190276828;S
20240424;104300;7840;20;10190276829;S
20240424;104300;7840;5;10190276830;S
20240424;104300;7840;1;10190276831;S
20240424;104300;7840;1;10190276832;S
20240424;104300;7840;3;10190276833;S
20240424;104300;7840;1;10190276834;S
20240424;104300;7840;5;10190276835;S
20240424;104300;7840;1;10190276836;S
20240424;104300;7840;1;10190276837;S
20240424;104300;7840;2;10190276838;S
20240424;104300;7840;3;10190276839;S
20240424;104300;7840;1;10190276840;S
20240424;104300;7840;1;10190276841;S
20240424;104300;7840;2;10190276842;S
20240424;104300;7840;1;10190276843;S
20240424;104300;7840;2;10190276844;S
20240424;104300;7840;1;10190276845;S
20240424;104300;7840;2;10190276846;S
20240424;104300;7840;5;10190276847;S
20240424;104300;7840;1;10190276848;S
20240424;104301;7840;1;10190276939;S
20240424;104301;7840;1;10190276941;S
20240424;104301;7840;9;10190276942;S
20240424;104301;7840;1;10190276943;S
20240424;104301;7840;3;10190276945;S
20240424;104301;7840;1;10190276946;S
20240424;104301;7840;4;10190276947;S
20240424;104301;7840;1;10190276948;S
20240424;104301;7840;1;10190276949;S
20240424;104301;7840;1;10190276950;S
20240424;104301;7840;1;10190276952;S
20240424;104301;7840;1;10190276957;S
20240424;104301;7840;17;10190276960;S
20240424;104301;7840;1;10190276961;S
20240424;104301;7840;1;10190276962;S
20240424;104301;7840;1;10190276963;S
20240424;104301;7840;5;10190276964;S
20240424;104301;7840;1;10190276965;S
20240424;104301;7840;1;10190276966;S
20240424;104301;7840;2;10190276968;S
20240424;104301;7840;5;10190276969;S
20240424;104301;7840;6;10190276970;S
20240424;104301;7840;1;10190276971;S
20240424;104301;7840;1;10190276972;S
20240424;104301;7840;4;10190276973;S
20240424;104301;7840;1;10190276975;S
20240424;104301;7840;1;10190276976;S
20240424;104301;7840;2;10190276977;S
20240424;104301;7840;1;10190276978;S
20240424;104301;7840;2;10190276979;S
20240424;104301;7840;1;10190276980;S
20240424;104301;7840;1;10190276981;S
20240424;104301;7840;2;10190276982;S
20240424;104301;7840;2;10190276983;S
20240424;104301;7840;1;10190276984;S
20240424;104301;7840;1;10190276985;S
20240424;104301;7840;1;10190276986;S
20240424;104301;7840;3;10190276987;S
20240424;104301;7840;7;10190276988;S
20240424;104301;7840;4;10190276990;S
20240424;104301;7840;2;10190276991;S
20240424;104301;7840;1;10190276992;S
20240424;104301;7840;4;10190276993;S
20240424;104301;7840;1;10190276994;S
20240424;104301;7840;1;10190276995;S
20240424;104301;7840;1;10190276996;S
20240424;104301;7840;1;10190276997;S
20240424;104301;7840;1;10190276998;S
20240424;104301;7840;3;10190276999;S
20240424;104301;7840;1;10190277001;S
20240424;104302;7840;1;10190277073;S
20240424;104302;7840;1;10190277074;S
20240424;104302;7840;1;10190277078;S
20240424;104302;7840;1;10190277079;S
20240424;104302;7840;3;10190277080;S
20240424;104302;7840;1;10190277081;S
20240424;104302;7840;2;10190277083;S
20240424;104302;7840;5;10190277084;S
20240424;104302;7840;1;10190277086;S
20240424;104302;7840;2;10190277087;S
20240424;104302;7840;5;10190277088;S
20240424;104302;7840;8;10190277089;S
20240424;104302;7840;1;10190277090;S
20240424;104302;7840;7;10190277091;S
20240424;104302;7840;1;10190277092;S
20240424;104302;7840;1;10190277093;S
20240424;104302;7840;1;10190277094;S
20240424;104302;7840;3;10190277095;S
20240424;104302;7840;2;10190277102;S
20240424;104302;7840;4;10190277103;S
20240424;104302;7840;1;10190277104;S
20240424;104302;7840;1;10190277105;S
20240424;104302;7840;2;10190277106;S
20240424;104302;7840;3;10190277107;S
20240424;104302;7840;1;10190277108;S
20240424;104302;7840;1;10190277109;S
20240424;104302;7840;1;10190277110;S
20240424;104302;7840;3;10190277111;S
20240424;104302;7840;1;10190277112;S
20240424;104302;7840;10;10190277113;S
20240424;104302;7840;1;10190277114;S
20240424;104302;7840;1;10190277115;S
20240424;104302;7840;1;10190277116;S
20240424;104302;7840;1;10190277117;S
20240424;104302;7840;1;10190277118;S
20240424;104302;7840;1;10190277119;S
20240424;104302;7840;2;10190277121;S
20240424;104302;7840;2;10190277122;S
20240424;104302;7840;1;10190277123;S
20240424;104302;7840;1;10190277124;S
20240424;104302;7840;1;10190277125;S
20240424;104302;7840;1;10190277126;S
20240424;104302;7840;5;10190277127;S
20240424;104302;7840;2;10190277128;S
20240424;104302;7840;1;10190277129;S
20240424;104302;7840;3;10190277130;S
20240424;104302;7840;1;10190277131;S
20240424;104302;7840;1;10190277132;S
20240424;104302;7840;2;10190277133;S
20240424;104302;7840;1;10190277134;S
20240424;104302;7840;1;10190277135;S
20240424;104302;7840;1;10190277136;S
20240424;104302;7840;1;10190277137;S
20240424;104302;7840;1;10190277138;S
20240424;104302;7840;2;10190277139;S
20240424;104302;7840;3;10190277140;S
20240424;104302;7840;2;10190277141;S
20240424;104302;7840;1;10190277142;S
20240424;104302;7840;1;10190277143;S
20240424;104303;7840;1;10190277314;S
20240424;104303;7840;1;10190277315;S
20240424;104303;7840;1;10190277318;S
20240424;104303;7840;1;10190277320;S
20240424;104303;7840;21;10190277321;S
20240424;104303;7840;1;10190277322;S
20240424;104303;7840;1;10190277323;S
20240424;104303;7840;1;10190277324;S
20240424;104303;7840;1;10190277325;S
20240424;104303;7840;3;10190277326;S
20240424;104303;7840;1;10190277327;S
20240424;104303;7840;2;10190277328;S
20240424;104303;7840;1;10190277335;S
20240424;104303;7840;4;10190277336;S
20240424;104303;7840;1;10190277337;S
20240424;104303;7840;2;10190277339;S
20240424;104303;7840;1;10190277341;S
20240424;104303;7840;3;10190277345;S
20240424;104303;7840;1;10190277347;S
20240424;104303;7840;5;10190277348;S
20240424;104303;7840;1;10190277349;S
20240424;104303;7840;1;10190277350;S
20240424;104303;7840;2;10190277355;S
20240424;104303;7840;3;10190277356;S
20240424;104303;7840;1;10190277357;S
20240424;104303;7840;1;10190277359;S
20240424;104303;7840;1;10190277360;S
20240424;104303;7840;1;10190277362;S
20240424;104303;7840;3;10190277363;S
20240424;104303;7840;2;10190277364;S
20240424;104303;7840;1;10190277365;S
20240424;104303;7840;7;10190277366;S
20240424;104303;7840;1;10190277367;S
20240424;104303;7840;15;10190277368;S
20240424;104303;7840;1;10190277369;S
20240424;104303;7840;3;10190277370;S
20240424;104303;7840;2;10190277371;S
