<DATE>;<TIME>;<LAST>;<VOL>;<ID>;<OPER>
20240422;095943;7836;3;10177764363;S
20240422;095943;7836;3;10177764364;S
20240422;095943;7836;2;10177764365;S
20240422;095943;7836;10;10177764366;S
20240422;095943;7836;2;10177764367;S
20240422;095943;7836;2;10177764368;S
20240422;095943;7836;3;10177764369;S
20240422;095943;7836;1;10177764370;S
20240422;095943;7836;9;10177764371;S
20240422;095943;7836;1;10177764372;S
20240422;095943;7836;1;10177764373;S
20240422;095943;7836;2;10177764374;S
20240422;095943;7836;7;10177764375;S
20240422;095943;7836;3;10177764376;S
20240422;095943;7836;5;10177764377;S
20240422;095943;7836;1;10177764378;S
20240422;095943;7836;1;10177764379;B
20240422;095943;7836;1;10177764380;B
20240422;095943;7836;3;10177764381;B
20240422;095943;7836;1;10177764382;B
20240422;095943;7836;2;10177764383;B
20240422;095943;7836;2;10177764384;B
20240422;095943;7836;10;10177764385;B
20240422;095943;7836;1;10177764386;B
20240422;095943;7836;10;10177764387;B
20240422;095943;7836;63;10177764388;B
20240422;095943;7836;2;10177764389;B
20240422;095943;7836;4;10177764390;B
20240422;095943;7836;300;10177764391;B
20240422;095943;7836;7;10177764392;B
20240422;095943;7836;100;10177764393;B
20240422;095943;7836;3;10177764394;S
20240422;095943;7836;11;10177764395;S
20240422;095943;7836;100;10177764396;S
20240422;095943;7836;1;10177764397;S
20240422;095943;7836;30;10177764398;S
20240422;095943;7836;10;10177764399;S
20240422;095943;7836;2;10177764400;B
20240422;095943;7836;10;10177764401;B
20240422;095943;7836;1;10177764402;S
20240422;095943;7836;6;10177764403;S
20240422;095943;7836;4;10177764404;S
20240422;095943;7836;11;10177764405;S
20240422;095943;7836;1;10177764406;B
20240422;095943;7836;3;10177764407;S
20240422;095943;7836;50;10177764408;S
20240422;095943;7836;2;10177764409;S
20240422;095943;7836;2;10177764410;B
20240422;095943;7836;13;10177764411;B
20240422;095943;7836;1;10177764412;S
20240422;095943;7836;1;10177764413;S
20240422;095943;7836;1;10177764414;B
20240422;095943;7836;1;10177764415;B
20240422;095943;7836;1;10177764416;B
20240422;095943;7836;1;10177764417;B
20240422;095943;7836;1;10177764418;B
20240422;095943;7836;9;10177764419;B
20240422;095943;7836;2;10177764420;B
20240422;095943;7836;1;10177764421;B
20240422;095943;7836;1;10177764422;B
20240422;095943;7836;2;10177764423;B
20240422;095943;7836;20;10177764424;B
20240422;095943;7836;3;10177764425;S
20240422;095943;7836;1;10177764426;S
20240422;095943;7836;2;10177764427;S
20240422;095943;7836;53;10177764428;S
20240422;095943;7836;1;10177764429;S
20240422;095943;7836;3;10177764430;S
20240422;095943;7836;1;10177764431;B
20240422;095943;7836;2;10177764432;S
20240422;095943;7836;2;10177764433;S
20240422;095943;7836;1;10177764434;S
20240422;095943;7836;1;10177764435;S
20240422;095943;7836;3;10177764436;S
20240422;095943;7836;6;10177764437;S
20240422;095943;7836;1;10177764438;S
20240422;095943;7836;10;10177764439;S
20240422;095943;7836;1;10177764440;S
20240422;095943;7836;7;10177764441;S
20240422;095943;7836;1;10177764442;S
20240422;095943;7836;7;10177764443;S
20240422;095943;7836;1;10177764444;S
20240422;095943;7836;1;10177764445;B
20240422;095943;7836;8;10177764446;B
20240422;095943;7836;4;10177764447;S
20240422;095943;7836;100;10177764448;S
20240422;095943;7836;1;10177764449;S
20240422;095943;7836;2;10177764450;B
20240422;095943;7836;1;10177764451;B
20240422;095943;7836;1;10177764452;B
20240422;095943;7836;2;10177764453;B
20240422;095943;7836;1;10177764454;B
20240422;095943;7836;9;10177764455;B
20240422;095943;7836;1;10177764456;B
20240422;095943;7836;1;10177764457;B
20240422;095943;7836;3;10177764458;B
20240422;095943;7836;3;10177764459;B
20240422;095943;7836;1;10177764460;B
20240422;095943;7836;1;10177764461;B
20240422;095943;7836;2;10177764462;S
20240422;095943;7836;6;10177764463;B
20240422;095943;7836;3;10177764464;B
20240422;095943;7836;30;10177764465;B
20240422;095943;7836;5;10177764466;S
20240422;095943;7836;2;10177764467;B
20240422;095943;7836;5;10177764468;B
20240422;095943;7836;8;10177764469;B
20240422;095943;7836;1;10177764470;B
20240422;095943;7836;1;10177764471;B
20240422;095943;7836;1;10177764472;S
20240422;095943;7836;1;10177764473;S
20240422;095943;7836;1;10177764474;S
20240422;100000;7836;1;10177770076;S
20240422;100000;7836;19;10177770077;S
20240422;100000;7836;16;10177770078;S
20240422;100000;7836;1;10177770079;S
20240422;100000;7836;2;10177770080;S
20240422;100000;7836;31;10177770081;S
20240422;100000;7836;9;10177770082;S
20240422;100000;7836;5;10177770083;S
20240422;100000;7836;1;10177770084;S
20240422;100000;7836;1;10177770085;S
20240422;100000;7836;5;10177770086;S
20240422;100000;7836;1;10177770087;S
20240422;100000;7836;28;10177770088;S
20240422;100000;7836;15;10177770089;S
20240422;100000;7835.5;1;10177770247;S
20240422;100000;7835.5;2;10177770248;S
20240422;100000;7835.5;1;10177770249;S
20240422;100000;7835.5;2;10177770250;S
20240422;100000;7835.5;3;10177770251;S
20240422;100000;7835.5;1;10177770252;S
20240422;100000;7835.5;10;10177770253;S
20240422;100000;7835.5;1;10177770254;S
20240422;100000;7835.5;1;10177770255;S
20240422;100000;7835.5;1;10177770256;S
20240422;100000;7835.5;1;10177770257;S
20240422;100000;7835.5;16;10177770258;S
20240422;100000;7835.5;10;10177770270;S
20240422;100000;7836;1;10177770271;B
20240422;100000;7835.5;4;10177770288;S
20240422;100000;7835.5;6;10177770289;S
20240422;100000;7836;34;10177770299;B
20240422;100000;7836;6;10177770300;B
20240422;100000;7836;4;10177770313;B
20240422;100000;7836;10;10177770314;B
20240422;100000;7836;26;10177770315;B
20240422;100000;7835.5;14;10177770321;S
20240422;100000;7835.5;10;10177770322;S
20240422;100000;7835.5;1;10177770323;S
20240422;100000;7835.5;1;10177770324;S
20240422;100000;7835.5;4;10177770325;S
20240422;100000;7835.5;1;10177770326;S
20240422;100000;7835.5;1;10177770327;S
20240422;100000;7835.5;5;10177770328;S
20240422;100000;7835.5;2;10177770329;S
20240422;100000;7835.5;1;10177770330;S
20240422;100000;7835.5;1;10177770331;S
20240422;100000;7835.5;1;10177770332;S
20240422;100000;7835.5;1;10177770333;S
20240422;100000;7835.5;5;10177770334;S
20240422;100000;7835.5;2;10177770335;S
20240422;100000;7835.5;4;10177770336;S
20240422;100000;7835.5;2;10177770337;S
20240422;100000;7835.5;1;10177770338;S
20240422;100000;7835.5;1;10177770339;S
20240422;100000;7835.5;1;10177770340;S
20240422;100000;7835.5;10;10177770341;S
20240422;100000;7835.5;1;10177770342;S
20240422;100000;7835.5;1;10177770343;S
20240422;100000;7835.5;2;10177770344;S
20240422;100000;7835.5;1;10177770345;S
20240422;100000;7835.5;16;10177770346;S
20240422;100000;7836;1;10177770347;B
20240422;100000;7835.5;40;10177770351;S
20240422;100000;7835.5;7;10177770352;S
20240422;100000;7835.5;3;10177770353;S
20240422;100000;7836;23;10177770373;B
20240422;100000;7836;10;10177770374;B
20240422;100000;7836;7;10177770375;B
20240422;100000;7835.5;5;10177770380;S
20240422;100000;7835.5;1;10177770381;S
20240422;100000;7835.5;3;10177770382;S
20240422;100000;7835.5;1;10177770383;S
20240422;100000;7836;11;10177770387;B
20240422;100000;7835.5;1;10177770391;S
20240422;100000;7835.5;28;10177770392;S
20240422;100000;7835.5;21;10177770393;S
20240422;100000;7835.5;4;10177770395;S
20240422;100000;7835.5;40;10177770396;S
20240422;100000;7835.5;8;10177770397;S
20240422;100000;7836;2;10177770400;B
20240422;100000;7836;38;10177770401;B
20240422;100000;7836;12;10177770423;B
20240422;100000;7836;10;10177770424;B
20240422;100000;7836;18;10177770425;B
20240422;100000;7835.5;28;10177770443;S
20240422;100000;7835.5;2;10177770444;S
20240422;100000;7835.5;38;10177770445;S
20240422;100000;7835.5;2;10177770450;B
20240422;100000;7835.5;8;10177770451;B
20240422;100000;7835.5;32;10177770452;B
20240422;100000;7835.5;8;10177770453;B
20240422;100000;7835.5;28;10177770458;B
20240422;100000;7835.5;4;10177770462;B
20240422;100000;7835.5;30;10177770463;B
20240422;100000;7835.5;6;10177770464;B
20240422;100000;7835;1;10177770759;S
20240422;100000;7835;2;10177770760;S
20240422;100000;7835;2;10177770761;S
20240422;100000;7835;1;10177770762;S
20240422;100000;7835;1;10177770763;S
20240422;100001;7835;1;10177770914;S
20240422;100001;7835;10;10177770927;S
20240422;100001;7835;45;10177770928;S
20240422;100001;7835;3;10177770929;S
20240422;100001;7835;1;10177770930;S
20240422;100001;7835;1;10177770931;S
20240422;100001;7835;1;10177770933;S
20240422;100001;7835;5;10177770934;S
20240422;100001;7835;5;10177770935;S
20240422;100001;7835;5;10177770936;S
20240422;100001;7835;2;10177770937;S
20240422;100001;7835;1;10177770938;S
20240422;100001;7835;1;10177770939;S
20240422;100001;7835;10;10177770940;S
20240422;100001;7835;21;10177770941;S
20240422;100001;7835;10;10177770944;S
20240422;100001;7835;10;10177770945;S
20240422;100001;7835;9;10177770952;S
20240422;100001;7835;1;10177770953;S
20240422;100001;7835;10;10177770958;S
20240422;100001;7835;10;10177770959;S
20240422;100001;7835;3;10177771227;S
20240422;100001;7835.5;1;10177771541;B
20240422;100002;7835.5;2;10177771776;B
20240422;100002;7835;10;10177771893;S
20240422;100002;7835;5;10177772261;S
20240422;100004;7835.5;1;10177774258;B
20240422;100004;7835.5;4;10177774259;B
20240422;100004;7835;6;10177774375;S
20240422;100004;7835;15;10177774430;S
20240422;100004;7835;7;10177774506;S
20240422;100004;7835.5;1;10177774536;B
20240422;100005;7835.5;1;10177774896;B
20240422;100005;7835.5;3;10177774903;B
20240422;100005;7835.5;1;10177775076;B
20240422;100005;7835.5;3;10177775077;B
20240422;100005;7835.5;1;10177776134;B
20240422;100005;7835;340;10177776135;S
20240422;100005;7835;1;10177777192;S
20240422;100005;7835.5;3;10177777197;B
20240422;100005;7835.5;1;10177777200;B
20240422;100006;7835.5;2;10177777362;B
20240422;100006;7835.5;1;10177777363;B
20240422;100006;7835.5;1;10177777373;B
20240422;100006;7835;1;10177777376;S
20240422;100006;7835;1;10177777631;S
20240422;100006;7835;2;10177778755;S
20240422;100006;7835.5;1;10177778760;B
20240422;100006;7835.5;1;10177779038;B
20240422;100006;7835;5;10177779327;S
20240422;100006;7835.5;2;10177779333;B
20240422;100006;7835.5;1;10177779510;B
20240422;100007;7835.5;20;10177780076;B
20240422;100007;7835.5;1;10177780358;B
20240422;100007;7835.5;1;10177780417;B
20240422;100007;7835;1;10177780419;S
20240422;100007;7835;1;10177780423;S
20240422;100007;7835.5;15;10177780446;B
20240422;100008;7835.5;6;10177782385;B
20240422;100008;7836;2;10177782386;B
20240422;100008;7836;2;10177782389;B
20240422;100008;7835.5;10;10177782390;S
20240422;100008;7835.5;10;10177782391;B
20240422;100008;7835.5;10;10177782392;B
20240422;100008;7835.5;10;10177782393;S
20240422;100008;7835.5;10;10177782394;S
20240422;100008;7835.5;10;10177782609;S
20240422;100008;7836;1;10177783346;B
20240422;100008;7836;2;10177783349;B
20240422;100008;7836;1;10177783826;B
20240422;100008;7835.5;12;10177783827;S
20240422;100008;7835.5;10;10177783872;S
20240422;100008;7835.5;10;10177783878;B
20240422;100008;7835.5;10;10177783879;B
20240422;100008;7835.5;10;10177783882;S
20240422;100008;7835.5;10;10177783883;S
20240422;100008;7835.5;10;10177783886;S
20240422;100008;7835.5;10;10177783892;S
20240422;100008;7835.5;10;10177783948;S
20240422;100008;7835.5;10;10177783949;S
20240422;100008;7835.5;10;10177783950;S
20240422;100008;7835.5;10;10177783960;S
20240422;100008;7835.5;10;10177783962;S
20240422;100008;7835.5;10;10177784004;S
20240422;100008;7835.5;10;10177784009;S
20240422;100008;7835.5;10;10177784010;S
20240422;100008;7835.5;10;10177784033;S
20240422;100008;7835.5;10;10177784040;B
20240422;100008;7835.5;10;10177784047;S
20240422;100008;7836;1;10177784246;B
20240422;100008;7836;1;10177784248;B
20240422;100008;7835.5;1;10177784249;S
20240422;100009;7837;1;10177784553;B
20240422;100009;7837;14;10177784555;B
20240422;100009;7838;1;10177784556;B
20240422;100009;7838;41;10177784557;B
20240422;100009;7839;4;10177784558;B
20240422;100009;7839;10;10177784559;B
20240422;100009;7839.5;30;10177784560;B
20240422;100009;7836.5;10;10177784573;S
20240422;100009;7836;10;10177784575;S
20240422;100009;7836.5;10;10177784576;B
20240422;100009;7836.5;10;10177784580;S
20240422;100009;7836;10;10177784581;S
20240422;100009;7836.5;10;10177784582;B
20240422;100009;7836.5;10;10177784583;B
20240422;100009;7836.5;20;10177784586;S
20240422;100009;7836.5;3;10177785423;B
20240422;100009;7836.5;1;10177785742;B
20240422;100009;7836.5;1;10177785744;B
20240422;100009;7836.5;1;10177785752;B
20240422;100009;7836.5;1;10177785759;B
20240422;100009;7836.5;1;10177785770;B
20240422;100009;7836;1;10177786158;B
20240422;100009;7835;2;10177786606;S
20240422;100009;7835;1;10177786643;S
20240422;100010;7835;4;10177786831;S
20240422;100010;7835.5;20;10177787011;B
20240422;100010;7835;2;10177787023;S
20240422;100010;7835.5;1;10177787033;B
20240422;100010;7835;1;10177787046;S
20240422;100010;7835.5;20;10177787139;B
20240422;100010;7836;7;10177787140;B
20240422;100010;7835;10;10177787143;S
20240422;100010;7836;1;10177787393;B
20240422;100010;7836;22;10177787561;B
20240422;100010;7836.5;2;10177787562;B
20240422;100010;7836.5;8;10177787563;B
20240422;100010;7836.5;3;10177787622;B
20240422;100010;7836.5;4;10177787746;B
20240422;100010;7835.5;1;10177787767;S
20240422;100010;7835.5;3;10177787813;S
20240422;100010;7836.5;5;10177787845;B
20240422;100010;7838;8;10177787846;B
20240422;100010;7837.5;10;10177787858;S
20240422;100010;7837.5;30;10177787860;S
20240422;100010;7837.5;10;10177787861;B
20240422;100010;7836;5;10177788009;S
20240422;100011;7837;1;10177788327;B
20240422;100011;7837;1;10177788537;B
20240422;100011;7837;2;10177788617;B
20240422;100011;7837;17;10177788630;B
20240422;100011;7837;1;10177788748;B
20240422;100011;7837;11;10177788756;B
20240422;100011;7837;7;10177788786;B
20240422;100011;7838.5;2;10177788787;B
20240422;100011;7838.5;1;10177788796;B
20240422;100011;7838.5;1;10177788797;B
20240422;100011;7839;1;10177788800;B
20240422;100011;7837;4;10177788817;S
20240422;100011;7839.5;1;10177789032;B
20240422;100011;7839.5;2;10177789044;B
20240422;100011;7840;1;10177789046;B
20240422;100011;7840;2;10177789047;B
20240422;100011;7840;3;10177789048;B
20240422;100011;7840;2;10177789049;B
20240422;100011;7840;3;10177789079;B
20240422;100011;7840;5;10177789124;B
20240422;100011;7840;4;10177789125;B
20240422;100011;7841.5;3;10177789126;B
20240422;100011;7839;28;10177789131;S
20240422;100012;7838.5;24;10177789338;B
20240422;100013;7835.5;40;10177789498;S
20240422;100013;7837;1;10177789528;B
20240422;100013;7837.5;1;10177789568;B
20240422;100014;7837;1;10177789970;B
20240422;100017;7835.5;30;10177790771;S
20240422;100018;7838;1;10177790944;B
20240422;100018;7835;1;10177791003;S
20240422;100020;7835.5;1;10177791527;S
20240422;100020;7835.5;21;10177791528;S
20240422;100020;7836;20;10177791529;S
20240422;100020;7839.5;8;10177791607;B
20240422;100021;7835.5;30;10177792011;B
20240422;100021;7835.5;56;10177792012;B
20240422;100021;7836;10;10177792013;B
20240422;100021;7836;10;10177792014;B
20240422;100021;7836;10;10177792015;B
20240422;100021;7836.5;12;10177792016;B
20240422;100021;7836.5;21;10177792164;S
20240422;100021;7836.5;12;10177792165;S
20240422;100021;7836.5;10;10177792166;S
20240422;100021;7835.5;10;10177792175;S
20240422;100021;7835.5;8;10177792176;S
20240422;100021;7835;10;10177792283;S
20240422;100022;7836.5;11;10177792532;B
20240422;100022;7837;1;10177792533;B
20240422;100022;7835.5;20;10177792559;S
20240422;100022;7835.5;8;10177792560;S
20240422;100023;7835;50;10177792848;S
20240422;100023;7835;50;10177792849;S
20240422;100023;7835;10;10177792850;S
20240422;100023;7835;40;10177792851;S
20240422;100023;7835;1;10177792856;S
20240422;100024;7835;50;10177793110;S
20240422;100024;7835;50;10177793116;S
20240422;100024;7835;10;10177793117;S
20240422;100024;7835;40;10177793119;S
20240422;100025;7835;200;10177793284;S
20240422;100025;7835;649;10177793298;S
20240422;100025;7835;1;10177793299;S
20240422;100025;7835;1;10177793300;S
20240422;100025;7835;15;10177793301;S
20240422;100025;7834;4;10177793304;S
20240422;100025;7834;22;10177793305;S
20240422;100025;7833.5;1;10177793329;S
20240422;100025;7833;1;10177793334;S
20240422;100025;7832;5;10177793359;S
20240422;100025;7832;2;10177793360;S
20240422;100025;7832;2;10177793361;S
20240422;100025;7832;10;10177793362;S
20240422;100025;7832;13;10177793363;S
20240422;100025;7832;2;10177793364;S
20240422;100025;7832;1;10177793365;S
20240422;100025;7832;1;10177793366;S
20240422;100025;7832;9;10177793367;S
20240422;100025;7832;1;10177793368;S
20240422;100025;7832;9;10177793369;S
20240422;100025;7832;1;10177793370;S
20240422;100025;7832;1;10177793371;S
20240422;100025;7832;4;10177793372;S
20240422;100025;7832;13;10177793373;S
20240422;100025;7832;1;10177793374;S
20240422;100025;7832;5;10177793375;S
20240422;100025;7832;1;10177793376;S
20240422;100025;7832;1;10177793377;S
20240422;100025;7832;1;10177793378;S
20240422;100025;7832;11;10177793379;S
20240422;100025;7832;2;10177793380;S
20240422;100025;7831.5;1;10177793387;S
20240422;100025;7831;2;10177793394;S
20240422;100025;7831;20;10177793395;S
20240422;100025;7830;2;10177793413;S
20240422;100025;7830;8;10177793414;S
20240422;100025;7830;1;10177793415;S
20240422;100025;7830;5;10177793416;S
20240422;100025;7830;1;10177793417;S
20240422;100025;7830;1;10177793418;S
20240422;100025;7830;1;10177793419;S
20240422;100025;7830;4;10177793433;S
20240422;100025;7830;6;10177793435;S
20240422;100025;7830;1;10177793439;S
20240422;100025;7830;5;10177793440;S
20240422;100025;7830;20;10177793441;S
20240422;100025;7830;1;10177793442;S
20240422;100025;7830;10;10177793443;S
20240422;100025;7830;1;10177793444;S
20240422;100025;7829;72;10177793463;S
20240422;100025;7828;1;10177793507;S
20240422;100025;7828;12;10177793508;S
20240422;100025;7828;7;10177793509;S
20240422;100025;7828;1;10177793510;S
20240422;100025;7828;3;10177793576;S
20240422;100025;7827.5;2;10177793577;S
20240422;100025;7825.5;2;10177793753;S
20240422;100026;7825.5;1;10177793872;S
20240422;100026;7826.5;2;10177793898;B
20240422;100026;7826.5;1;10177793905;B
20240422;100026;7825.5;12;10177794013;S
20240422;100026;7825.5;75;10177794014;S
20240422;100026;7825;3;10177794015;S
20240422;100026;7825;2;10177794016;S
20240422;100026;7825;12;10177794017;S
20240422;100026;7825;3;10177794018;S
20240422;100026;7825;1;10177794019;S
20240422;100026;7825;1;10177794020;S
20240422;100026;7825;1;10177794021;S
20240422;100026;7825;4;10177794022;S
20240422;100026;7825;6;10177794023;S
20240422;100026;7826.5;4;10177794040;B
20240422;100026;7825.5;10;10177794102;S
20240422;100026;7826.5;1;10177794156;B
20240422;100027;7825.5;5;10177794255;S
20240422;100027;7825;14;10177794296;S
20240422;100027;7825;6;10177794297;S
20240422;100027;7825;4;10177794298;S
20240422;100027;7825;2;10177794299;S
20240422;100027;7825;14;10177794300;S
20240422;100027;7825.5;5;10177794309;B
20240422;100027;7826;10;10177794536;B
20240422;100027;7826.5;300;10177794537;B
20240422;100027;7827;21;10177794538;B
20240422;100028;7828.5;10;10177794626;B
20240422;100028;7829;10;10177794627;B
20240422;100029;7827.5;10;10177794921;S
20240422;100029;7827.5;10;10177794922;S
20240422;100029;7827.5;10;10177794923;S
20240422;100029;7827.5;10;10177794924;B
20240422;100029;7825.5;4;10177794993;S
20240422;100030;7827;1;10177795461;B
20240422;100030;7825.5;10;10177795504;S
20240422;100032;7825.5;1;10177795889;S
20240422;100032;7825;1;10177795890;S
20240422;100032;7825.5;10;10177795893;S
20240422;100033;7825.5;5;10177796199;S
20240422;100033;7825;1;10177796201;S
20240422;100033;7825;1;10177796202;S
20240422;100033;7825;8;10177796203;S
20240422;100034;7825;4;10177796447;S
20240422;100034;7825.5;15;10177796613;B
20240422;100034;7825.5;14;10177796614;B
20240422;100034;7825.5;3;10177796618;B
20240422;100035;7825;3;10177796782;S
20240422;100037;7824.5;1;10177797458;S
20240422;100038;7825;7;10177797519;B
20240422;100038;7825;10;10177797520;B
20240422;100038;7826;10;10177797521;B
20240422;100038;7826;10;10177797522;B
20240422;100038;7827;30;10177797530;S
20240422;100039;7827.5;1;10177797974;B
20240422;100040;7827;3;10177798153;B
20240422;100041;7825;5;10177798381;S
20240422;100041;7825;5;10177798409;B
20240422;100041;7825;28;10177798410;B
20240422;100042;7826.5;2;10177798593;S
20240422;100043;7826.5;10;10177798745;S
20240422;100043;7826.5;10;10177798748;S
20240422;100043;7827;10;10177798777;S
20240422;100043;7827;10;10177798915;S
20240422;100043;7826;2;10177798966;S
20240422;100045;7825.5;21;10177799404;S
20240422;100045;7825;1;10177799405;S
20240422;100045;7825;15;10177799406;S
20240422;100045;7825;10;10177799407;S
20240422;100045;7824.5;1;10177799408;S
20240422;100045;7824.5;32;10177799409;S
20240422;100045;7824;120;10177799410;S
20240422;100045;7825.5;10;10177799411;S
20240422;100045;7825.5;22;10177799412;S
20240422;100045;7826.5;1;10177799438;B
20240422;100046;7826.5;40;10177799726;B
20240422;100046;7826.5;10;10177799727;B
20240422;100046;7826.5;28;10177799728;B
20240422;100046;7827;28;10177799729;B
20240422;100046;7827;22;10177799730;B
20240422;100046;7826;2;10177799803;B
20240422;100046;7826;2;10177799825;B
20240422;100046;7825;2;10177799891;S
20240422;100047;7825;2;10177800097;S
20240422;100047;7825;1;10177800098;S
20240422;100048;7825.5;4;10177800425;B
20240422;100048;7825.5;6;10177800474;B
20240422;100048;7826;4;10177800475;B
20240422;100049;7825.5;1;10177800663;B
20240422;100049;7825.5;9;10177800793;B
20240422;100049;7826;2;10177800794;B
20240422;100049;7825.5;1;10177800831;B
20240422;100049;7825.5;9;10177800899;B
20240422;100049;7826;1;10177800900;B
20240422;100050;7825;1;10177801054;S
20240422;100050;7825;2;10177801055;S
20240422;100050;7825;6;10177801170;S
20240422;100051;7825.5;10;10177801272;B
20240422;100051;7826;3;10177801273;B
20240422;100053;7826;6;10177801698;B
20240422;100053;7827;1;10177801703;B
20240422;100053;7827.5;9;10177801956;S
20240422;100053;7827.5;1;10177801957;S
20240422;100053;7827;8;10177801958;S
20240422;100054;7831;1;10177802097;B
20240422;100054;7832.5;1;10177802146;B
20240422;100055;7829;1;10177802362;S
20240422;100055;7832.5;5;10177802466;B
20240422;100056;7832.5;2;10177802924;B
20240422;100056;7829;1;10177802997;S
20240422;100057;7832.5;2;10177803049;B
20240422;100058;7829.5;2;10177803394;S
20240422;100058;7831;10;10177803609;B
20240422;100100;7830.5;3;10177804036;B
20240422;100101;7830.5;4;10177804268;B
20240422;100101;7827;10;10177804364;S
20240422;100101;7827;2;10177804365;S
20240422;100101;7827;20;10177804417;S
20240422;100101;7827;6;10177804418;S
20240422;100101;7826.5;28;10177804419;S
20240422;100101;7826;1;10177804420;S
20240422;100101;7825.5;18;10177804421;S
20240422;100101;7825.5;39;10177804422;S
20240422;100101;7825.5;38;10177804423;S
20240422;100102;7825.5;9;10177804609;S
20240422;100102;7828;3;10177804610;B
20240422;100104;7828;1;10177805127;B
20240422;100104;7827;4;10177805372;S
20240422;100105;7827;24;10177805441;S
20240422;100105;7827;2;10177805442;S
20240422;100105;7827;8;10177805665;S
20240422;100105;7826.5;32;10177805666;S
20240422;100105;7826.5;6;10177805667;S
20240422;100105;7826;50;10177805668;S
20240422;100105;7825.5;39;10177805669;S
20240422;100105;7825;15;10177805670;S
20240422;100105;7825;100;10177805671;S
20240422;100107;7827;2;10177806263;B
20240422;100112;7827;10;10177807307;B
20240422;100116;7827;1;10177808608;B
20240422;100118;7826;3;10177808950;S
20240422;100119;7827;1;10177809088;B
20240422;100121;7827;1;10177809489;B
20240422;100122;7826;7;10177809601;S
20240422;100122;7826;6;10177809602;S
20240422;100122;7826;4;10177809603;S
20240422;100122;7826;3;10177809604;B
20240422;100123;7826;2;10177810055;S
20240422;100123;7827;4;10177810091;B
20240422;100123;7827;1;10177810092;B
20240422;100123;7827;1;10177810093;B
20240422;100123;7827.5;6;10177810094;B
20240422;100123;7828;22;10177810095;B
20240422;100126;7827.5;21;10177810798;S
20240422;100128;7828;10;10177811187;B
20240422;100128;7828;10;10177811201;B
20240422;100128;7828;1;10177811419;B
20240422;100131;7828;1;10177812104;B
20240422;100132;7827.5;32;10177812308;S
20240422;100132;7827.5;10;10177812309;S
20240422;100132;7827.5;1;10177812310;S
20240422;100133;7827.5;15;10177812585;B
20240422;100135;7827.5;124;10177812792;B
20240422;100135;7828;41;10177812795;B
20240422;100135;7830;1;10177812822;B
20240422;100135;7830;1;10177812823;B
20240422;100135;7830;4;10177812824;B
20240422;100136;7832;10;10177813086;S
20240422;100136;7832;7;10177813087;S
20240422;100136;7831.5;21;10177813088;S
20240422;100136;7830;22;10177813089;S
20240422;100137;7833.5;1;10177813231;B
20240422;100137;7833.5;1;10177813357;B
20240422;100138;7833;1;10177813793;S
20240422;100138;7833.5;3;10177813800;B
20240422;100138;7834;6;10177813801;B
20240422;100138;7835;1;10177813802;B
20240422;100141;7833;7;10177814490;S
20240422;100141;7833;18;10177814491;S
20240422;100143;7833.5;1;10177815183;S
20240422;100147;7833.5;3;10177815973;S
20240422;100147;7834.5;1;10177816184;B
20240422;100147;7835;34;10177816185;B
20240422;100147;7835;35;10177816196;B
20240422;100147;7835;264;10177816221;B
20240422;100147;7835;15;10177816222;B
20240422;100147;7835;1;10177816223;B
20240422;100147;7836.5;15;10177816241;B
20240422;100147;7836.5;7;10177816242;B
20240422;100148;7837;2;10177816294;B
20240422;100148;7838;298;10177816295;B
20240422;100148;7838;102;10177816310;B
20240422;100148;7838.5;7;10177816311;B
20240422;100148;7839;15;10177816312;B
20240422;100148;7839;10;10177816313;B
20240422;100148;7839.5;24;10177816493;B
20240422;100148;7840;7;10177816494;B
20240422;100148;7842;15;10177816610;B
20240422;100148;7842.5;187;10177816611;B
20240422;100148;7842;15;10177816654;B
20240422;100148;7842.5;113;10177816655;B
20240422;100148;7842.5;7;10177816656;B
20240422;100148;7843;20;10177816657;B
20240422;100148;7844;10;10177816670;S
20240422;100148;7844;6;10177816671;S
20240422;100148;7844;4;10177816672;S
20240422;100148;7845;1;10177816733;B
20240422;100148;7845;1;10177816734;B
20240422;100148;7845;9;10177816777;B
20240422;100148;7845;11;10177816778;B
20240422;100149;7845.5;7;10177817115;B
20240422;100149;7846;1;10177817182;B
20240422;100149;7847;1;10177817213;B
20240422;100149;7848;2;10177817214;B
20240422;100149;7848;2;10177817325;B
20240422;100149;7848;2;10177817326;B
20240422;100150;7847.5;4;10177817473;S
20240422;100151;7848;1;10177817598;B
20240422;100152;7848;1;10177817910;B
20240422;100154;7847.5;32;10177818193;S
20240422;100154;7847.5;27;10177818194;S
20240422;100154;7847.5;4;10177818198;B
20240422;100154;7847;32;10177818199;S
20240422;100154;7847;18;10177818200;S
20240422;100154;7846.5;237;10177818202;S
20240422;100154;7846.5;63;10177818203;S
20240422;100154;7846.5;28;10177818204;S
20240422;100155;7844.5;4;10177818647;B
20240422;100156;7844;4;10177818893;S
20240422;100158;7843.5;10;10177819203;B
20240422;100159;7842.5;5;10177819403;B
20240422;100200;7842;13;10177819771;B
20240422;100200;7842;7;10177819772;B
20240422;100201;7845;4;10177819929;B
20240422;100202;7844.5;1;10177820092;S
20240422;100203;7845;2;10177820299;B
20240422;100203;7845.5;5;10177820300;B
20240422;100203;7845.5;1;10177820394;B
20240422;100203;7845.5;7;10177820395;B
20240422;100205;7844;2;10177821181;S
20240422;100206;7844;7;10177821282;B
20240422;100206;7844;3;10177821360;B
20240422;100211;7844;3;10177822395;S
20240422;100212;7844.5;7;10177822866;B
20240422;100212;7844.5;2;10177822867;B
20240422;100212;7844.5;5;10177822868;B
20240422;100212;7844.5;40;10177822869;B
20240422;100212;7844.5;10;10177822870;B
20240422;100212;7845;36;10177822871;B
20240422;100213;7844.5;1;10177823094;B
20240422;100213;7845;4;10177823095;B
20240422;100213;7845;20;10177823096;B
20240422;100214;7845;1;10177823818;B
20240422;100216;7845;20;10177824175;B
20240422;100217;7845;26;10177824491;B
20240422;100219;7844.5;8;10177825021;B
20240422;100219;7844.5;2;10177825022;B
20240422;100220;7844;1;10177825127;S
20240422;100220;7844;1;10177825128;S
20240422;100220;7844;2;10177825216;S
20240422;100220;7845;35;10177825251;B
20240422;100220;7845;42;10177825316;B
20240422;100221;7845;12;10177825438;B
20240422;100221;7845;7;10177825470;B
20240422;100221;7845;21;10177825530;B
20240422;100221;7845;72;10177825541;B
20240422;100221;7845;33;10177825542;B
20240422;100224;7845;5;10177826339;B
20240422;100224;7845;3;10177826470;B
20240422;100224;7845;3;10177826536;B
20240422;100225;7845;32;10177826971;B
20240422;100226;7845;32;10177827198;B
20240422;100228;7845;33;10177827608;B
20240422;100228;7845;1;10177827609;B
20240422;100228;7845;7;10177827623;B
20240422;100228;7845;73;10177827624;B
20240422;100228;7845;31;10177827644;B
20240422;100228;7845.5;25;10177827654;B
20240422;100228;7847;1;10177827920;B
20240422;100229;7847;10;10177827935;S
20240422;100229;7847;27;10177827936;S
20240422;100229;7846.5;8;10177827937;S
20240422;100229;7846;10;10177827938;S
20240422;100229;7845.5;21;10177827939;S
20240422;100229;7845.5;9;10177827940;S
20240422;100229;7845;15;10177827941;S
20240422;100229;7845.5;10;10177827980;S
20240422;100229;7845;24;10177827981;S
20240422;100229;7845;21;10177827982;S
20240422;100229;7844.5;28;10177827983;S
20240422;100229;7844.5;27;10177827984;S
20240422;100229;7844.5;8;10177827985;S
20240422;100229;7844.5;30;10177827986;S
20240422;100229;7844.5;2;10177827987;S
20240422;100229;7847.5;1;10177828095;B
20240422;100230;7848;1;10177828428;B
20240422;100232;7847;2;10177829122;B
20240422;100232;7847.5;10;10177829223;B
20240422;100232;7847.5;1;10177829338;B
20240422;100233;7846.5;30;10177829430;S
20240422;100233;7846;8;10177829431;S
20240422;100233;7846;19;10177829432;S
20240422;100234;7846;1;10177829755;S
20240422;100237;7846;10;10177830890;B
20240422;100237;7846.5;8;10177830946;B
20240422;100237;7846.5;17;10177830947;B
20240422;100241;7847;1;10177832134;B
20240422;100242;7847;2;10177832198;B
20240422;100243;7847;1;10177832471;B
20240422;100244;7847;3;10177832633;B
20240422;100246;7846.5;8;10177833446;B
20240422;100246;7847;33;10177833447;B
20240422;100246;7847;1;10177833448;B
20240422;100246;7847;28;10177833449;B
20240422;100246;7847.5;30;10177833450;B
20240422;100247;7846;1;10177833523;S
20240422;100247;7846;8;10177833524;S
20240422;100247;7846;16;10177833525;S
20240422;100249;7847.5;1;10177834067;B
20240422;100249;7847.5;2;10177834081;B
20240422;100249;7847.5;1;10177834126;B
20240422;100250;7848;1;10177834271;B
20240422;100250;7846.5;1;10177834278;S
20240422;100253;7848;1;10177834808;B
20240422;100253;7848;35;10177835036;B
20240422;100254;7847;8;10177835233;S
20240422;100254;7847;27;10177835234;S
20240422;100254;7847;2;10177835235;S
20240422;100254;7847;10;10177835236;S
20240422;100254;7846.5;39;10177835237;S
20240422;100254;7846;14;10177835238;S
20240422;100254;7848;1;10177835254;B
20240422;100255;7848;12;10177835291;B
20240422;100258;7848;2;10177836315;B
20240422;100258;7847.5;28;10177836458;S
20240422;100258;7847.5;8;10177836459;S
20240422;100258;7847.5;10;10177836460;S
20240422;100259;7847.5;4;10177836688;B
20240422;100259;7847.5;6;10177836689;B
20240422;100301;7848;10;10177837103;B
20240422;100302;7848;1;10177837284;B
20240422;100304;7848;1;10177837968;B
20240422;100305;7848;30;10177838229;B
20240422;100305;7848;1;10177838281;B
20240422;100306;7848;3;10177838449;B
20240422;100306;7848;26;10177838450;B
20240422;100308;7848;2;10177839052;B
20240422;100309;7847.5;1;10177839263;S
20240422;100309;7847;6;10177839264;S
20240422;100310;7847.5;1;10177839611;B
20240422;100310;7846.5;1;10177839661;S
20240422;100310;7846.5;1;10177839662;S
20240422;100310;7846.5;1;10177839663;S
20240422;100312;7847;8;10177840005;B
20240422;100312;7847;40;10177840006;B
20240422;100312;7847.5;40;10177840007;B
20240422;100312;7847.5;10;10177840008;B
20240422;100312;7848;25;10177840009;B
20240422;100313;7846.5;10;10177840369;S
20240422;100313;7846.5;13;10177840370;S
20240422;100313;7846.5;15;10177840419;S
20240422;100314;7847.5;2;10177840585;B
20240422;100316;7846.5;2;10177840961;S
20240422;100318;7847;1;10177841401;B
20240422;100319;7846.5;1;10177841705;S
20240422;100319;7846.5;3;10177841706;S
20240422;100320;7846.5;1;10177841879;S
20240422;100320;7847.5;1;10177841954;B
20240422;100320;7847.5;3;10177842085;B
20240422;100320;7846.5;30;10177842146;S
20240422;100320;7846.5;8;10177842147;S
20240422;100320;7846.5;10;10177842148;S
20240422;100320;7846.5;1;10177842164;B
20240422;100321;7846.5;3;10177842276;B
20240422;100322;7846;1;10177842385;S
20240422;100322;7846.5;8;10177842525;B
20240422;100322;7846.5;30;10177842526;B
20240422;100322;7846.5;10;10177842527;B
20240422;100325;7846.5;1;10177843047;B
20240422;100325;7846.5;38;10177843187;B
20240422;100329;7846.5;1;10177844296;B
20240422;100330;7846.5;8;10177844436;B
20240422;100330;7846.5;4;10177844437;B
20240422;100333;7846.5;1;10177845281;B
20240422;100334;7846;25;10177845473;S
20240422;100337;7846.5;1;10177846161;B
20240422;100337;7846.5;1;10177846166;B
20240422;100337;7846;15;10177846469;S
20240422;100337;7846;45;10177846470;S
20240422;100337;7845.5;1;10177846473;S
20240422;100337;7845.5;1;10177846474;S
20240422;100337;7845.5;2;10177846475;S
20240422;100337;7845.5;2;10177846476;S
20240422;100337;7845.5;2;10177846477;S
20240422;100337;7845.5;2;10177846478;S
20240422;100337;7845.5;2;10177846479;S
20240422;100337;7845.5;29;10177846480;S
20240422;100339;7846;1;10177847136;B
20240422;100339;7845;1;10177847262;S
20240422;100339;7845;19;10177847263;S
20240422;100339;7845;1;10177847264;S
20240422;100339;7845;1;10177847265;S
20240422;100339;7845;3;10177847266;S
20240422;100339;7844.5;2;10177847267;S
20240422;100339;7844.5;2;10177847268;S
20240422;100339;7844.5;2;10177847269;S
20240422;100339;7844.5;2;10177847270;S
20240422;100339;7844;1;10177847393;S
20240422;100339;7844;19;10177847394;S
20240422;100341;7842;1;10177847884;S
20240422;100341;7842;1;10177847885;S
20240422;100341;7841.5;1;10177847886;S
20240422;100341;7841.5;1;10177847887;S
20240422;100341;7841;29;10177847888;S
20240422;100341;7840.5;5;10177847889;S
20240422;100341;7840.5;27;10177847890;S
20240422;100343;7841;1;10177848746;B
20240422;100344;7841;1;10177849477;B
20240422;100345;7841;1;10177849627;B
20240422;100345;7841;6;10177849687;B
20240422;100345;7842;18;10177849688;B
20240422;100345;7842.5;6;10177849689;B
20240422;100345;7842.5;33;10177849823;B
20240422;100345;7842.5;1;10177849824;B
20240422;100346;7843;7;10177850472;B
20240422;100347;7842.5;1;10177850552;S
20240422;100347;7842;1;10177850553;S
20240422;100347;7841.5;8;10177850554;S
20240422;100347;7841.5;29;10177850555;S
20240422;100347;7841.5;10;10177850556;S
20240422;100347;7841;40;10177850557;S
20240422;100347;7841;21;10177850558;S
20240422;100347;7840.5;1;10177850559;S
20240422;100347;7840.5;40;10177850560;S
20240422;100347;7840;5;10177850561;S
20240422;100347;7840;6;10177850562;S
20240422;100347;7840;1;10177850563;S
20240422;100347;7840;1;10177850564;S
20240422;100347;7840;40;10177850565;S
20240422;100347;7840;9;10177850566;S
20240422;100347;7839.5;187;10177850567;S
20240422;100347;7842.5;1;10177850695;B
20240422;100348;7840;10;10177850921;S
20240422;100348;7839;1;10177851159;S
20240422;100350;7840;1;10177851464;B
20240422;100351;7840;4;10177851634;B
20240422;100351;7840.5;5;10177851635;B
20240422;100351;7838.5;113;10177851899;S
20240422;100351;7838.5;10;10177851900;S
20240422;100351;7838;29;10177851901;S
20240422;100351;7837.5;8;10177851902;S
20240422;100351;7837;30;10177851903;S
20240422;100351;7836.5;40;10177851904;S
20240422;100351;7836;40;10177851905;S
20240422;100351;7835.5;1;10177851906;S
20240422;100351;7835.5;14;10177851907;S
20240422;100351;7835.5;40;10177851908;S
20240422;100351;7835.5;21;10177851909;S
20240422;100351;7835.5;28;10177851910;S
20240422;100351;7835;4;10177851911;S
20240422;100351;7834.5;300;10177851912;S
20240422;100351;7834.5;300;10177851913;S
20240422;100351;7834.5;15;10177851914;S
20240422;100352;7834.5;1;10177852002;B
20240422;100353;7834.5;6;10177852260;B
20240422;100353;7834.5;8;10177852261;B
20240422;100353;7834.5;10;10177852262;B
20240422;100353;7835;21;10177852263;B
20240422;100353;7836;17;10177852264;B
20240422;100355;7836.5;10;10177853307;B
20240422;100356;7835.5;8;10177853384;B
20240422;100356;7835.5;10;10177853385;B
20240422;100356;7836;1;10177853423;B
20240422;100359;7835;1;10177854084;S
20240422;100359;7834;1;10177854085;S
20240422;100359;7834;8;10177854086;S
20240422;100359;7834;28;10177854087;S
20240422;100359;7833;5;10177854088;S
20240422;100359;7833;20;10177854089;S
20240422;100359;7831.5;2;10177854090;S
20240422;100359;7831.5;10;10177854091;S
20240422;100359;7831;1;10177854092;S
20240422;100359;7831;8;10177854093;S
20240422;100359;7831;16;10177854094;S
20240422;100359;7831.5;1;10177854246;S
20240422;100402;7833;1;10177854818;B
20240422;100402;7833;6;10177854929;B
20240422;100403;7832.5;10;10177855012;B
20240422;100403;7833;1;10177855013;B
20240422;100403;7833;8;10177855014;B
20240422;100403;7834;39;10177855015;B
20240422;100403;7834;27;10177855016;B
20240422;100403;7835;10;10177855040;B
20240422;100403;7835.5;4;10177855041;B
20240422;100405;7833.5;3;10177855447;S
20240422;100407;7835;6;10177855859;B
20240422;100409;7835;2;10177856061;B
20240422;100409;7835;1;10177856260;B
20240422;100409;7834.5;10;10177856296;S
20240422;100409;7834.5;1;10177856297;S
20240422;100409;7833.5;3;10177856298;S
20240422;100412;7833;8;10177856887;S
20240422;100412;7835;1;10177856945;B
20240422;100414;7833;4;10177857435;B
20240422;100415;7832.5;5;10177857576;B
20240422;100416;7831.5;1;10177857734;S
20240422;100417;7832.5;1;10177857935;B
20240422;100419;7832.5;1;10177858564;B
20240422;100420;7832;3;10177858628;S
20240422;100420;7832;7;10177858629;S
20240422;100421;7831.5;1;10177858830;S
20240422;100421;7831.5;27;10177858831;S
20240422;100422;7831;15;10177859042;S
20240422;100422;7831;53;10177859043;S
20240422;100422;7831;40;10177859044;S
20240422;100422;7831;16;10177859045;S
20240422;100422;7831;7;10177859046;S
20240422;100422;7831;10;10177859047;S
20240422;100422;7830.5;40;10177859048;S
20240422;100422;7830;1;10177859049;S
20240422;100422;7830;1;10177859050;S
20240422;100422;7830;5;10177859051;S
20240422;100422;7830;2;10177859052;S
20240422;100422;7830;40;10177859053;S
20240422;100422;7829.5;28;10177859054;S
20240422;100422;7828.5;1;10177859055;S
20240422;100422;7828;243;10177859056;S
20240422;100422;7828;1;10177859057;S
20240422;100422;7828;15;10177859058;S
20240422;100422;7828;21;10177859059;S
20240422;100422;7828.5;4;10177859062;S
20240422;100425;7829;1;10177859981;B
20240422;100428;7829;1;10177860652;B
20240422;100428;7829;1;10177860672;B
20240422;100429;7829;1;10177861006;B
20240422;100429;7830;7;10177861064;B
20240422;100430;7828.5;15;10177861279;S
20240422;100430;7828.5;1;10177861280;S
20240422;100430;7828.5;4;10177861281;S
20240422;100432;7830;1;10177861690;B
20240422;100432;7830;10;10177861804;B
20240422;100432;7830.5;7;10177861805;B
20240422;100432;7830.5;25;10177861806;B
20240422;100432;7832;1;10177861807;B
20240422;100432;7832;21;10177861808;B
20240422;100432;7832.5;78;10177861809;B
20240422;100432;7832.5;6;10177861810;B
20240422;100433;7832;1;10177861860;B
20240422;100433;7829.5;10;10177861905;S
20240422;100433;7829;1;10177861906;S
20240422;100433;7829;2;10177861907;S
20240422;100433;7829.5;10;10177861920;S
20240422;100433;7829;1;10177861921;S
20240422;100433;7829;1;10177861979;S
20240422;100436;7830.5;5;10177862691;B
20240422;100437;7830.5;2;10177862780;B
20240422;100437;7830.5;1;10177862887;B
20240422;100439;7830.5;9;10177863234;B
20240422;100439;7831;7;10177863235;B
20240422;100439;7831;4;10177863236;B
20240422;100441;7829.5;1;10177863607;S
20240422;100441;7829.5;3;10177863608;S
20240422;100442;7829.5;10;10177863834;S
20240422;100442;7829;5;10177863835;S
20240422;100442;7829.5;5;10177863991;S
20240422;100443;7830;2;10177864111;B
20240422;100443;7831.5;3;10177864112;B
20240422;100444;7829.5;9;10177864243;S
20240422;100445;7832;10;10177864456;B
20240422;100445;7832;1;10177864598;B
20240422;100445;7832;1;10177864737;B
20240422;100448;7832;1;10177865168;B
20240422;100451;7832;1;10177865880;B
20240422;100451;7832;1;10177865946;B
20240422;100453;7831.5;1;10177866345;S
20240422;100453;7830.5;7;10177866379;B
20240422;100453;7830.5;8;10177866380;B
20240422;100454;7830;5;10177866500;S
20240422;100454;7830;10;10177866501;S
20240422;100454;7829.5;5;10177866502;S
20240422;100454;7829.5;7;10177866503;S
20240422;100454;7829;3;10177866504;S
20240422;100455;7829.5;3;10177866932;B
20240422;100456;7829;2;10177867106;S
20240422;100456;7829.5;3;10177867107;B
20240422;100500;7829.5;1;10177868097;B
20240422;100500;7829.5;9;10177868115;B
20240422;100501;7829;10;10177868267;S
20240422;100502;7829;4;10177868495;S
20240422;100506;7829.5;1;10177869227;B
20240422;100506;7829.5;2;10177869269;B
20240422;100507;7829;11;10177869416;S
20240422;100507;7829;5;10177869417;S
20240422;100507;7828.5;7;10177869418;S
20240422;100507;7828.5;5;10177869419;S
20240422;100507;7829;1;10177869499;B
20240422;100509;7829;3;10177869906;B
20240422;100509;7828.5;10;10177869946;S
20240422;100509;7828;18;10177869947;S
20240422;100509;7829;1;10177870118;B
20240422;100510;7829;1;10177870304;B
20240422;100511;7829;7;10177870661;B
20240422;100512;7829.5;29;10177870823;B
20240422;100512;7829.5;2;10177870915;B
20240422;100513;7829.5;2;10177871080;B
20240422;100515;7829;1;10177871514;S
20240422;100522;7829.5;5;10177872846;B
20240422;100524;7829;1;10177873247;S
20240422;100525;7829.5;1;10177873312;B
20240422;100526;7829.5;9;10177873567;B
20240422;100526;7829.5;12;10177873568;B
20240422;100526;7829.5;32;10177873569;B
20240422;100526;7829.5;4;10177873570;B
20240422;100526;7830;50;10177873571;B
20240422;100526;7830;20;10177873572;B
20240422;100526;7830;7;10177873573;B
20240422;100526;7830;6;10177873574;B
20240422;100526;7829;1;10177873648;S
20240422;100528;7829.5;10;10177874061;B
20240422;100528;7829.5;7;10177874062;B
20240422;100528;7830;17;10177874063;B
20240422;100528;7830;28;10177874064;B
20240422;100528;7831;40;10177874065;B
20240422;100528;7831.5;40;10177874066;B
20240422;100528;7832;2;10177874067;B
20240422;100528;7832;40;10177874068;B
20240422;100528;7832;1;10177874069;B
20240422;100528;7832.5;15;10177874070;B
20240422;100529;7832.5;2;10177874149;B
20240422;100534;7830.5;6;10177875084;B
20240422;100534;7831.5;23;10177875085;B
20240422;100534;7832;6;10177875103;B
20240422;100534;7832;35;10177875104;B
20240422;100534;7832;20;10177875108;B
20240422;100534;7833;2;10177875109;B
20240422;100534;7833;1;10177875110;B
20240422;100534;7834.5;1;10177875113;S
20240422;100534;7835.5;1;10177875201;B
20240422;100534;7835.5;20;10177875202;B
20240422;100534;7836;15;10177875236;B
20240422;100534;7836;6;10177875237;B
20240422;100535;7836;3;10177875410;S
20240422;100535;7836.5;1;10177875422;B
20240422;100538;7836;4;10177876024;S
20240422;100538;7836.5;1;10177876232;B
20240422;100540;7836;5;10177876591;S
20240422;100544;7836.5;3;10177877461;B
20240422;100545;7836;25;10177877555;S
20240422;100545;7836;1;10177877588;S
20240422;100546;7836.5;1;10177877727;B
20240422;100546;7836;7;10177877739;S
20240422;100548;7836;2;10177878074;S
20240422;100548;7836;50;10177878075;S
20240422;100548;7836;50;10177878076;S
20240422;100548;7836;50;10177878077;S
20240422;100549;7836;1;10177878298;B
20240422;100551;7835.5;1;10177878636;S
20240422;100552;7835.5;1;10177878866;B
20240422;100552;7834.5;1;10177878951;B
20240422;100552;7834.5;2;10177879016;B
20240422;100552;7835;2;10177879024;B
20240422;100553;7835;1;10177879132;B
20240422;100553;7835;6;10177879143;B
20240422;100555;7836;1;10177879391;B
20240422;100558;7836;1;10177880286;B
20240422;100558;7836;2;10177880315;B
20240422;100559;7836;3;10177880544;B
20240422;100601;7835.5;7;10177880783;S
20240422;100601;7835;1;10177880784;S
20240422;100601;7835;12;10177880785;S
20240422;100601;7835;1;10177880888;S
20240422;100602;7836;2;10177881235;B
20240422;100604;7836;1;10177881568;B
20240422;100605;7836;1;10177881693;B
20240422;100607;7836;10;10177882107;B
20240422;100610;7836;1;10177882699;B
20240422;100613;7836;2;10177883219;B
20240422;100614;7836;61;10177883469;B
20240422;100614;7836.5;1;10177883485;S
20240422;100615;7836.5;2;10177883525;S
20240422;100615;7836.5;7;10177883564;S
20240422;100615;7836.5;7;10177883565;S
20240422;100615;7836.5;50;10177883566;S
20240422;100615;7836.5;32;10177883567;S
20240422;100615;7836.5;21;10177883568;S
20240422;100615;7836.5;50;10177883569;S
20240422;100615;7836;39;10177883570;S
20240422;100615;7836;50;10177883571;S
20240422;100615;7835.5;50;10177883572;S
20240422;100615;7835.5;31;10177883573;S
20240422;100616;7835;7;10177883818;S
20240422;100617;7835;28;10177883912;S
20240422;100618;7835.5;1;10177884005;B
20240422;100619;7835.5;7;10177884209;B
20240422;100619;7835.5;7;10177884238;B
20240422;100621;7835;50;10177884582;S
20240422;100621;7835;1;10177884600;S
20240422;100623;7835;14;10177885160;S
20240422;100623;7835;16;10177885161;S
20240422;100623;7835;5;10177885224;S
20240422;100623;7835.5;1;10177885230;B
20240422;100624;7835;1;10177885382;S
20240422;100626;7835.5;57;10177885634;B
20240422;100627;7835;10;10177885852;S
20240422;100627;7835;36;10177885853;S
20240422;100627;7835;5;10177885854;S
20240422;100627;7833.5;2;10177885855;S
20240422;100627;7832.5;2;10177885856;S
20240422;100629;7832.5;10;10177886231;B
20240422;100629;7832.5;1;10177886232;B
20240422;100630;7833;1;10177886410;B
20240422;100634;7833;7;10177887303;B
20240422;100634;7833;3;10177887304;B
20240422;100635;7833;7;10177887365;B
20240422;100635;7833.5;28;10177887533;B
20240422;100635;7834.5;9;10177887586;B
20240422;100637;7833.5;5;10177888055;S
20240422;100637;7833.5;1;10177888079;S
20240422;100638;7835;6;10177888242;B
20240422;100642;7834.5;1;10177888880;B
20240422;100643;7834.5;35;10177889086;B
20240422;100643;7834.5;3;10177889180;B
20240422;100643;7834.5;1;10177889242;B
20240422;100643;7835;6;10177889243;B
20240422;100643;7834.5;4;10177889273;B
20240422;100646;7833.5;6;10177889819;S
20240422;100647;7834.5;3;10177889996;B
20240422;100647;7834;2;10177890094;S
20240422;100649;7834.5;1;10177890421;B
20240422;100649;7834.5;1;10177890439;B
20240422;100650;7834.5;9;10177890522;B
20240422;100652;7834;3;10177890911;S
20240422;100653;7834.5;8;10177891053;B
20240422;100653;7835;7;10177891054;B
20240422;100653;7834;3;10177891400;S
20240422;100656;7834.5;4;10177891790;S
20240422;100656;7833.5;20;10177891791;S
20240422;100656;7833.5;8;10177891792;S
20240422;100656;7833.5;3;10177891793;S
20240422;100656;7833;4;10177891794;S
20240422;100656;7834.5;9;10177891873;B
20240422;100656;7834;1;10177891894;S
20240422;100656;7833.5;32;10177891895;S
20240422;100656;7833.5;10;10177891896;S
20240422;100656;7833;24;10177891897;S
20240422;100656;7833;1;10177891898;S
20240422;100656;7832.5;39;10177891899;S
20240422;100656;7832.5;8;10177891900;S
20240422;100656;7832;1;10177891901;S
20240422;100656;7832;50;10177891902;S
20240422;100656;7832;10;10177891903;S
20240422;100656;7832;3;10177891904;S
20240422;100656;7831;2;10177891905;S
20240422;100656;7831;21;10177891906;S
20240422;100656;7831;21;10177891907;S
20240422;100656;7830.5;39;10177891908;S
20240422;100659;7834;1;10177892303;B
20240422;100659;7832.5;1;10177892307;S
20240422;100659;7834;7;10177892333;B
20240422;100659;7834;3;10177892334;B
20240422;100700;7834;5;10177892468;B
20240422;100701;7833;10;10177892628;S
20240422;100701;7833;8;10177892629;S
20240422;100701;7832.5;38;10177892630;S
20240422;100701;7832.5;4;10177892631;S
20240422;100701;7832;49;10177892632;S
20240422;100701;7831.5;14;10177892633;S
20240422;100701;7831;50;10177892634;S
20240422;100701;7831;50;10177892635;S
20240422;100701;7831;21;10177892636;S
20240422;100701;7830.5;11;10177892637;S
20240422;100701;7830.5;10;10177892638;S
20240422;100701;7830.5;30;10177892639;S
20240422;100701;7830;3;10177892640;S
20240422;100701;7830;1200;10177892641;S
20240422;100701;7830;2;10177892642;S
20240422;100701;7830;1;10177892643;S
20240422;100701;7830;12;10177892646;B
20240422;100701;7829.5;1;10177892647;S
20240422;100701;7829.5;1;10177892660;S
20240422;100702;7829.5;11;10177892862;S
20240422;100702;7829.5;20;10177892863;S
20240422;100702;7829;5;10177892864;S
20240422;100702;7829;8;10177892865;S
20240422;100702;7828.5;39;10177892866;S
20240422;100702;7828.5;10;10177892867;S
20240422;100702;7828;104;10177892868;S
20240422;100702;7828;1;10177892869;S
20240422;100702;7828;1;10177892870;S
20240422;100702;7828;1;10177892871;S
20240422;100703;7829.5;20;10177893050;B
20240422;100708;7829.5;8;10177894099;B
20240422;100708;7830;28;10177894100;B
20240422;100708;7829;3;10177894194;S
20240422;100711;7829;1;10177894600;S
20240422;100711;7829;5;10177894601;S
20240422;100711;7830;1;10177894632;B
20240422;100711;7830;1;10177894707;B
20240422;100713;7829;1;10177895081;S
20240422;100713;7830;8;10177895165;B
20240422;100715;7830;1;10177895683;B
20240422;100716;7829.5;10;10177896122;B
20240422;100718;7830;10;10177896385;B
20240422;100719;7830;2;10177896688;B
20240422;100720;7830;1;10177896956;B
20240422;100721;7829.5;1;10177897123;S
20240422;100721;7829.5;2;10177897208;B
20240422;100721;7830;8;10177897209;B
20240422;100724;7830;1;10177898006;B
20240422;100727;7830;7;10177898799;B
20240422;100727;7830;28;10177898800;B
20240422;100727;7829.5;10;10177898804;S
20240422;100727;7829.5;8;10177898805;S
20240422;100727;7829;1;10177898806;S
20240422;100727;7829;6;10177898807;S
20240422;100728;7830;2;10177898924;B
20240422;100730;7829.5;5;10177899195;B
20240422;100733;7829;20;10177899642;S
20240422;100736;7829;1;10177900388;S
20240422;100740;7829.5;5;10177901170;B
20240422;100740;7829.5;30;10177901171;B
20240422;100748;7829.5;1;10177902804;B
20240422;100750;7829;3;10177903025;S
20240422;100751;7829.5;1;10177903075;B
20240422;100752;7829.5;5;10177903289;B
20240422;100753;7829.5;2;10177903527;B
20240422;100754;7829.5;26;10177903853;B
20240422;100755;7829;1;10177904091;S
20240422;100755;7829.5;2;10177904097;B
20240422;100756;7829.5;10;10177904250;B
20240422;100757;7829;1;10177904284;S
20240422;100759;7829;9;10177904679;S
20240422;100759;7829;10;10177904680;S
20240422;100759;7828.5;1;10177904681;S
20240422;100759;7828.5;2;10177904682;S
20240422;100759;7828;35;10177904683;S
20240422;100759;7828;35;10177904684;S
20240422;100759;7828;35;10177904685;S
20240422;100759;7828;35;10177904686;S
20240422;100759;7828;20;10177904687;S
20240422;100759;7828;35;10177904688;S
20240422;100759;7828;35;10177904689;S
20240422;100759;7828;35;10177904690;S
20240422;100759;7828;35;10177904691;S
20240422;100759;7828;35;10177904692;S
20240422;100759;7828;35;10177904693;S
20240422;100759;7828;35;10177904694;S
20240422;100759;7828;7;10177904695;S
20240422;100759;7828;35;10177904696;S
20240422;100759;7828;35;10177904697;S
20240422;100759;7828;35;10177904698;S
20240422;100759;7828;35;10177904699;S
20240422;100759;7828;35;10177904700;S
20240422;100759;7828;35;10177904701;S
20240422;100759;7828;13;10177904702;S
20240422;100759;7827.5;1;10177904703;S
20240422;100759;7827.5;4;10177904704;S
20240422;100759;7827;1;10177904705;S
20240422;100759;7827;20;10177904706;S
20240422;100759;7827;2;10177904707;S
20240422;100759;7827;1;10177904708;S
20240422;100759;7827;2;10177904709;S
20240422;100759;7827;1;10177904710;S
20240422;100759;7827;1;10177904711;S
20240422;100759;7826.5;2;10177904712;S
20240422;100759;7826;10;10177904714;S
20240422;100759;7826;1;10177904715;S
20240422;100759;7825.5;2;10177904716;S
20240422;100759;7825.5;2;10177904717;S
20240422;100759;7825.5;39;10177904718;S
20240422;100759;7825.5;35;10177904719;S
20240422;100759;7825;5;10177904720;S
20240422;100759;7825;1;10177904721;S
20240422;100759;7825;5;10177904722;S
20240422;100759;7825;2;10177904723;S
20240422;100759;7825;61;10177904724;S
20240422;100759;7825;1;10177904725;S
20240422;100759;7825;10;10177904726;S
20240422;100759;7825;1;10177904727;S
20240422;100759;7825;1;10177904728;S
20240422;100759;7825;100;10177904729;S
20240422;100759;7825;2;10177904730;S
20240422;100759;7825;1;10177904731;S
20240422;100759;7825;1;10177904732;S
20240422;100759;7825;15;10177904733;S
20240422;100759;7825;10;10177904734;S
20240422;100759;7824.5;11;10177904737;S
20240422;100759;7824.5;1;10177904738;S
20240422;100759;7824;1;10177904739;S
20240422;100759;7824;5;10177904740;S
20240422;100759;7824;1;10177904741;S
20240422;100759;7824;1;10177904742;S
20240422;100759;7824;10;10177904743;S
20240422;100800;7824;5;10177904782;B
20240422;100800;7823.5;4;10177904845;S
20240422;100800;7823;1;10177904846;S
20240422;100800;7823;39;10177904847;S
20240422;100800;7822.5;5;10177904848;S
20240422;100800;7822.5;22;10177904849;S
20240422;100800;7822.5;2;10177904850;S
20240422;100800;7822.5;5;10177904902;S
20240422;100800;7822.5;39;10177904903;S
20240422;100800;7822.5;10;10177904904;S
20240422;100800;7822.5;50;10177904905;S
20240422;100800;7822;10;10177904906;S
20240422;100800;7822;36;10177904907;S
20240422;100800;7822.5;1;10177904909;S
20240422;100801;7822.5;8;10177904955;S
20240422;100801;7822.5;12;10177904956;S
20240422;100801;7823.5;2;10177905077;B
20240422;100803;7824;1;10177905242;B
20240422;100804;7824;1;10177905485;B
20240422;100805;7824;1;10177905576;B
20240422;100805;7824;1;10177905630;B
20240422;100806;7824;20;10177905677;B
20240422;100806;7824;1;10177905760;B
20240422;100807;7824.5;2;10177905915;B
20240422;100807;7824.5;1;10177905984;B
20240422;100809;7825;2;10177906404;B
20240422;100810;7825;50;10177906488;B
20240422;100811;7825;10;10177906760;B
20240422;100811;7825.5;29;10177906761;B
20240422;100811;7825.5;50;10177906762;B
20240422;100811;7826;11;10177906763;B
20240422;100813;7825.5;1;10177906933;B
20240422;100816;7826;8;10177907516;B
20240422;100816;7826;2;10177907517;B
20240422;100818;7827;15;10177907815;B
20240422;100818;7827;28;10177907816;B
20240422;100818;7827;7;10177907817;B
20240422;100819;7827;10;10177908029;B
20240422;100819;7827;15;10177908030;B
20240422;100819;7827;5;10177908031;B
20240422;100820;7826.5;10;10177908042;B
20240422;100820;7826.5;50;10177908043;B
20240422;100820;7826.5;28;10177908044;B
20240422;100820;7827;28;10177908045;B
20240422;100820;7827;15;10177908046;B
20240422;100820;7827;8;10177908047;B
20240422;100820;7827;21;10177908048;B
20240422;100820;7827;49;10177908049;B
20240422;100820;7827.5;50;10177908050;B
20240422;100820;7828;50;10177908051;B
20240422;100820;7828;40;10177908052;B
20240422;100820;7828.5;50;10177908053;B
20240422;100820;7828.5;40;10177908054;B
20240422;100820;7829;50;10177908055;B
20240422;100820;7829;40;10177908056;B
20240422;100820;7829.5;105;10177908057;B
20240422;100820;7829.5;50;10177908058;B
20240422;100820;7830;91;10177908059;B
20240422;100820;7830;505;10177908060;B
20240422;100822;7827.5;1;10177908497;S
20240422;100823;7828.5;1;10177909028;B
20240422;100826;7828;1;10177909442;B
20240422;100826;7828.5;9;10177909443;B
20240422;100827;7828.5;3;10177909602;B
20240422;100830;7828;1;10177910179;B
20240422;100830;7828;8;10177910196;B
20240422;100830;7828;1;10177910197;B
20240422;100831;7828.5;10;10177910294;B
20240422;100833;7828.5;1;10177910660;B
20240422;100834;7828;5;10177910882;S
20240422;100839;7828;5;10177912009;S
20240422;100839;7827;2;10177912010;S
20240422;100840;7826;10;10177912127;S
20240422;100840;7825.5;18;10177912128;S
20240422;100840;7827;9;10177912196;B
20240422;100841;7827;8;10177912292;B
20240422;100841;7827;4;10177912293;B
20240422;100841;7827;7;10177912294;B
20240422;100841;7827.5;50;10177912295;B
20240422;100841;7827.5;10;10177912296;B
20240422;100841;7827.5;21;10177912297;B
20240422;100841;7828;2;10177912302;B
20240422;100841;7828;9;10177912469;B
20240422;100841;7826;1;10177912491;S
20240422;100842;7828;1;10177912800;B
20240422;100845;7827.5;8;10177913481;B
20240422;100845;7827.5;28;10177913482;B
20240422;100845;7828;14;10177913483;B
20240422;100847;7828;1;10177914131;B
20240422;100848;7827.5;8;10177914227;B
20240422;100848;7828;11;10177914228;B
20240422;100849;7828;1;10177914473;B
20240422;100850;7827.5;1;10177914620;B
20240422;100851;7827;1;10177914709;S
20240422;100851;7826.5;10;10177914710;S
20240422;100852;7827;1;10177915186;S
20240422;100852;7827;4;10177915187;S
20240422;100853;7826.5;3;10177915363;S
20240422;100853;7826.5;7;10177915527;S
20240422;100853;7827;14;10177915528;B
20240422;100853;7826;1;10177915531;S
20240422;100853;7825;3;10177915538;S
20240422;100853;7825;1;10177915539;S
20240422;100853;7824.5;1;10177915577;S
20240422;100853;7824.5;4;10177915578;S
20240422;100854;7824;40;10177915645;S
20240422;100854;7824;1;10177915646;S
20240422;100854;7824;2;10177915647;S
20240422;100854;7824;27;10177915648;S
20240422;100854;7823.5;8;10177915649;S
20240422;100854;7823.5;10;10177915650;S
20240422;100854;7823;10;10177915651;S
20240422;100854;7823;62;10177915652;S
20240422;100856;7823;1;10177916526;S
20240422;100858;7823.5;8;10177916771;B
20240422;100858;7824.5;2;10177916772;B
20240422;100859;7825;5;10177916966;B
20240422;100859;7825;3;10177917074;B
20240422;100900;7824.5;17;10177917180;S
20240422;100900;7824.5;3;10177917181;S
20240422;100900;7824;4;10177917266;B
20240422;100900;7824;13;10177917450;B
20240422;100900;7823.5;10;10177917460;S
20240422;100900;7823.5;21;10177917461;S
20240422;100900;7823.5;7;10177917462;S
20240422;100900;7823.5;8;10177917463;S
20240422;100900;7822.5;4;10177917464;S
20240422;100901;7824.5;8;10177917758;B
20240422;100901;7824.5;27;10177917759;B
20240422;100901;7824.5;31;10177917760;B
20240422;100901;7825;49;10177917826;B
20240422;100901;7825;1;10177917834;B
20240422;100901;7825;8;10177917835;B
20240422;100901;7825;27;10177917836;B
20240422;100902;7826;3;10177918068;B
20240422;100903;7826;12;10177918172;B
20240422;100903;7826;8;10177918173;B
20240422;100903;7826.5;5;10177918174;B
20240422;100904;7825.5;3;10177918372;S
20240422;100907;7825.5;2;10177918935;S
20240422;100908;7826;1;10177919103;B
20240422;100908;7825.5;1;10177919163;S
20240422;100908;7826;10;10177919225;B
20240422;100909;7826;1;10177919308;B
20240422;100910;7825.5;2;10177919604;S
20240422;100912;7825.5;13;10177919913;S
20240422;100912;7825.5;8;10177919914;S
20240422;100912;7825.5;4;10177919915;S
20240422;100912;7825.5;25;10177919916;S
20240422;100913;7826.5;8;10177920027;B
20240422;100913;7827;13;10177920028;B
20240422;100913;7827;1;10177920029;B
20240422;100914;7827;1;10177920294;B
20240422;100915;7827;1;10177920388;B
20240422;100915;7827;2;10177920404;B
20240422;100915;7828;1;10177920434;B
20240422;100918;7827;3;10177920909;S
20240422;100918;7827.5;5;10177920945;B
20240422;100922;7827;1;10177921639;S
20240422;100923;7827;17;10177921780;S
20240422;100923;7827;10;10177921781;S
20240422;100923;7826.5;8;10177921782;S
20240422;100923;7826.5;15;10177921783;S
20240422;100925;7827.5;45;10177922166;B
20240422;100925;7827.5;8;10177922167;B
20240422;100925;7827.5;47;10177922168;B
20240422;100925;7827.5;2;10177922195;B
20240422;100927;7828;1;10177922542;B
20240422;100928;7828;2;10177922636;B
20240422;100929;7828;1;10177922870;B
20240422;100929;7828;2;10177922876;B
20240422;100929;7827;21;10177922877;S
20240422;100929;7827;8;10177922878;S
20240422;100929;7827;10;10177922879;S
20240422;100929;7827;42;10177922880;S
20240422;100929;7826;50;10177922881;S
20240422;100929;7826;30;10177922882;S
20240422;100929;7825.5;39;10177922883;S
20240422;100930;7827.5;1;10177922987;B
20240422;100930;7827.5;1;10177922993;B
20240422;100934;7827;1;10177923590;S
20240422;100934;7827;3;10177923646;S
20240422;100935;7827.5;6;10177923785;B
20240422;100935;7827.5;14;10177923786;B
20240422;100935;7827.5;1;10177923804;B
20240422;100936;7827;17;10177923915;S
20240422;100936;7827;1;10177923938;S
20240422;100937;7827.5;15;10177924025;B
20240422;100939;7827;21;10177924293;S
20240422;100939;7826.5;8;10177924294;S
20240422;100939;7826;12;10177924295;S
20240422;100940;7827.5;4;10177924531;B
20240422;100940;7827.5;1;10177924554;B
20240422;100946;7826.5;2;10177925670;S
20240422;100946;7826.5;12;10177925671;S
20240422;100946;7826.5;7;10177925672;S
20240422;100946;7825.5;10;10177925718;B
20240422;100948;7825;14;10177926048;S
20240422;100948;7825;13;10177926049;S
20240422;100948;7825;5;10177926050;S
20240422;100948;7825;100;10177926051;S
20240422;100948;7825;5;10177926052;S
20240422;100948;7825;21;10177926053;S
20240422;100948;7824.5;10;10177926054;S
20240422;100948;7823;4;10177926077;B
20240422;100949;7823.5;8;10177926426;S
20240422;100950;7824;4;10177926522;B
20240422;100952;7824;10;10177927564;S
20240422;100953;7824;11;10177927701;S
20240422;100953;7823.5;8;10177927702;S
20240422;100953;7823;50;10177927703;S
20240422;100953;7822.5;31;10177927704;S
20240422;100953;7823;32;10177927835;B
20240422;100953;7823;42;10177927836;B
20240422;100955;7823;5;10177928352;B
20240422;100958;7822;2;10177929164;S
20240422;100959;7822.5;10;10177929358;B
20240422;100959;7822.5;8;10177929359;B
20240422;100959;7823;27;10177929360;B
20240422;100959;7823;27;10177929361;B
20240422;100959;7823;50;10177929362;B
20240422;101001;7823;69;10177929949;S
20240422;101001;7823;21;10177929950;S
20240422;101001;7822.5;8;10177929951;S
20240422;101001;7822;2;10177929952;S
20240422;101004;7822;5;10177930552;S
20240422;101009;7823;1;10177931415;B
20240422;101013;7823;1;10177932033;B
20240422;101013;7822.5;1;10177932035;S
20240422;101015;7822.5;6;10177932463;S
20240422;101016;7823;2;10177932532;B
20240422;101018;7823;3;10177932999;B
20240422;101020;7823;1;10177933367;B
20240422;101022;7822.5;50;10177933796;S
20240422;101022;7822.5;3;10177933844;S
20240422;101022;7822.5;1;10177933845;S
20240422;101022;7822.5;2;10177933846;S
20240422;101022;7822;4;10177933847;S
20240422;101027;7822;100;10177934552;S
20240422;101028;7822.5;1;10177934669;B
20240422;101029;7822;1;10177934959;S
20240422;101029;7822;1;10177934960;S
20240422;101029;7822.5;3;10177935009;B
20240422;101030;7822;2;10177935046;S
20240422;101030;7822;1;10177935047;S
20240422;101030;7822;1;10177935048;S
20240422;101030;7822;2;10177935049;S
20240422;101030;7822;10;10177935050;S
20240422;101030;7822;1;10177935051;S
20240422;101030;7822;7;10177935052;S
20240422;101030;7822;18;10177935053;S
20240422;101030;7822;10;10177935054;S
20240422;101030;7822;1;10177935068;B
20240422;101030;7821.5;75;10177935147;S
20240422;101030;7821.5;111;10177935148;S
20240422;101030;7821.5;164;10177935149;S
20240422;101030;7821;490;10177935150;S
20240422;101030;7821;157;10177935151;S
20240422;101030;7821;152;10177935152;S
20240422;101030;7821;164;10177935153;S
20240422;101030;7821;37;10177935154;S
20240422;101030;7821;111;10177935155;S
20240422;101030;7821;1;10177935156;S
20240422;101030;7821;1;10177935157;S
20240422;101030;7821;1;10177935158;S
20240422;101030;7821;1;10177935159;S
20240422;101030;7820;1;10177935160;S
20240422;101030;7820;2;10177935161;S
20240422;101030;7820;1;10177935162;S
20240422;101030;7820;5;10177935163;S
20240422;101030;7820;1;10177935164;S
20240422;101030;7820;2;10177935165;S
20240422;101030;7820;25;10177935166;S
20240422;101030;7820;73;10177935167;S
20240422;101030;7820;1;10177935168;S
20240422;101030;7820;2;10177935169;S
20240422;101030;7820;5;10177935170;S
20240422;101030;7820;6;10177935171;S
20240422;101030;7820;4;10177935172;S
20240422;101030;7820;6;10177935173;S
20240422;101030;7820;5;10177935174;S
20240422;101030;7820;1;10177935175;S
20240422;101030;7820;10;10177935177;S
20240422;101030;7820;21;10177935178;S
20240422;101030;7820;20;10177935254;S
20240422;101031;7820.5;6;10177935471;B
20240422;101031;7820;1;10177935487;S
20240422;101034;7820;1;10177936029;S
20240422;101034;7820.5;1;10177936082;B
20240422;101034;7820;3;10177936132;S
20240422;101034;7820.5;17;10177936184;B
20240422;101034;7820;2;10177936185;S
20240422;101036;7820;13;10177936466;S
20240422;101036;7820;1;10177936489;S
20240422;101036;7820;1;10177936496;S
20240422;101036;7820.5;10;10177936497;B
20240422;101037;7820;1;10177936702;S
20240422;101037;7820;5;10177936703;S
20240422;101039;7820;6;10177936981;S
20240422;101039;7820;1;10177936982;S
20240422;101039;7820;1;10177936983;S
20240422;101039;7820;1;10177936984;S
20240422;101039;7820;1;10177936985;S
20240422;101039;7820;9;10177936986;S
20240422;101040;7820.5;1;10177937141;B
20240422;101040;7820.5;1;10177937152;B
20240422;101043;7820.5;14;10177937786;B
20240422;101043;7820.5;12;10177937787;B
20240422;101043;7820.5;6;10177937812;B
20240422;101045;7820;1;10177938019;S
20240422;101045;7820;1;10177938085;S
20240422;101045;7820;2;10177938087;S
20240422;101046;7820;5;10177938231;S
20240422;101046;7820;1;10177938232;S
20240422;101047;7820;1;10177938488;S
20240422;101047;7820;2;10177938489;S
20240422;101048;7820;2;10177938670;S
20240422;101049;7820;3;10177938839;S
20240422;101049;7820;1;10177938937;S
20240422;101049;7820;1;10177938938;S
20240422;101050;7820;1;10177938978;S
20240422;101050;7820;1;10177939096;S
20240422;101050;7820;1;10177939128;S
20240422;101050;7820;1;10177939139;S
20240422;101050;7820.5;1;10177939154;B
20240422;101051;7820.5;3;10177939335;B
20240422;101051;7820.5;1;10177939337;B
20240422;101052;7820;1;10177939586;S
20240422;101052;7820;1;10177939587;S
20240422;101052;7820;5;10177939588;S
20240422;101053;7820;1;10177939908;S
20240422;101053;7820;1;10177939909;S
20240422;101053;7820;3;10177939910;S
20240422;101053;7820;1;10177939923;S
20240422;101054;7820;7;10177939957;S
20240422;101055;7820;2;10177940205;S
20240422;101055;7820;1;10177940206;S
20240422;101055;7820;1;10177940207;S
20240422;101055;7820;1;10177940208;S
20240422;101056;7820;3;10177940368;S
20240422;101056;7820;1;10177940369;S
20240422;101056;7820.5;4;10177940425;B
20240422;101056;7820.5;3;10177940426;S
20240422;101056;7820.5;8;10177940427;S
20240422;101100;7820.5;15;10177941253;S
20240422;101100;7820.5;5;10177941254;S
20240422;101100;7820;38;10177941255;S
20240422;101100;7820;10;10177941256;S
20240422;101100;7820;1;10177941257;S
20240422;101100;7820;2;10177941258;S
20240422;101100;7820;15;10177941259;S
20240422;101100;7820;5;10177941260;S
20240422;101100;7820;1;10177941261;S
20240422;101100;7820;9;10177941262;S
20240422;101100;7820;1;10177941263;S
20240422;101100;7820;1;10177941264;S
20240422;101100;7820.5;1;10177941480;B
20240422;101100;7820;10;10177941481;S
20240422;101101;7820;3;10177941506;S
20240422;101101;7820;1;10177941806;S
20240422;101101;7820;1;10177941810;S
20240422;101101;7820;1;10177941909;S
20240422;101102;7820;1;10177941941;S
20240422;101102;7820;1;10177941956;S
20240422;101102;7820;1;10177941993;S
20240422;101103;7820;1;10177942282;S
20240422;101105;7820;3;10177942637;S
20240422;101106;7820;15;10177942808;S
20240422;101107;7820.5;49;10177943073;B
20240422;101107;7820.5;32;10177943074;B
20240422;101107;7820.5;39;10177943075;B
20240422;101107;7821;9;10177943076;B
20240422;101107;7821;40;10177943077;B
20240422;101107;7821;10;10177943078;B
20240422;101107;7821;28;10177943079;B
20240422;101107;7821.5;50;10177943080;B
20240422;101107;7821.5;40;10177943081;B
20240422;101107;7821.5;30;10177943082;B
20240422;101107;7822;50;10177943083;B
20240422;101107;7822;40;10177943084;B
20240422;101107;7822.5;92;10177943085;B
20240422;101107;7822.5;15;10177943086;B
20240422;101107;7823;26;10177943087;B
20240422;101107;7823;1;10177943088;B
20240422;101107;7824;1;10177943089;B
20240422;101107;7824;26;10177943090;B
20240422;101107;7824.5;22;10177943091;B
20240422;101107;7821.5;19;10177943093;S
20240422;101110;7821.5;4;10177943757;B
20240422;101110;7820.5;16;10177944338;S
20240422;101111;7821;10;10177944393;B
20240422;101112;7821;10;10177945089;S
20240422;101112;7820.5;20;10177945090;S
20240422;101112;7820.5;10;10177945091;S
20240422;101112;7820;10;10177945092;S
20240422;101112;7821;3;10177945131;B
20240422;101115;7821;2;10177945937;B
20240422;101118;7821;20;10177946732;S
20240422;101119;7821.5;21;10177947073;S
20240422;101119;7821.5;10;10177947074;S
20240422;101119;7821;14;10177947075;S
20240422;101119;7822;15;10177947076;B
20240422;101119;7822;8;10177947077;B
20240422;101119;7822;15;10177947079;B
20240422;101119;7822.5;39;10177947080;B
20240422;101119;7822.5;32;10177947081;B
20240422;101119;7822.5;15;10177947082;B
20240422;101119;7823;30;10177947083;B
20240422;101119;7823;10;10177947084;B
20240422;101119;7823.5;32;10177947085;B
20240422;101119;7823.5;2;10177947086;B
20240422;101119;7823.5;6;10177947087;B
20240422;101120;7823.5;7;10177947157;B
20240422;101120;7823.5;7;10177947158;B
20240422;101120;7823.5;17;10177947206;B
20240422;101120;7823;10;10177947271;S
20240422;101120;7823.5;1;10177947366;B
20240422;101120;7823.5;14;10177947389;B
20240422;101125;7824;1;10177948486;B
20240422;101129;7823.5;10;10177949195;B
20240422;101129;7823;10;10177949268;S
20240422;101129;7823;1;10177949269;S
20240422;101134;7823.5;20;10177949866;B
20240422;101134;7824;5;10177949867;B
20240422;101134;7824;1;10177949870;B
20240422;101137;7824;1;10177950445;B
20240422;101138;7824;10;10177950491;B
20240422;101140;7824;1;10177950876;B
20240422;101140;7823.5;2;10177950916;B
20240422;101140;7824;13;10177950917;B
20240422;101142;7824;7;10177951253;B
20240422;101142;7824;3;10177951286;B
20240422;101142;7824;25;10177951287;B
20240422;101143;7824;32;10177951531;B
20240422;101143;7824;10;10177951532;B
20240422;101143;7824.5;15;10177951533;B
20240422;101143;7824.5;10;10177951534;B
20240422;101143;7824.5;33;10177951535;B
20240422;101145;7824.5;1;10177951840;B
20240422;101145;7824;2;10177951858;S
20240422;101145;7824.5;4;10177951931;B
20240422;101145;7824.5;10;10177951933;B
20240422;101145;7824.5;23;10177951934;B
20240422;101145;7824.5;9;10177951935;B
20240422;101145;7824.5;15;10177951936;B
20240422;101145;7825;5;10177951937;B
20240422;101145;7825;3;10177951938;B
20240422;101145;7825;1;10177951939;B
20240422;101145;7825;10;10177951940;B
20240422;101145;7825;12;10177951941;B
20240422;101145;7825.5;2;10177951942;B
20240422;101145;7826;10;10177951943;B
20240422;101145;7826;25;10177951944;B
20240422;101145;7826;7;10177951945;B
20240422;101145;7827;30;10177951951;B
20240422;101145;7827;32;10177951952;B
20240422;101145;7827.5;31;10177951953;B
20240422;101145;7827.5;12;10177951954;B
20240422;101145;7827.5;16;10177951955;B
20240422;101145;7827.5;15;10177951956;B
20240422;101145;7827.5;10;10177951957;B
20240422;101145;7827.5;32;10177951958;B
20240422;101145;7827.5;15;10177951959;B
20240422;101145;7828;23;10177951960;B
20240422;101145;7828;1;10177951961;B
20240422;101145;7828;26;10177951962;B
20240422;101145;7828;14;10177951963;B
20240422;101145;7828;7;10177951965;B
20240422;101145;7828;15;10177951966;S
20240422;101146;7827.5;45;10177952016;S
20240422;101146;7827.5;10;10177952017;S
20240422;101146;7827.5;11;10177952018;S
20240422;101146;7827;34;10177952019;S
20240422;101146;7827.5;1;10177952056;S
20240422;101147;7827.5;7;10177952224;B
20240422;101147;7828;17;10177952259;B
20240422;101147;7828;12;10177952303;B
20240422;101148;7828;1;10177952421;B
20240422;101149;7828;1;10177952552;B
20240422;101149;7828;3;10177952694;B
20240422;101149;7828;1;10177952695;B
20240422;101154;7827.5;5;10177953316;B
20240422;101156;7827.5;3;10177953716;B
20240422;101157;7827.5;32;10177953817;B
20240422;101159;7827.5;2;10177954056;B
20240422;101159;7827.5;1;10177954114;B
20240422;101201;7827.5;5;10177954303;B
20240422;101201;7827.5;11;10177954304;B
20240422;101201;7828;5;10177954305;B
20240422;101201;7828;29;10177954306;B
20240422;101201;7828;6;10177954414;B
20240422;101205;7828;33;10177955075;B
20240422;101207;7827.5;1;10177955370;S
20240422;101212;7827.5;5;10177956010;B
20240422;101214;7827.5;7;10177956367;B
20240422;101214;7827.5;3;10177956368;B
20240422;101216;7828;10;10177956805;B
20240422;101216;7828;10;10177956806;B
20240422;101216;7828.5;2;10177956807;B
20240422;101216;7828.5;13;10177956808;B
20240422;101217;7828.5;10;10177956987;B
20240422;101218;7828.5;1;10177957091;B
20240422;101221;7828.5;76;10177957681;B
20240422;101221;7828.5;5;10177957682;B
20240422;101221;7828.5;10;10177957683;B
20240422;101224;7829;6;10177958208;B
20240422;101224;7828.5;10;10177958213;S
20240422;101224;7829;15;10177958279;B
20240422;101224;7828.5;1;10177958297;S
20240422;101225;7829;15;10177958481;B
20240422;101227;7828.5;1;10177958856;S
20240422;101227;7828.5;10;10177958857;S
20240422;101227;7828.5;10;10177958858;S
20240422;101227;7828;10;10177958859;S
20240422;101227;7828;1;10177958860;S
20240422;101227;7828;1;10177958861;S
20240422;101227;7828;10;10177958862;S
20240422;101227;7828;1;10177958863;S
20240422;101227;7827.5;16;10177958864;S
20240422;101232;7828.5;10;10177959953;B
20240422;101234;7828.5;4;10177960460;B
20240422;101235;7828.5;5;10177960478;S
20240422;101235;7828;10;10177960479;S
20240422;101235;7828;14;10177960480;S
20240422;101235;7829;7;10177960593;B
20240422;101238;7828;10;10177961110;S
20240422;101238;7828;28;10177961111;S
20240422;101238;7827.5;34;10177961112;S
20240422;101238;7827.5;10;10177961113;S
20240422;101238;7827.5;1;10177961114;S
20240422;101238;7827;3;10177961115;S
20240422;101238;7827;1;10177961116;S
20240422;101238;7827;1;10177961117;S
20240422;101238;7826.5;2;10177961118;S
20240422;101238;7826.5;10;10177961119;S
20240422;101238;7827.5;3;10177961307;S
20240422;101239;7827.5;1;10177961403;B
20240422;101240;7826;5;10177961510;S
20240422;101240;7826;10;10177961511;S
20240422;101240;7826;10;10177961512;S
20240422;101240;7826;28;10177961513;S
20240422;101240;7825.5;7;10177961514;S
20240422;101240;7825.5;20;10177961534;S
20240422;101240;7825.5;10;10177961535;S
20240422;101240;7825;30;10177961536;S
20240422;101242;7826;14;10177961979;B
20240422;101242;7826.5;10;10177961980;B
20240422;101242;7826.5;11;10177961981;B
20240422;101242;7826.5;15;10177961998;B
20240422;101242;7826.5;15;10177962001;B
20240422;101242;7826.5;5;10177962004;B
20240422;101243;7827;1;10177962214;B
20240422;101245;7827;2;10177962524;B
20240422;101247;7826;3;10177962784;S
20240422;101247;7827;36;10177962852;B
20240422;101247;7827;10;10177962853;B
20240422;101247;7827.5;40;10177962854;B
20240422;101247;7827.5;18;10177962855;B
20240422;101247;7827.5;10;10177962856;B
20240422;101247;7828;50;10177962857;B
20240422;101247;7828;40;10177962858;B
20240422;101247;7828.5;10;10177962867;S
20240422;101247;7828;146;10177962868;S
20240422;101249;7829;3;10177963092;B
20240422;101249;7829;2;10177963194;B
20240422;101252;7829;5;10177963576;B
20240422;101252;7829;3;10177963577;B
20240422;101252;7829;20;10177963584;B
20240422;101253;7828.5;32;10177963806;B
20240422;101253;7828.5;2;10177963807;B
20240422;101253;7829.5;9;10177963890;B
20240422;101253;7829.5;26;10177963891;B
20240422;101253;7829.5;10;10177963958;B
20240422;101253;7829.5;10;10177963995;S
20240422;101253;7830;104;10177964011;B
20240422;101253;7830;25;10177964039;B
20240422;101254;7830;3;10177964160;B
20240422;101254;7830;3;10177964173;B
20240422;101254;7830;20;10177964310;B
20240422;101255;7829.5;35;10177964488;S
20240422;101256;7829.5;1;10177964801;S
20240422;101257;7829.5;10;10177964878;S
20240422;101257;7829.5;30;10177964879;S
20240422;101259;7830;2;10177965472;B
20240422;101303;7830;1;10177966180;B
20240422;101305;7830;7;10177966448;B
20240422;101305;7830;7;10177966461;B
20240422;101306;7829.5;10;10177966709;S
20240422;101306;7829;6;10177966710;S
20240422;101308;7829;5;10177967115;S
20240422;101308;7829;1;10177967116;S
20240422;101308;7828.5;32;10177967117;S
20240422;101308;7828;12;10177967118;S
20240422;101309;7828;1;10177967302;S
20240422;101315;7828;3;10177968474;S
20240422;101315;7828;8;10177968570;S
20240422;101324;7828.5;1;10177969689;S
20240422;101325;7829;13;10177969982;B
20240422;101325;7829.5;39;10177969983;B
20240422;101325;7829.5;2;10177969984;B
20240422;101325;7830;15;10177969985;B
20240422;101326;7830;7;10177970131;B
20240422;101326;7830;7;10177970132;B
20240422;101327;7829.5;15;10177970539;S
20240422;101333;7829;9;10177971743;S
20240422;101335;7829;20;10177972020;S
20240422;101338;7828.5;1;10177972985;S
20240422;101346;7829;1;10177974341;B
20240422;101353;7828.5;17;10177975328;S
20240422;101353;7828.5;1;10177975329;S
20240422;101353;7828.5;5;10177975330;S
20240422;101353;7828;6;10177975331;S
20240422;101354;7829;13;10177975512;B
20240422;101354;7828;7;10177975630;S
20240422;101357;7828;13;10177976189;S
20240422;101400;7828.5;8;10177976790;B
20240422;101401;7828;1;10177976998;S
20240422;101406;7828;1;10177977691;S
20240422;101409;7828.5;1;10177978167;B
20240422;101409;7828.5;2;10177978168;B
20240422;101412;7828.5;30;10177978729;B
20240422;101412;7828.5;50;10177978730;B
20240422;101412;7828.5;14;10177978731;B
20240422;101412;7828.5;10;10177978732;B
20240422;101412;7829;25;10177978733;B
20240422;101412;7829;40;10177978734;B
20240422;101412;7829;50;10177978735;B
20240422;101412;7829.5;50;10177978736;B
20240422;101412;7829.5;40;10177978737;B
20240422;101412;7829.5;28;10177978738;B
20240422;101412;7830;663;10177978739;B
20240422;101414;7829.5;10;10177979049;B
20240422;101414;7829;1;10177979110;S
20240422;101417;7829.5;1;10177979375;B
20240422;101419;7829.5;28;10177979845;B
20240422;101419;7829.5;2;10177979846;B
20240422;101420;7829.5;8;10177979863;B
20240422;101420;7829.5;14;10177979864;B
20240422;101422;7829.5;4;10177980267;B
20240422;101424;7829.5;6;10177980612;B
20240422;101426;7829.5;3;10177980963;B
20240422;101429;7829.5;5;10177981881;B
20240422;101429;7829.5;2;10177981895;B
20240422;101431;7829;1;10177982639;S
20240422;101432;7829;3;10177982772;S
20240422;101433;7829.5;29;10177983075;B
20240422;101433;7829.5;10;10177983076;B
20240422;101433;7829.5;46;10177983077;B
20240422;101434;7830;1;10177983300;B
20240422;101436;7830;1;10177983593;B
20240422;101438;7829;1;10177983856;S
20240422;101438;7829;1;10177983857;S
20240422;101444;7830;19;10177984596;B
20240422;101444;7830;1;10177984632;B
20240422;101446;7829.5;14;10177985038;S
20240422;101446;7829;31;10177985039;S
20240422;101446;7829;20;10177985040;S
20240422;101446;7829;10;10177985041;S
20240422;101446;7828.5;1;10177985063;S
20240422;101447;7828.5;10;10177985110;S
20240422;101450;7829;15;10177985571;B
20240422;101453;7828;35;10177985922;S
20240422;101457;7828;5;10177986461;S
20240422;101458;7829;9;10177986608;B
20240422;101459;7828.5;1;10177986703;S
20240422;101500;7828;3;10177986819;S
20240422;101505;7829;1;10177987925;B
20240422;101506;7829;1;10177987974;B
20240422;101508;7829.5;28;10177988732;B
20240422;101511;7829.5;15;10177989410;B
20240422;101513;7829.5;1;10177989952;B
20240422;101514;7829;1;10177990161;S
20240422;101520;7829.5;3;10177991744;B
20240422;101520;7829.5;15;10177991848;B
20240422;101523;7829.5;1;10177992592;B
20240422;101523;7829.5;1;10177992596;B
20240422;101525;7829;1;10177993067;S
20240422;101527;7829;8;10177993604;S
20240422;101527;7829;1;10177993645;S
20240422;101530;7829;2;10177994707;S
20240422;101535;7829;1;10177995891;S
20240422;101536;7829.5;1;10177996146;B
20240422;101537;7829.5;21;10177996254;B
20240422;101542;7829;1;10177997415;S
20240422;101545;7829;2;10177998079;S
20240422;101552;7829;3;10177999742;S
20240422;101601;7829.5;14;10178001602;B
20240422;101601;7829.5;15;10178001603;B
20240422;101601;7829.5;191;10178001604;B
20240422;101601;7829.5;28;10178001605;B
20240422;101601;7830;9;10178001606;B
20240422;101601;7830;10;10178001607;B
20240422;101601;7830;5;10178001608;B
20240422;101603;7830;2;10178002125;B
20240422;101605;7829.5;10;10178002500;S
20240422;101605;7829.5;1;10178002501;S
20240422;101605;7829.5;3;10178002607;S
20240422;101607;7829.5;29;10178002908;S
20240422;101607;7829.5;2;10178002909;S
20240422;101607;7829;20;10178002910;S
20240422;101607;7829;1;10178002911;S
20240422;101607;7829;1;10178002912;S
20240422;101607;7829;1;10178002913;S
20240422;101607;7829;1;10178002914;S
20240422;101607;7829;4;10178002915;S
20240422;101607;7829;39;10178002916;S
20240422;101607;7829;2;10178002917;S
20240422;101609;7829.5;1;10178003402;S
20240422;101611;7829.5;10;10178003832;S
20240422;101612;7829.5;4;10178004037;B
20240422;101613;7829;14;10178004397;S
20240422;101616;7829.5;1;10178004954;B
20240422;101619;7829;1;10178005555;S
20240422;101621;7829.5;1;10178005915;B
20240422;101623;7829.5;1;10178006372;B
20240422;101623;7829.5;2;10178006449;B
20240422;101623;7829.5;2;10178006494;B
20240422;101624;7830;1;10178006615;B
20240422;101625;7829;2;10178006874;S
20240422;101626;7829.5;1;10178007066;B
20240422;101631;7829;8;10178008235;S
20240422;101635;7830;1;10178009003;B
20240422;101635;7830;30;10178009026;B
20240422;101636;7830;1;10178009244;B
20240422;101644;7830;1;10178011019;B
20240422;101645;7830;10;10178011084;B
20240422;101646;7830;11;10178011332;B
20240422;101648;7830;5;10178011779;B
20240422;101653;7830;54;10178012720;B
20240422;101653;7830;1;10178012721;B
20240422;101653;7830;10;10178012722;B
20240422;101653;7830;23;10178012723;B
20240422;101653;7830;4;10178012811;B
20240422;101654;7830;2;10178013167;B
20240422;101658;7830;6;10178013967;B
20240422;101701;7829.5;1;10178014381;S
20240422;101701;7829;39;10178014382;S
20240422;101701;7829;15;10178014383;S
20240422;101701;7828.5;10;10178014384;S
20240422;101701;7828;55;10178014385;S
20240422;101701;7828;1;10178014386;S
20240422;101701;7828;1;10178014387;S
20240422;101701;7828;1;10178014388;S
20240422;101701;7828;30;10178014389;S
20240422;101701;7828;5;10178014390;S
20240422;101701;7828;1;10178014391;S
20240422;101701;7828;2;10178014392;S
20240422;101701;7828;57;10178014393;S
20240422;101701;7828;113;10178014394;S
20240422;101701;7828;3;10178014395;S
20240422;101701;7828;38;10178014396;S
20240422;101701;7828;2;10178014397;S
20240422;101701;7828;1;10178014398;S
20240422;101701;7827.5;15;10178014399;S
20240422;101701;7827;2;10178014400;S
20240422;101701;7826.5;1;10178014401;S
20240422;101701;7826.5;50;10178014402;S
20240422;101701;7826;10;10178014403;S
20240422;101701;7826;28;10178014404;S
20240422;101701;7826;58;10178014405;S
20240422;101701;7825.5;40;10178014406;S
20240422;101701;7825.5;32;10178014407;S
20240422;101701;7825;100;10178014408;S
20240422;101701;7825;1;10178014409;S
20240422;101701;7825;40;10178014410;S
20240422;101701;7825;1;10178014411;S
20240422;101701;7825;19;10178014412;S
20240422;101701;7825;1;10178014413;S
20240422;101701;7824.5;15;10178014414;S
20240422;101701;7824.5;40;10178014415;S
20240422;101701;7824;1;10178014416;S
20240422;101701;7824;39;10178014417;S
20240422;101701;7823.5;132;10178014418;S
20240422;101701;7826;1;10178014462;S
20240422;101702;7826;2;10178014620;S
20240422;101702;7826.5;5;10178014654;B
20240422;101703;7825.5;10;10178014854;B
20240422;101703;7825.5;15;10178014855;B
20240422;101703;7826;15;10178014856;B
20240422;101705;7826;15;10178015036;B
20240422;101705;7826;1;10178015048;B
20240422;101709;7826;1;10178015842;B
20240422;101709;7826;3;10178015843;B
20240422;101711;7825.5;28;10178016196;S
20240422;101711;7825.5;15;10178016197;S
20240422;101711;7825;2;10178016198;S
20240422;101711;7825;1;10178016199;S
20240422;101711;7825;15;10178016200;S
20240422;101711;7825;2;10178016201;S
20240422;101711;7825;1;10178016202;S
20240422;101711;7824.5;10;10178016203;S
20240422;101711;7824;50;10178016204;S
20240422;101711;7823.5;1;10178016205;S
20240422;101711;7823.5;50;10178016206;S
20240422;101711;7823;11;10178016207;S
20240422;101711;7823;57;10178016208;S
20240422;101711;7823;1;10178016209;S
20240422;101711;7823;50;10178016210;S
20240422;101711;7822.5;1;10178016211;S
20240422;101711;7822;2;10178016212;S
20240422;101711;7822;2;10178016213;S
20240422;101711;7822;15;10178016214;S
20240422;101711;7821.5;1;10178016215;S
20240422;101711;7821.5;20;10178016216;S
20240422;101711;7821.5;1;10178016217;S
20240422;101711;7821.5;3;10178016218;S
20240422;101711;7821.5;1;10178016219;S
20240422;101711;7821;3;10178016220;S
20240422;101711;7821;2;10178016221;S
20240422;101711;7824;1;10178016276;S
20240422;101714;7825;5;10178016968;B
20240422;101714;7825;5;10178017049;B
20240422;101715;7825;1;10178017193;B
20240422;101716;7825.5;2;10178017464;B
20240422;101717;7825.5;20;10178017636;B
20240422;101721;7825.5;5;10178018344;B
20240422;101722;7825.5;1;10178018714;B
20240422;101730;7825.5;2;10178020724;S
20240422;101732;7826;20;10178020957;B
20240422;101732;7827;1;10178020966;B
20240422;101732;7828;1;10178021023;B
20240422;101733;7828;1;10178021103;B
20240422;101734;7828;6;10178021322;B
20240422;101734;7828.5;1;10178021373;B
20240422;101735;7828.5;7;10178021394;B
20240422;101737;7828.5;2;10178021769;B
20240422;101740;7828;10;10178022213;S
20240422;101744;7828.5;30;10178022932;B
20240422;101744;7828.5;2;10178022933;B
20240422;101744;7828.5;14;10178022934;B
20240422;101744;7829;4;10178022935;B
20240422;101748;7828.5;14;10178023697;S
20240422;101749;7828.5;3;10178023877;S
20240422;101751;7829;1;10178024231;B
20240422;101755;7827.5;1;10178024830;B
20240422;101755;7827.5;1;10178024847;B
20240422;101756;7827.5;1;10178024941;B
20240422;101756;7827.5;7;10178025030;B
20240422;101756;7827.5;1;10178025052;B
20240422;101756;7827;1;10178025149;S
20240422;101757;7827;1;10178025293;B
20240422;101758;7827;1;10178025374;B
20240422;101758;7827;1;10178025511;B
20240422;101759;7827;36;10178025619;B
20240422;101759;7827;40;10178025620;B
20240422;101759;7827.5;24;10178025621;B
20240422;101759;7827.5;1;10178025639;B
20240422;101759;7827.5;1;10178025683;B
20240422;101800;7827.5;1;10178025773;B
20240422;101800;7827.5;1;10178025812;B
20240422;101800;7827;3;10178025833;S
20240422;101801;7827;7;10178026104;S
20240422;101801;7827;50;10178026105;S
20240422;101801;7827;14;10178026106;S
20240422;101801;7827;30;10178026107;S
20240422;101801;7825.5;2;10178026108;S
20240422;101801;7825;1;10178026109;S
20240422;101801;7825;46;10178026110;S
20240422;101804;7827;14;10178026662;B
20240422;101804;7827;10;10178026663;B
20240422;101804;7827.5;1;10178026664;B
20240422;101807;7827;1;10178027034;B
20240422;101807;7827;2;10178027128;B
20240422;101808;7827;2;10178027211;B
20240422;101808;7827;1;10178027268;B
20240422;101809;7827;1;10178027509;B
20240422;101810;7827;1;10178027654;B
20240422;101811;7827;1;10178027863;B
20240422;101812;7827;7;10178028142;B
20240422;101814;7826;1;10178028536;S
20240422;101816;7825.5;2;10178029026;S
20240422;101817;7825.5;8;10178029114;S
20240422;101817;7825;4;10178029115;S
20240422;101817;7825;1;10178029116;S
20240422;101817;7825;1;10178029117;S
20240422;101817;7825;18;10178029118;S
20240422;101818;7824.5;1;10178029450;S
20240422;101819;7825;1;10178029524;B
20240422;101823;7825;1;10178030409;B
20240422;101824;7825;50;10178030729;B
20240422;101827;7825;2;10178031362;B
20240422;101829;7825;500;10178031734;B
20240422;101830;7824.5;1;10178032074;S
20240422;101832;7825;1;10178032450;B
20240422;101834;7825;1;10178033292;B
20240422;101836;7825;1;10178033781;B
20240422;101854;7825;2;10178037517;B
20240422;101857;7824.5;1;10178038054;S
20240422;101905;7825;55;10178039597;B
20240422;101905;7825;1;10178039607;B
20240422;101905;7824.5;4;10178039635;S
20240422;101911;7825;10;10178041190;B
20240422;101913;7825;15;10178041758;B
20240422;101914;7824.5;3;10178041953;S
20240422;101917;7825;23;10178042630;B
20240422;101918;7825;5;10178042990;B
20240422;101920;7825;1;10178043756;B
20240422;101921;7825;1;10178043913;B
20240422;101921;7824.5;1;10178043928;S
20240422;101922;7825;95;10178044109;B
20240422;101925;7825;1;10178044760;B
20240422;101925;7825;125;10178044761;B
20240422;101925;7824.5;2;10178044800;S
20240422;101927;7825;2;10178045164;B
20240422;101928;7825;15;10178045566;B
20240422;101930;7825;5;10178045834;B
20240422;101931;7824.5;42;10178046213;S
20240422;101931;7824.5;10;10178046214;S
20240422;101931;7824.5;32;10178046215;S
20240422;101931;7824;73;10178046216;S
20240422;101933;7824.5;5;10178046770;B
20240422;101934;7824.5;3;10178046884;B
20240422;101934;7824;4;10178046906;S
20240422;101936;7824.5;10;10178047234;B
20240422;101937;7824.5;1;10178047509;B
20240422;101937;7824.5;6;10178047567;B
20240422;101938;7824;7;10178048199;S
20240422;101938;7824;3;10178048200;S
20240422;101938;7824;1;10178048201;S
20240422;101938;7824;1;10178048202;S
20240422;101938;7824;21;10178048203;S
20240422;101938;7824;1;10178048204;S
20240422;101938;7824;3;10178048205;S
20240422;101941;7824.5;3;10178048871;B
20240422;101941;7824.5;1;10178048896;B
20240422;101941;7824.5;1;10178048939;B
20240422;101942;7824;9;10178049150;S
20240422;101942;7824;7;10178049151;S
20240422;101943;7824;4;10178049292;S
20240422;101943;7824;13;10178049400;S
20240422;101944;7824;1;10178049641;S
20240422;101945;7824;145;10178049815;S
20240422;101946;7824.5;1;10178049986;B
20240422;101947;7824.5;1;10178050172;B
20240422;101947;7824.5;1;10178050208;B
20240422;101948;7824.5;2;10178050425;B
20240422;101948;7824.5;1;10178050465;B
20240422;101949;7824.5;4;10178050643;B
20240422;101949;7824.5;21;10178050644;B
20240422;101949;7824.5;10;10178050645;B
20240422;101949;7824.5;2;10178050646;B
20240422;101949;7824.5;2;10178050647;B
20240422;101949;7824.5;8;10178050731;B
20240422;101949;7824.5;1;10178050764;B
20240422;101949;7824.5;3;10178050807;B
20240422;101950;7824.5;1;10178050990;B
20240422;101950;7824.5;3;10178051065;B
20240422;101950;7824.5;2;10178051071;B
20240422;101952;7824.5;1;10178051470;B
20240422;101953;7824.5;3;10178051564;B
20240422;101953;7824.5;1;10178051649;B
20240422;101953;7824.5;18;10178051660;B
20240422;101953;7824.5;4;10178051729;B
20240422;101954;7824.5;1;10178051860;B
20240422;101954;7824.5;35;10178051947;B
20240422;101954;7824.5;21;10178051948;B
20240422;101954;7824.5;40;10178051949;S
20240422;101954;7825;81;10178051950;B
20240422;101954;7825;40;10178051951;B
20240422;101954;7825;315;10178051952;B
20240422;101954;7825;327;10178051954;B
20240422;101955;7824.5;1;10178052028;S
20240422;101955;7825;3;10178052074;B
20240422;101955;7825;10;10178052197;B
20240422;101956;7825;5;10178052290;B
20240422;101956;7825;2;10178052473;B
20240422;101957;7825;9;10178052483;B
20240422;101958;7825;1;10178052694;B
20240422;101958;7825;1;10178052731;B
20240422;101958;7825;19;10178052835;B
20240422;102000;7825;1;10178053330;B
20240422;102000;7824.5;9;10178053347;S
20240422;102000;7824.5;8;10178053348;S
20240422;102000;7825;3;10178053350;B
20240422;102000;7825;2;10178053359;B
20240422;102001;7824.5;1;10178053408;S
20240422;102001;7825;1;10178053409;B
20240422;102001;7825;1;10178053430;B
20240422;102001;7825;1;10178053499;B
20240422;102001;7825;1;10178053540;B
20240422;102001;7824.5;10;10178053614;S
20240422;102002;7825;1;10178053652;B
20240422;102003;7825;1;10178053805;B
20240422;102003;7825;1;10178053807;B
20240422;102003;7825;5;10178053908;B
20240422;102003;7825;2;10178053919;B
20240422;102003;7825;1;10178053930;B
20240422;102004;7824.5;15;10178054119;S
20240422;102004;7824.5;32;10178054120;S
20240422;102004;7824.5;2;10178054121;S
20240422;102004;7824.5;1;10178054122;S
20240422;102004;7824.5;29;10178054123;S
20240422;102004;7824.5;15;10178054224;S
20240422;102004;7824;21;10178054225;S
20240422;102004;7824;22;10178054226;S
20240422;102004;7823.5;10;10178054227;S
20240422;102004;7823.5;11;10178054228;S
20240422;102006;7824;30;10178054551;B
20240422;102007;7824;10;10178054771;B
20240422;102007;7824.5;33;10178054772;B
20240422;102008;7824;40;10178055199;B
20240422;102008;7824;10;10178055200;B
20240422;102008;7824;9;10178055239;B
20240422;102009;7823.5;6;10178055617;S
20240422;102014;7824;1;10178057024;B
20240422;102014;7824;10;10178057106;B
20240422;102014;7824;1;10178057110;B
20240422;102014;7824;2;10178057195;B
20240422;102015;7824;14;10178057253;B
20240422;102015;7824;1;10178057317;B
20240422;102015;7824.5;3;10178057318;B
20240422;102015;7824.5;1;10178057350;B
20240422;102018;7824.5;1;10178058154;B
20240422;102018;7824.5;5;10178058253;B
20240422;102018;7824.5;2;10178058299;B
20240422;102019;7824.5;1;10178058489;B
20240422;102020;7824.5;1;10178058699;B
20240422;102021;7824.5;1;10178058921;B
20240422;102022;7824.5;1;10178059349;B
20240422;102023;7824.5;24;10178059463;B
20240422;102023;7824.5;23;10178059464;B
20240422;102023;7824.5;7;10178059465;B
20240422;102023;7824.5;60;10178059466;B
20240422;102023;7825;721;10178059467;B
20240422;102023;7825;10;10178059468;B
20240422;102023;7825;5;10178059469;B
20240422;102023;7825;2;10178059470;B
20240422;102023;7825;1;10178059471;B
20240422;102023;7825;1;10178059472;B
20240422;102023;7825;1;10178059473;B
20240422;102023;7825;40;10178059474;B
20240422;102023;7825;1;10178059475;B
20240422;102023;7825;1;10178059476;B
20240422;102023;7825;1;10178059477;B
20240422;102023;7825;1;10178059478;B
20240422;102023;7825;1;10178059479;B
20240422;102023;7825;1;10178059480;B
20240422;102023;7825;1;10178059481;B
20240422;102023;7825;1;10178059482;B
20240422;102023;7825;1;10178059483;B
20240422;102023;7825;1;10178059484;B
20240422;102023;7825;1;10178059485;B
20240422;102023;7825;1;10178059486;B
20240422;102023;7825;1;10178059487;B
20240422;102023;7825;1;10178059488;B
20240422;102023;7825;21;10178059489;B
20240422;102023;7825;10;10178059490;B
20240422;102023;7825;1;10178059491;B
20240422;102023;7825;1;10178059492;B
20240422;102023;7825;1;10178059493;B
20240422;102023;7825;1;10178059494;B
20240422;102023;7825.5;20;10178059495;B
20240422;102023;7825.5;36;10178059496;B
20240422;102023;7825.5;1;10178059505;S
20240422;102023;7825.5;1;10178059508;S
20240422;102023;7826;1;10178059688;B
20240422;102025;7826;2;10178061602;S
20240422;102026;7826.5;4;10178061780;B
20240422;102026;7826.5;1;10178061781;B
20240422;102027;7827;1;10178061949;S
20240422;102027;7827;1;10178061964;S
20240422;102028;7827.5;10;10178062095;B
20240422;102029;7827;1;10178062644;S
20240422;102029;7827;1;10178062687;S
20240422;102029;7827.5;110;10178062752;B
20240422;102030;7827.5;1;10178062784;B
20240422;102030;7827.5;4;10178062791;B
20240422;102030;7827.5;3;10178062800;B
20240422;102031;7827.5;4;10178063046;B
20240422;102031;7827.5;10;10178063050;B
20240422;102031;7827.5;4;10178063062;B
20240422;102031;7827;1;10178063077;S
20240422;102031;7827;1;10178063100;S
20240422;102031;7827;1;10178063110;S
20240422;102032;7827.5;8;10178063193;B
20240422;102032;7827.5;14;10178063390;B
20240422;102033;7827;1;10178064179;S
20240422;102033;7827;1;10178064399;S
20240422;102033;7827;1;10178064438;S
20240422;102033;7827;1;10178064471;S
20240422;102035;7827;1;10178065880;S
20240422;102035;7827;1;10178065895;S
20240422;102035;7827.5;1;10178065930;B
20240422;102035;7827.5;3;10178066551;B
20240422;102036;7827;1;10178066566;S
20240422;102037;7827;1;10178066805;S
20240422;102037;7827;1;10178066930;S
20240422;102037;7827.5;1;10178066985;B
20240422;102037;7827;1;10178067029;S
20240422;102038;7827.5;1;10178067430;B
20240422;102038;7827;1;10178067439;S
20240422;102038;7827;1;10178067454;S
20240422;102038;7827.5;1;10178067583;B
20240422;102039;7827.5;4;10178067668;B
20240422;102039;7827.5;3;10178067749;B
20240422;102039;7827;1;10178067767;S
20240422;102039;7827;1;10178067828;S
20240422;102039;7827;1;10178067833;S
20240422;102040;7827.5;50;10178067969;B
20240422;102041;7827.5;4;10178068365;B
20240422;102041;7827;1;10178068481;S
20240422;102042;7827;1;10178068843;S
20240422;102043;7827.5;22;10178068923;B
20240422;102043;7827;1;10178068968;S
20240422;102043;7827.5;1;10178069476;B
20240422;102044;7827;1;10178069721;S
20240422;102044;7827.5;10;10178069740;B
20240422;102044;7827;1;10178070366;S
20240422;102044;7827;1;10178070966;S
20240422;102045;7827;1;10178070988;S
20240422;102045;7827;1;10178070989;S
20240422;102046;7827;1;10178071273;S
20240422;102047;7827;1;10178071504;S
20240422;102047;7827;1;10178071507;S
20240422;102048;7827;1;10178071913;S
20240422;102049;7827;1;10178072094;S
20240422;102050;7827;1;10178072307;S
20240422;102050;7827.5;2;10178072659;B
20240422;102050;7827;1;10178072926;S
20240422;102050;7827;1;10178073018;S
20240422;102051;7827;1;10178073098;S
20240422;102051;7827;1;10178073155;S
20240422;102052;7827;13;10178073408;S
20240422;102052;7827;1;10178073551;S
20240422;102052;7826.5;1;10178073575;S
20240422;102052;7826.5;1;10178073592;S
20240422;102052;7826.5;1;10178073596;S
20240422;102053;7826.5;1;10178073722;S
20240422;102054;7826.5;11;10178075223;S
20240422;102054;7826;4;10178075224;S
20240422;102054;7825.5;1;10178075236;S
20240422;102055;7825.5;1;10178076233;S
20240422;102057;7827;10;10178076596;B
20240422;102057;7827;40;10178076597;B
20240422;102057;7825.5;1;10178076677;S
20240422;102057;7825.5;1;10178076702;S
20240422;102058;7825.5;1;10178076918;S
20240422;102058;7825.5;1;10178077353;S
20240422;102058;7825.5;1;10178077355;S
20240422;102059;7825.5;1;10178077422;S
20240422;102059;7825.5;1;10178077481;S
20240422;102059;7825.5;1;10178077600;S
20240422;102100;7826.5;29;10178077737;B
20240422;102101;7825.5;1;10178077917;S
20240422;102101;7825.5;1;10178078184;S
20240422;102102;7825.5;1;10178078297;S
20240422;102102;7826.5;10;10178078916;B
20240422;102104;7825.5;1;10178079369;S
20240422;102104;7826.5;10;10178079493;B
20240422;102104;7825.5;1;10178079549;S
20240422;102107;7825.5;1;10178080939;S
20240422;102107;7825.5;1;10178081069;S
20240422;102108;7825.5;11;10178081196;S
20240422;102108;7826.5;1;10178081224;B
20240422;102108;7826.5;1;10178081466;B
20240422;102109;7825.5;1;10178081624;S
20240422;102109;7826.5;28;10178081681;B
20240422;102109;7826.5;10;10178081682;B
20240422;102109;7826.5;16;10178081683;B
20240422;102109;7827;10;10178081684;B
20240422;102109;7827;40;10178081685;B
20240422;102109;7827;21;10178081686;B
20240422;102109;7827.5;149;10178081687;B
20240422;102109;7827.5;26;10178081688;B
20240422;102110;7827;1;10178081859;S
20240422;102110;7827.5;2;10178081973;B
20240422;102113;7827;1;10178083283;S
20240422;102113;7827.5;1;10178083329;B
20240422;102114;7827.5;1;10178083405;S
20240422;102114;7827.5;1;10178083579;S
20240422;102115;7827.5;1;10178083667;S
20240422;102115;7827;1;10178083721;S
20240422;102115;7827;1;10178083723;S
20240422;102115;7827;1;10178083724;S
20240422;102115;7827;1;10178083740;S
20240422;102115;7826;1;10178083751;S
20240422;102115;7826;1;10178083756;S
20240422;102115;7826;1;10178083762;S
20240422;102115;7826;1;10178083771;S
20240422;102116;7826.5;2;10178083793;B
20240422;102116;7826;1;10178083798;S
20240422;102116;7826;1;10178083818;S
20240422;102117;7826;1;10178084331;S
20240422;102118;7826;1;10178084378;S
20240422;102118;7826;1;10178084488;S
20240422;102118;7826.5;24;10178084544;B
20240422;102119;7826;1;10178084804;S
20240422;102120;7826.5;1;10178084950;B
20240422;102120;7826.5;2;10178084972;B
