<DATE>;<TIME>;<LAST>;<VOL>;<ID>;<OPER>
20240415;095932;7853;1;10112747121;S
20240415;095932;7853;4;10112747122;S
20240415;095932;7853;3;10112747123;S
20240415;095932;7853;3;10112747124;S
20240415;095932;7853;6;10112747125;S
20240415;095932;7853;5;10112747126;B
20240415;095932;7853;24;10112747127;B
20240415;095932;7853;2;10112747128;B
20240415;095932;7853;1;10112747129;B
20240415;095932;7853;12;10112747130;B
20240415;095932;7853;1;10112747131;B
20240415;095932;7853;1;10112747132;B
20240415;095932;7853;1;10112747133;B
20240415;095932;7853;1;10112747134;B
20240415;095932;7853;1;10112747135;B
20240415;095932;7853;4;10112747136;B
20240415;095932;7853;10;10112747137;B
20240415;095932;7853;1;10112747138;B
20240415;095932;7853;1;10112747139;B
20240415;095932;7853;5;10112747140;B
20240415;095932;7853;10;10112747141;B
20240415;095932;7853;5;10112747142;B
20240415;095932;7853;1;10112747143;B
20240415;095932;7853;5;10112747144;B
20240415;095932;7853;1;10112747145;B
20240415;095932;7853;1;10112747146;B
20240415;095932;7853;1;10112747147;B
20240415;095932;7853;2;10112747148;B
20240415;095932;7853;25;10112747149;B
20240415;095932;7853;1;10112747150;B
20240415;095932;7853;2;10112747151;B
20240415;095932;7853;8;10112747152;B
20240415;095932;7853;3;10112747153;B
20240415;095932;7853;1;10112747154;B
20240415;095932;7853;20;10112747155;B
20240415;095932;7853;9;10112747156;B
20240415;095932;7853;4;10112747157;B
20240415;095932;7853;1;10112747158;B
20240415;095932;7853;15;10112747159;B
20240415;095932;7853;2;10112747160;B
20240415;095932;7853;2;10112747161;B
20240415;095932;7853;1;10112747162;B
20240415;095932;7853;2;10112747163;S
20240415;095932;7853;1;10112747164;B
20240415;095932;7853;7;10112747165;S
20240415;095932;7853;2;10112747166;S
20240415;095932;7853;4;10112747167;S
20240415;095932;7853;6;10112747168;S
20240415;095932;7853;5;10112747169;S
20240415;095932;7853;5;10112747170;B
20240415;095932;7853;1;10112747171;B
20240415;095932;7853;80;10112747172;B
20240415;095932;7853;1;10112747173;B
20240415;095932;7853;17;10112747174;B
20240415;095932;7853;6;10112747175;B
20240415;095932;7853;3;10112747176;B
20240415;095932;7853;7;10112747177;B
20240415;095932;7853;5;10112747178;B
20240415;095932;7853;1;10112747179;B
20240415;095932;7853;1;10112747180;B
20240415;095932;7853;4;10112747181;B
20240415;095932;7853;1;10112747182;B
20240415;095932;7853;10;10112747183;B
20240415;095932;7853;1;10112747184;B
20240415;095932;7853;5;10112747185;B
20240415;095932;7853;7;10112747186;S
20240415;095932;7853;7;10112747187;B
20240415;095932;7853;1;10112747188;B
20240415;095932;7853;9;10112747189;S
20240415;095932;7853;1;10112747190;B
20240415;095932;7853;1;10112747191;S
20240415;095932;7853;8;10112747192;S
20240415;095932;7853;30;10112747193;S
20240415;095932;7853;4;10112747194;S
20240415;095932;7853;3;10112747195;S
20240415;095932;7853;5;10112747196;S
20240415;095932;7853;2;10112747197;S
20240415;095932;7853;5;10112747198;S
20240415;095932;7853;33;10112747199;S
20240415;095932;7853;2;10112747200;S
20240415;095932;7853;1;10112747201;S
20240415;095932;7853;1;10112747202;S
20240415;095932;7853;7;10112747203;S
20240415;095932;7853;1;10112747204;S
20240415;095932;7853;3;10112747205;S
20240415;095932;7853;1;10112747206;S
20240415;095932;7853;40;10112747207;S
20240415;095932;7853;10;10112747208;S
20240415;095932;7853;28;10112747209;S
20240415;095932;7853;1;10112747210;S
20240415;095932;7853;3;10112747211;B
20240415;095932;7853;1;10112747212;B
20240415;095932;7853;1;10112747213;B
20240415;095932;7853;1;10112747214;B
20240415;095932;7853;12;10112747215;B
20240415;095932;7853;1;10112747216;B
20240415;095932;7853;3;10112747217;B
20240415;095932;7853;4;10112747218;B
20240415;095932;7853;20;10112747219;B
20240415;095932;7853;1;10112747220;B
20240415;095932;7853;2;10112747221;B
20240415;095932;7853;3;10112747222;B
20240415;095932;7853;5;10112747223;B
20240415;095932;7853;1;10112747224;B
20240415;095932;7853;1;10112747225;B
20240415;095932;7853;1;10112747226;B
20240415;095932;7853;3;10112747227;B
20240415;095932;7853;8;10112747228;B
20240415;095932;7853;2;10112747229;S
20240415;095932;7853;8;10112747230;B
20240415;095932;7853;30;10112747231;S
20240415;095932;7853;10;10112747232;B
20240415;095932;7853;24;10112747233;B
20240415;095932;7853;1;10112747234;B
20240415;095932;7853;2;10112747235;B
20240415;095932;7853;60;10112747236;B
20240415;095932;7853;1;10112747237;B
20240415;095932;7853;3;10112747238;B
20240415;095932;7853;2;10112747239;B
20240415;095932;7853;2;10112747240;B
20240415;095932;7853;2;10112747241;B
20240415;095932;7853;1;10112747242;B
20240415;095932;7853;10;10112747243;S
20240415;095932;7853;18;10112747244;S
20240415;095932;7853;2;10112747245;S
20240415;095932;7853;1;10112747246;S
20240415;095932;7853;1;10112747247;B
20240415;095932;7853;3;10112747248;B
20240415;095932;7853;100;10112747249;B
20240415;095932;7853;120;10112747250;B
20240415;095932;7853;27;10112747251;B
20240415;095932;7853;3;10112747252;S
20240415;095932;7853;20;10112747253;S
20240415;095932;7853;17;10112747254;B
20240415;095932;7853;200;10112747255;B
20240415;095932;7853;1;10112747256;B
20240415;095932;7853;17;10112747257;B
20240415;095932;7853;65;10112747258;B
20240415;095932;7853;35;10112747259;B
20240415;095932;7853;1;10112747260;B
20240415;095932;7853;1;10112747261;B
20240415;095932;7853;1;10112747262;B
20240415;095932;7853;1;10112747263;B
20240415;095932;7853;1;10112747264;B
20240415;095932;7853;10;10112747265;B
20240415;095932;7853;10;10112747266;B
20240415;095932;7853;240;10112747267;B
20240415;095932;7853;1;10112747268;B
20240415;095932;7853;2;10112747269;B
20240415;095932;7853;3;10112747270;B
20240415;095932;7853;10;10112747271;S
20240415;095932;7853;2;10112747272;B
20240415;095932;7853;1;10112747273;B
20240415;095932;7853;1;10112747274;B
20240415;095932;7853;3;10112747275;B
20240415;095932;7853;10;10112747276;B
20240415;095932;7853;1;10112747277;B
20240415;095932;7853;6;10112747278;B
20240415;095932;7853;1;10112747279;B
20240415;095932;7853;1;10112747280;B
20240415;095932;7853;50;10112747281;B
20240415;095932;7853;168;10112747282;B
20240415;095932;7853;5;10112747283;B
20240415;095932;7853;2;10112747284;B
20240415;095932;7853;73;10112747285;B
20240415;095932;7853;1;10112747286;B
20240415;095932;7853;5;10112747287;S
20240415;095932;7853;421;10112747288;B
20240415;100000;7852.5;10;10112757406;S
20240415;100000;7852.5;36;10112757441;S
20240415;100000;7852;10;10112757621;B
20240415;100000;7852.5;78;10112757622;B
20240415;100000;7850.5;1;10112757738;S
20240415;100000;7850.5;1;10112757749;S
20240415;100000;7850.5;1;10112757922;S
20240415;100001;7852.5;2;10112758513;B
20240415;100001;7852.5;10;10112758514;B
20240415;100001;7852.5;1;10112758515;B
20240415;100001;7852.5;1;10112758516;B
20240415;100001;7852.5;32;10112758517;B
20240415;100001;7852.5;10;10112758518;B
20240415;100001;7853;79;10112758519;B
20240415;100001;7853;35;10112758520;B
20240415;100001;7852.5;20;10112758548;S
20240415;100001;7853;3;10112758552;B
20240415;100001;7853;27;10112758553;B
20240415;100001;7853.5;38;10112758718;B
20240415;100001;7854;38;10112758719;B
20240415;100001;7854;10;10112758720;B
20240415;100001;7854;10;10112758721;B
20240415;100001;7854.5;38;10112758722;B
20240415;100001;7854.5;1;10112758723;B
20240415;100001;7854.5;2;10112758724;B
20240415;100001;7854.5;3;10112758725;B
20240415;100001;7854.5;5;10112758733;B
20240415;100001;7855;29;10112759086;B
20240415;100001;7855;9;10112759088;B
20240415;100001;7855;1;10112759089;B
20240415;100001;7855;5;10112759090;B
20240415;100001;7855;1;10112759091;B
20240415;100001;7855.5;4;10112759092;B
20240415;100001;7854.5;10;10112759097;S
20240415;100001;7855;28;10112759104;S
20240415;100001;7855;28;10112759115;B
20240415;100001;7854;10;10112759158;B
20240415;100001;7855.5;30;10112759278;B
20240415;100001;7855.5;4;10112759308;B
20240415;100001;7856;38;10112759309;B
20240415;100001;7856;10;10112759310;B
20240415;100001;7856;20;10112759311;B
20240415;100001;7856;10;10112759312;B
20240415;100001;7856.5;17;10112759313;B
20240415;100001;7855.5;2;10112759544;S
20240415;100001;7856.5;2;10112759598;B
20240415;100002;7855.5;3;10112759663;S
20240415;100002;7856.5;8;10112759779;B
20240415;100002;7856.5;4;10112759891;B
20240415;100002;7856.5;7;10112759934;B
20240415;100002;7857;10;10112759935;B
20240415;100002;7857;28;10112759963;B
20240415;100002;7857;1;10112759964;B
20240415;100002;7857;10;10112759965;B
20240415;100002;7857.5;38;10112759966;B
20240415;100002;7857.5;18;10112759967;B
20240415;100002;7858;1;10112759968;B
20240415;100002;7858.5;2;10112759969;B
20240415;100002;7858.5;40;10112759970;B
20240415;100002;7858.5;28;10112759971;B
20240415;100002;7859;1;10112759972;B
20240415;100002;7859;12;10112759973;B
20240415;100002;7859;3;10112760003;B
20240415;100002;7859;3;10112760004;B
20240415;100002;7859;40;10112760005;B
20240415;100002;7859.5;54;10112760006;B
20240415;100002;7856.5;1;10112760049;S
20240415;100002;7857;10;10112760099;S
20240415;100002;7859;15;10112760122;B
20240415;100002;7859.5;1;10112760137;B
20240415;100002;7859.5;10;10112760147;B
20240415;100002;7857;2;10112760183;S
20240415;100002;7857;1;10112760323;S
20240415;100002;7859.5;1;10112760388;B
20240415;100002;7857;1;10112760405;S
20240415;100002;7857;5;10112760419;S
20240415;100002;7857;13;10112760426;S
20240415;100002;7856.5;20;10112760427;S
20240415;100002;7856.5;18;10112760428;S
20240415;100002;7855.5;10;10112760429;S
20240415;100002;7855;5;10112760430;S
20240415;100002;7855;14;10112760431;S
20240415;100002;7854.5;1;10112760473;S
20240415;100002;7857.5;10;10112760568;B
20240415;100002;7858;15;10112760569;B
20240415;100002;7858;2;10112760574;B
20240415;100002;7858;5;10112760576;B
20240415;100002;7854.5;1;10112760793;S
20240415;100002;7858;1;10112760890;B
20240415;100002;7858;9;10112760894;B
20240415;100002;7858;118;10112760895;B
20240415;100003;7856;3;10112761007;B
20240415;100003;7856;2;10112761008;B
20240415;100003;7858.5;24;10112761067;B
20240415;100003;7859;40;10112761114;B
20240415;100003;7859.5;19;10112761115;B
20240415;100003;7859.5;1;10112761116;B
20240415;100003;7859.5;1;10112761117;B
20240415;100003;7859.5;18;10112761118;B
20240415;100003;7860;5;10112761119;B
20240415;100003;7860;16;10112761120;B
20240415;100003;7858.5;1;10112761134;S
20240415;100003;7858.5;1;10112761247;S
20240415;100003;7858.5;8;10112761265;S
20240415;100003;7858;22;10112761266;S
20240415;100003;7858;1;10112761354;S
20240415;100003;7859.5;5;10112761548;B
20240415;100003;7858.5;1;10112761620;S
20240415;100003;7859;1;10112761677;B
20240415;100003;7859.5;9;10112761678;B
20240415;100003;7860;2;10112761750;B
20240415;100003;7860;17;10112761816;B
20240415;100003;7860;17;10112761833;B
20240415;100004;7860;10;10112762267;B
20240415;100004;7860;1;10112762287;B
20240415;100004;7860;1;10112762290;B
20240415;100004;7860;9;10112762337;B
20240415;100004;7860;9;10112762347;B
20240415;100004;7858.5;2;10112762350;S
20240415;100004;7860;1;10112762358;B
20240415;100004;7860;10;10112762489;B
20240415;100004;7860;6;10112762492;B
20240415;100004;7860;10;10112762557;B
20240415;100004;7860;10;10112762590;B
20240415;100004;7860;13;10112762818;B
20240415;100004;7858.5;4;10112762822;S
20240415;100005;7860;11;10112763404;B
20240415;100005;7860;2;10112763616;B
20240415;100005;7860;2;10112763638;B
20240415;100005;7860;22;10112763654;B
20240415;100005;7860;20;10112763693;B
20240415;100005;7860;1;10112763694;B
20240415;100005;7860;1;10112763695;B
20240415;100005;7860;1;10112763999;B
20240415;100005;7860;1;10112764326;B
20240415;100005;7860;20;10112764327;B
20240415;100005;7860;14;10112764328;B
20240415;100005;7860;2;10112764360;B
20240415;100005;7860;1;10112764361;B
20240415;100005;7860;32;10112764362;B
20240415;100005;7859.5;5;10112764749;S
20240415;100005;7860;11;10112764766;B
20240415;100005;7859.5;1;10112764779;S
20240415;100005;7860;1;10112764787;B
20240415;100005;7859.5;1;10112764802;S
20240415;100006;7860;1;10112765717;B
20240415;100006;7859.5;2;10112765803;S
20240415;100006;7860;2;10112765806;B
20240415;100006;7860;1;10112765837;B
20240415;100006;7860;1;10112765841;B
20240415;100006;7860;1;10112766340;B
20240415;100006;7860;4;10112767572;B
20240415;100006;7860;1;10112767597;B
20240415;100006;7860;25;10112767609;B
20240415;100006;7860;1;10112767704;B
20240415;100006;7859.5;2;10112767706;S
20240415;100006;7860;2;10112767707;B
20240415;100006;7859.5;4;10112767709;S
20240415;100006;7860;15;10112768168;B
20240415;100007;7860;1;10112768813;B
20240415;100007;7860;1;10112768825;B
20240415;100007;7860;1;10112768844;B
20240415;100007;7860;1;10112768873;B
20240415;100007;7860;3;10112768881;B
20240415;100007;7860;35;10112769126;B
20240415;100007;7860;1;10112769205;B
20240415;100007;7860;1;10112769207;B
20240415;100007;7860;1;10112769209;B
20240415;100007;7860;10;10112769213;B
20240415;100007;7860;5;10112769214;B
20240415;100007;7860;2;10112769215;B
20240415;100007;7860;1;10112769216;B
20240415;100007;7860;24;10112769217;B
20240415;100007;7860;16;10112769590;B
20240415;100007;7860.5;5;10112769591;B
20240415;100007;7860.5;20;10112769592;B
20240415;100007;7860.5;40;10112769593;B
20240415;100007;7861;8;10112769594;B
20240415;100007;7861;40;10112769595;B
20240415;100007;7862;40;10112769596;B
20240415;100007;7863;1;10112769597;B
20240415;100007;7863;20;10112769598;B
20240415;100007;7863;10;10112769599;B
20240415;100007;7863.5;1;10112769600;B
20240415;100007;7864.5;1;10112769601;B
20240415;100007;7864.5;1;10112769602;B
20240415;100007;7864.5;10;10112769603;B
20240415;100007;7864.5;7;10112769604;B
20240415;100007;7864;1;10112769605;B
20240415;100007;7862;49;10112770117;B
20240415;100007;7862;12;10112770330;B
20240415;100007;7862;2;10112770532;B
20240415;100007;7862;7;10112771056;B
20240415;100007;7862;1;10112771057;B
20240415;100007;7862;1;10112771064;B
20240415;100008;7862;1;10112771697;B
20240415;100008;7862;4;10112771698;B
20240415;100008;7862;3;10112771699;B
20240415;100008;7862;1;10112771700;B
20240415;100008;7860;2;10112771701;S
20240415;100008;7862;4;10112771942;B
20240415;100008;7862;1;10112772127;B
20240415;100008;7862;5;10112772302;B
20240415;100008;7862;1;10112772480;B
20240415;100008;7862;8;10112772481;B
20240415;100008;7862;1;10112772485;B
20240415;100008;7860;8;10112772487;S
20240415;100008;7859.5;15;10112772488;S
20240415;100008;7859.5;128;10112772489;S
20240415;100008;7861.5;10;10112772552;B
20240415;100008;7862;20;10112772553;B
20240415;100008;7860;1;10112772608;S
20240415;100008;7862;1;10112772609;B
20240415;100008;7862;50;10112772614;B
20240415;100008;7862;1;10112772617;B
20240415;100008;7862;20;10112772618;B
20240415;100008;7860;9;10112773193;S
20240415;100008;7859.5;1;10112773194;S
20240415;100009;7861;1;10112773804;B
20240415;100009;7861;3;10112774218;B
20240415;100009;7861;2;10112774222;B
20240415;100009;7861;11;10112774223;B
20240415;100009;7861;1;10112774224;B
20240415;100009;7859.5;2;10112774225;S
20240415;100009;7859.5;1;10112774227;S
20240415;100009;7859.5;1;10112774515;S
20240415;100009;7861;1;10112775388;B
20240415;100009;7861;1;10112775503;B
20240415;100009;7861;1;10112775848;B
20240415;100010;7861;1;10112776146;B
20240415;100010;7861;1;10112776152;B
20240415;100010;7861;1;10112776160;B
20240415;100010;7861;1;10112776314;B
20240415;100010;7859.5;3;10112776325;S
20240415;100010;7859.5;10;10112776340;S
20240415;100010;7859.5;1;10112776393;S
20240415;100010;7861;1;10112776414;B
20240415;100010;7860;1;10112776506;B
20240415;100010;7860;1;10112777018;B
20240415;100010;7860;1;10112777028;B
20240415;100010;7860;1;10112777049;B
20240415;100010;7860;1;10112777061;B
20240415;100010;7859.5;2;10112777073;S
20240415;100010;7860;3;10112777100;B
20240415;100010;7860;7;10112777211;B
20240415;100010;7859.5;1;10112777221;S
20240415;100010;7860;1;10112777608;B
20240415;100010;7860;20;10112777794;B
20240415;100010;7860;1;10112778138;B
20240415;100011;7859.5;1;10112778621;S
20240415;100011;7860;2;10112778708;B
20240415;100011;7860;1;10112779146;B
20240415;100011;7859.5;8;10112779193;S
20240415;100011;7860;2;10112779530;B
20240415;100011;7860;1;10112779540;B
20240415;100011;7860;2;10112779577;B
20240415;100011;7859.5;3;10112779671;S
20240415;100012;7860;12;10112780519;B
20240415;100012;7859.5;1;10112780937;S
20240415;100012;7860;1;10112780938;B
20240415;100012;7859.5;2;10112780941;S
20240415;100012;7860;1;10112780942;B
20240415;100012;7860;1;10112780943;B
20240415;100012;7860;1;10112780944;B
20240415;100012;7860;2;10112781036;B
20240415;100012;7860.5;7;10112781037;B
20240415;100012;7861;13;10112781162;B
20240415;100012;7860.5;3;10112781301;B
20240415;100012;7860.5;7;10112781314;B
20240415;100012;7861;179;10112781315;B
20240415;100012;7861;40;10112781316;B
20240415;100012;7861.5;40;10112781317;B
20240415;100012;7861.5;14;10112781318;B
20240415;100012;7857.5;5;10112781326;S
20240415;100012;7857.5;5;10112781342;S
20240415;100012;7857.5;1;10112781368;S
20240415;100012;7862.5;5;10112781641;B
20240415;100012;7862.5;3;10112781651;B
20240415;100013;7862.5;2;10112781834;B
20240415;100013;7862.5;4;10112781837;B
20240415;100013;7862.5;1;10112781907;B
20240415;100013;7862.5;2;10112781955;B
20240415;100013;7862.5;7;10112781956;B
20240415;100013;7862.5;12;10112781971;B
20240415;100013;7862.5;1;10112781997;B
20240415;100013;7862.5;4;10112782144;B
20240415;100013;7861;8;10112782146;S
20240415;100013;7862.5;1;10112782165;B
20240415;100013;7862.5;1;10112782166;B
20240415;100013;7862.5;1;10112782169;B
20240415;100013;7862.5;6;10112782213;B
20240415;100013;7861;12;10112782243;S
20240415;100013;7862.5;3;10112782330;B
20240415;100013;7861;6;10112782468;S
20240415;100013;7861;4;10112782484;S
20240415;100013;7862.5;2;10112782487;B
20240415;100013;7861;1;10112782515;S
20240415;100013;7861;1;10112782516;S
20240415;100014;7862.5;5;10112782547;B
20240415;100014;7862.5;1;10112782652;B
20240415;100014;7862.5;5;10112782715;B
20240415;100014;7862.5;3;10112782733;B
20240415;100014;7862.5;3;10112782749;B
20240415;100014;7861;6;10112782766;S
20240415;100014;7861;1;10112782779;S
20240415;100014;7861;150;10112782911;S
20240415;100014;7862.5;5;10112782938;B
20240415;100014;7862.5;13;10112782939;B
20240415;100014;7862;32;10112783022;B
20240415;100014;7862;35;10112783038;B
20240415;100014;7862.5;40;10112783069;B
20240415;100014;7862.5;27;10112783074;B
20240415;100014;7862.5;13;10112783075;B
20240415;100014;7863;1;10112783076;B
20240415;100014;7863;20;10112783077;B
20240415;100014;7863;20;10112783098;B
20240415;100014;7863.5;1;10112783099;B
20240415;100014;7863.5;14;10112783100;B
20240415;100014;7865;5;10112783216;B
20240415;100014;7865;10;10112783217;B
20240415;100014;7865;18;10112783237;B
20240415;100014;7865;37;10112783241;B
20240415;100014;7865;1;10112783292;B
20240415;100015;7864.5;8;10112783348;B
20240415;100015;7864.5;20;10112783446;B
20240415;100015;7864.5;15;10112783494;B
20240415;100015;7865;10;10112783495;B
20240415;100015;7865;51;10112783613;B
20240415;100015;7864.5;1;10112783620;B
20240415;100015;7864.5;1;10112783670;B
20240415;100015;7864;100;10112783695;B
20240415;100015;7863;1;10112783709;S
20240415;100015;7862.5;9;10112783710;S
20240415;100015;7864.5;2;10112783734;B
20240415;100016;7863;1;10112783813;B
20240415;100016;7862.5;1;10112783859;S
20240415;100016;7863;1;10112783868;B
20240415;100016;7863;4;10112783871;B
20240415;100016;7864.5;2;10112783872;B
20240415;100016;7864.5;33;10112783873;B
20240415;100016;7864.5;3;10112783949;B
20240415;100016;7864.5;1;10112784110;B
20240415;100017;7864.5;7;10112784249;B
20240415;100017;7864;10;10112784518;B
20240415;100017;7865;9;10112784556;B
20240415;100017;7865;7;10112784652;B
20240415;100017;7865;7;10112784667;B
20240415;100017;7865;3;10112784743;B
20240415;100017;7865;50;10112784817;B
20240415;100017;7865;1;10112784846;B
20240415;100018;7865;3;10112784911;B
20240415;100018;7865;1;10112784912;B
20240415;100018;7865;1;10112784930;B
20240415;100018;7864.5;12;10112785024;S
20240415;100018;7863.5;18;10112785025;S
20240415;100018;7865;5;10112785053;B
20240415;100018;7865;6;10112785153;B
20240415;100019;7864.5;4;10112785231;S
20240415;100019;7864.5;13;10112785649;S
20240415;100020;7865;5;10112785799;B
20240415;100020;7865;5;10112785883;B
20240415;100021;7865;5;10112786190;B
20240415;100021;7865;16;10112786356;B
20240415;100021;7865;5;10112786367;B
20240415;100021;7865;1;10112786432;B
20240415;100021;7865;7;10112786542;B
20240415;100022;7865;4;10112786597;B
20240415;100022;7865;4;10112786621;B
20240415;100022;7865;128;10112786743;B
20240415;100022;7865;2172;10112786744;B
20240415;100022;7865;5;10112786799;B
20240415;100023;7865;6;10112786996;B
20240415;100023;7865;3;10112787054;B
20240415;100023;7865;5;10112787189;B
20240415;100023;7865;45;10112787279;B
20240415;100024;7865;2;10112787321;B
20240415;100024;7865;1;10112787393;B
20240415;100024;7865;10;10112787415;B
20240415;100024;7865;10;10112787547;B
20240415;100025;7865;3;10112787631;B
20240415;100025;7865;23;10112787632;B
20240415;100025;7864.5;1;10112787726;S
20240415;100025;7864.5;9;10112787727;S
20240415;100025;7864.5;1;10112787853;S
20240415;100025;7864.5;2;10112787854;S
20240415;100025;7865;5;10112787869;B
20240415;100025;7864.5;10;10112787894;S
20240415;100026;7865;32;10112788045;B
20240415;100026;7865;1;10112788046;B
20240415;100026;7865;8;10112788086;B
20240415;100026;7865;1;10112788090;B
20240415;100026;7865;3;10112788123;B
20240415;100027;7865;6;10112788492;B
20240415;100027;7864.5;1;10112788505;S
20240415;100027;7865;1;10112788509;B
20240415;100027;7865;20;10112788597;B
20240415;100027;7865;13;10112788629;B
20240415;100027;7864.5;1;10112788710;S
20240415;100027;7864.5;243;10112788711;S
20240415;100027;7864.5;28;10112788712;S
20240415;100027;7864;20;10112788713;S
20240415;100027;7863.5;20;10112788714;S
20240415;100027;7863.5;8;10112788715;S
20240415;100028;7865;10;10112788865;B
20240415;100028;7865;1;10112788884;B
20240415;100029;7865;3;10112789093;B
20240415;100029;7864;28;10112789243;S
20240415;100029;7863.5;8;10112789244;S
20240415;100030;7865;1;10112789393;B
20240415;100030;7865;200;10112789509;B
20240415;100030;7865;6;10112789540;B
20240415;100030;7865;1;10112789656;B
20240415;100030;7864.5;7;10112789727;B
20240415;100031;7865;4;10112789757;B
20240415;100031;7865;16;10112789779;B
20240415;100031;7865;1;10112789865;B
20240415;100031;7863;40;10112789954;S
20240415;100032;7863;2;10112790120;S
20240415;100032;7864.5;3;10112790131;B
20240415;100032;7864.5;1;10112790229;B
20240415;100032;7864.5;1;10112790238;B
20240415;100032;7864.5;23;10112790279;B
20240415;100032;7865;77;10112790280;B
20240415;100033;7865;200;10112790314;B
20240415;100033;7865;200;10112790324;B
20240415;100033;7865;1;10112790342;B
20240415;100033;7865;2;10112790343;B
20240415;100033;7863.5;5;10112790350;S
20240415;100033;7865;202;10112790352;B
20240415;100033;7865;1;10112790353;B
20240415;100033;7865;47;10112790354;B
20240415;100033;7864.5;10;10112790381;B
20240415;100033;7865;11;10112790382;B
20240415;100033;7865;60;10112790496;B
20240415;100033;7865;1;10112790573;B
20240415;100034;7865;5;10112790745;B
20240415;100034;7865;1;10112790748;B
20240415;100034;7865;1;10112790769;B
20240415;100034;7865;90;10112790871;B
20240415;100034;7863.5;10;10112790873;S
20240415;100034;7863.5;3;10112790874;S
20240415;100034;7865;7;10112790973;B
20240415;100035;7863.5;2;10112791222;S
20240415;100035;7865;2;10112791231;B
20240415;100035;7865;1;10112791316;B
20240415;100035;7865;1;10112791358;B
20240415;100035;7865;1;10112791384;B
20240415;100036;7865;1;10112791537;B
20240415;100036;7865;2;10112791729;B
20240415;100036;7864.5;5;10112791775;B
20240415;100037;7865;25;10112791832;B
20240415;100037;7865;50;10112791873;B
20240415;100037;7865;2;10112791918;B
20240415;100037;7865;3;10112791966;B
20240415;100037;7865;16;10112791985;B
20240415;100037;7865;1;10112792099;B
20240415;100037;7865;12;10112792102;B
20240415;100039;7864.5;10;10112792472;S
20240415;100039;7863.5;1;10112792473;S
20240415;100039;7863.5;10;10112792474;S
20240415;100039;7863.5;2;10112792531;B
20240415;100039;7863.5;5;10112792567;B
20240415;100039;7863;5;10112792573;S
20240415;100040;7863.5;1;10112792762;B
20240415;100040;7863.5;50;10112792867;B
20240415;100040;7863.5;1;10112792957;B
20240415;100040;7863.5;7;10112792982;B
20240415;100041;7863.5;1;10112793099;B
20240415;100041;7863.5;1;10112793126;B
20240415;100042;7863.5;6;10112793453;B
20240415;100042;7863;1;10112793546;S
20240415;100042;7863;1;10112793604;S
20240415;100043;7863.5;5;10112793730;B
20240415;100043;7863;5;10112793735;S
20240415;100043;7863.5;1;10112793753;B
20240415;100043;7863.5;1;10112793842;B
20240415;100043;7863.5;1;10112793845;B
20240415;100043;7863.5;10;10112793873;B
20240415;100043;7863.5;1;10112793906;B
20240415;100043;7863.5;8;10112793966;B
20240415;100044;7863.5;3;10112794036;B
20240415;100044;7863.5;7;10112794149;B
20240415;100044;7863.5;7;10112794155;B
20240415;100044;7863.5;10;10112794173;B
20240415;100044;7863.5;3;10112794175;B
20240415;100044;7864;7;10112794176;B
20240415;100045;7863.5;2;10112794421;S
20240415;100045;7864;3;10112794572;B
20240415;100045;7863;46;10112794652;S
20240415;100045;7863;6;10112794653;S
20240415;100045;7863;1;10112794654;S
20240415;100045;7863;47;10112794655;S
20240415;100045;7863;12;10112794666;S
20240415;100045;7863;8;10112794667;S
20240415;100046;7864;10;10112794999;B
20240415;100046;7864.5;2;10112795000;B
20240415;100046;7864.5;24;10112795001;B
20240415;100046;7865;64;10112795002;B
20240415;100046;7864;1;10112795075;B
20240415;100047;7864.5;3;10112795285;B
20240415;100047;7864;1;10112795324;S
20240415;100048;7864.5;1;10112795598;B
20240415;100048;7864.5;6;10112795609;B
20240415;100048;7865;69;10112795610;B
20240415;100049;7864.5;10;10112795843;B
20240415;100049;7865;32;10112795844;B
20240415;100050;7865;1;10112796198;B
20240415;100050;7864.5;1;10112796342;S
20240415;100050;7865;39;10112796555;B
20240415;100051;7864;39;10112796760;S
20240415;100051;7864;1;10112796761;S
20240415;100051;7864;60;10112796762;S
20240415;100051;7865;15;10112796768;B
20240415;100051;7864.5;28;10112797009;B
20240415;100051;7865;9;10112797010;B
20240415;100051;7865;7;10112797066;B
20240415;100051;7865;20;10112797137;B
20240415;100052;7865;1;10112797270;B
20240415;100052;7863.5;1;10112797306;S
20240415;100052;7863.5;1;10112797307;S
20240415;100052;7863;7;10112797308;S
20240415;100052;7865;3;10112797343;B
20240415;100052;7865;337;10112797411;B
20240415;100052;7865;63;10112797412;B
20240415;100053;7863;3;10112797678;S
20240415;100053;7862.5;10;10112797679;S
20240415;100053;7862;12;10112797680;S
20240415;100053;7865;200;10112797780;B
20240415;100054;7865;1;10112797834;B
20240415;100054;7865;100;10112798074;B
20240415;100055;7862;13;10112798150;S
20240415;100055;7862;10;10112798151;S
20240415;100055;7861.5;8;10112798152;S
20240415;100055;7864.5;8;10112798158;B
20240415;100055;7865;12;10112798185;B
20240415;100056;7865;1;10112798406;B
20240415;100057;7865;37;10112798920;B
20240415;100057;7865;1;10112798921;B
20240415;100057;7865;12;10112798922;B
20240415;100057;7863;1;10112799113;S
20240415;100057;7861.5;1;10112799114;S
20240415;100058;7865;1;10112799323;B
20240415;100058;7865;12;10112799505;B
20240415;100058;7865;1;10112799506;B
20240415;100058;7865;4;10112799507;B
20240415;100058;7865;9;10112799508;B
20240415;100058;7865;8;10112799509;B
20240415;100059;7865;2;10112799559;B
20240415;100059;7865;1;10112799601;B
20240415;100059;7865;1;10112799611;B
20240415;100059;7864;1;10112799711;S
20240415;100059;7863;1;10112799712;S
20240415;100059;7865;1;10112799793;B
20240415;100059;7865;99;10112799794;B
20240415;100059;7863;4;10112799810;S
20240415;100059;7863;55;10112799811;S
20240415;100059;7862.5;10;10112799812;S
20240415;100059;7862;28;10112799813;S
20240415;100059;7862;32;10112799814;S
20240415;100059;7861.5;255;10112799815;S
20240415;100059;7864.5;6;10112799820;B
20240415;100059;7865;1;10112799852;B
20240415;100059;7864;1;10112799862;S
20240415;100100;7863;3;10112799871;B
20240415;100100;7862;5;10112799899;S
20240415;100100;7862;1;10112799914;S
20240415;100100;7862;1;10112799916;S
20240415;100100;7863;6;10112799956;B
20240415;100101;7863.5;10;10112800213;B
20240415;100101;7864;32;10112800214;B
20240415;100101;7864.5;18;10112800215;B
20240415;100101;7864.5;1;10112800298;B
20240415;100101;7864.5;27;10112800371;B
20240415;100101;7865;33;10112800372;B
20240415;100101;7865;1;10112800395;B
20240415;100101;7865;1;10112800408;B
20240415;100101;7865;15;10112800429;B
20240415;100101;7865;4;10112800430;B
20240415;100101;7862;5;10112800449;S
20240415;100101;7861.5;1;10112800450;S
20240415;100102;7865;1;10112800512;B
20240415;100102;7865;3;10112800641;B
20240415;100103;7865;131;10112800838;B
20240415;100103;7865;62;10112800839;B
20240415;100103;7865;7;10112800840;B
20240415;100104;7865;1;10112801174;B
20240415;100104;7864.5;7;10112801196;S
20240415;100105;7865;5;10112801438;B
20240415;100106;7865;200;10112801685;B
20240415;100106;7865;387;10112801710;B
20240415;100107;7865;240;10112801900;B
20240415;100107;7865;2;10112801901;B
20240415;100107;7864.5;1;10112801908;S
20240415;100107;7865;15;10112801956;B
20240415;100107;7865;30;10112801977;B
20240415;100108;7865;3;10112802224;B
20240415;100109;7865;6;10112802367;B
20240415;100109;7864.5;38;10112802369;S
20240415;100109;7864.5;4;10112802370;S
20240415;100109;7863;10;10112802371;S
20240415;100109;7862.5;10;10112802372;S
20240415;100109;7862;38;10112802373;S
20240415;100109;7864;50;10112802400;S
20240415;100109;7862;41;10112802444;B
20240415;100110;7861.5;10;10112802608;S
20240415;100110;7861;3;10112802609;S
20240415;100110;7860;10;10112802610;S
20240415;100110;7860;3;10112802611;S
20240415;100110;7860;50;10112802612;S
20240415;100110;7860;51;10112802613;S
20240415;100111;7862;1;10112803159;B
20240415;100112;7860.5;10;10112803229;S
20240415;100112;7860;190;10112803230;S
20240415;100114;7862;5;10112803767;B
20240415;100114;7862;6;10112803785;B
20240415;100114;7862;397;10112803961;B
20240415;100114;7862.5;61;10112803962;B
20240415;100114;7863;10;10112803963;B
20240415;100114;7863.5;26;10112803964;B
20240415;100114;7864;32;10112803965;B
20240415;100114;7864.5;40;10112803966;B
20240415;100114;7864.5;39;10112803967;B
20240415;100114;7864.5;1;10112803968;B
20240415;100114;7865;104;10112803969;B
20240415;100114;7865;40;10112803970;B
20240415;100114;7865;58;10112803971;B
20240415;100114;7865;28;10112803972;B
20240415;100114;7865.5;164;10112803973;B
20240415;100115;7864.5;2;10112804059;B
20240415;100115;7865;4;10112804060;B
20240415;100115;7865;10;10112804066;B
20240415;100115;7865.5;2;10112804067;B
20240415;100115;7865;10;10112804085;B
20240415;100115;7865.5;2;10112804086;B
20240415;100115;7863;2;10112804124;S
20240415;100115;7865.5;11;10112804231;B
20240415;100116;7865.5;1;10112804483;B
20240415;100116;7865.5;584;10112804554;B
20240415;100116;7865.5;20;10112804555;B
20240415;100116;7866;1;10112804556;B
20240415;100116;7866;1;10112804557;B
20240415;100116;7866;10;10112804558;B
20240415;100116;7866;59;10112804559;B
20240415;100116;7866.5;1;10112804560;B
20240415;100116;7867;100;10112804561;B
20240415;100116;7867;10;10112804562;B
20240415;100116;7867.5;33;10112804571;B
20240415;100116;7867.5;7;10112804590;B
20240415;100116;7868;13;10112804591;B
20240415;100116;7868;87;10112804631;B
20240415;100116;7868;10;10112804632;B
20240415;100116;7868;23;10112804633;B
20240415;100116;7868;1;10112804675;B
20240415;100117;7868;63;10112804731;B
20240415;100117;7868;3;10112804733;B
20240415;100117;7868;20;10112804764;B
20240415;100117;7867.5;1;10112804791;S
20240415;100117;7868;50;10112804896;B
20240415;100119;7868;12;10112805396;B
20240415;100119;7868;1;10112805431;B
20240415;100119;7868;1;10112805470;B
20240415;100119;7868;1;10112805530;B
20240415;100120;7868;2;10112805605;B
20240415;100120;7868;52;10112805688;B
20240415;100120;7868;3;10112805816;B
20240415;100120;7867.5;1;10112805828;S
20240415;100121;7868;10;10112806127;B
20240415;100122;7868;11;10112806271;B
20240415;100122;7867.5;20;10112806288;S
20240415;100122;7868;1;10112806340;B
20240415;100122;7868;3;10112806352;B
20240415;100123;7868;10;10112806472;B
20240415;100123;7868;88;10112806603;B
20240415;100123;7867.5;10;10112806619;S
20240415;100123;7867.5;2;10112806620;S
20240415;100123;7867.5;10;10112806621;S
20240415;100123;7867;214;10112806622;S
20240415;100123;7866.5;14;10112806623;S
20240415;100123;7867.5;7;10112806686;B
20240415;100124;7867.5;1;10112806878;B
20240415;100124;7867.5;2;10112806960;B
20240415;100124;7867.5;6;10112807028;B
20240415;100125;7866.5;2;10112807140;S
20240415;100125;7867;30;10112807219;B
20240415;100125;7867;28;10112807220;B
20240415;100125;7867.5;10;10112807221;B
20240415;100126;7867;28;10112807329;B
20240415;100126;7867.5;12;10112807330;B
20240415;100126;7867.5;2;10112807437;B
20240415;100126;7867.5;28;10112807438;B
20240415;100127;7866.5;5;10112807521;S
20240415;100127;7865.5;39;10112807522;S
20240415;100127;7865;1;10112807523;S
20240415;100127;7865;15;10112807524;S
20240415;100127;7867.5;1;10112807642;B
20240415;100127;7865;5;10112807657;S
20240415;100127;7865;58;10112807658;S
20240415;100127;7865;1;10112807659;S
20240415;100128;7867;2;10112807795;S
20240415;100128;7864.5;9;10112807816;S
20240415;100128;7867.5;20;10112807961;B
20240415;100129;7867.5;1;10112808322;B
20240415;100129;7867.5;18;10112808351;B
20240415;100129;7867.5;7;10112808352;B
20240415;100130;7867;1;10112808424;B
20240415;100130;7867;1;10112808448;B
20240415;100130;7867;38;10112808538;B
20240415;100130;7867;15;10112808539;B
20240415;100130;7867.5;1;10112808540;B
20240415;100130;7867.5;1;10112808541;B
20240415;100130;7867.5;8;10112808548;B
20240415;100130;7866.5;10;10112808567;S
20240415;100131;7867;19;10112808749;B
20240415;100131;7867;81;10112808866;B
20240415;100131;7867;28;10112808867;B
20240415;100131;7867.5;40;10112808868;B
20240415;100131;7868;1;10112808869;B
20240415;100131;7865;6;10112808875;S
20240415;100132;7867.5;1;10112808950;B
20240415;100133;7867.5;15;10112809361;B
20240415;100133;7867.5;28;10112809362;B
20240415;100133;7868;6;10112809363;B
20240415;100133;7867.5;20;10112809386;B
20240415;100133;7867.5;1;10112809436;B
20240415;100134;7867.5;7;10112809626;B
20240415;100134;7867.5;11;10112809627;B
20240415;100134;7867;1;10112809668;S
20240415;100135;7866.5;1;10112809838;B
20240415;100135;7866.5;15;10112809875;B
20240415;100136;7866.5;33;10112809958;B
20240415;100136;7867.5;37;10112809959;B
20240415;100136;7867.5;1;10112809960;B
20240415;100136;7867.5;2;10112810026;B
20240415;100136;7868;28;10112810027;B
20240415;100136;7867.5;10;10112810076;B
20240415;100137;7867;1;10112810155;B
20240415;100137;7867;1;10112810166;B
20240415;100137;7867;1;10112810336;B
20240415;100138;7867;5;10112810442;B
20240415;100138;7866;2;10112810482;S
20240415;100138;7867;10;10112810564;B
20240415;100138;7867.5;12;10112810565;B
20240415;100139;7867.5;7;10112810778;B
20240415;100139;7867;2;10112810832;B
20240415;100139;7867.5;11;10112810833;B
20240415;100139;7868;37;10112810834;B
20240415;100140;7866;1;10112810922;S
20240415;100140;7868;126;10112811035;B
20240415;100141;7867;1;10112811235;B
20240415;100141;7868;4;10112811236;B
20240415;100141;7867.5;2;10112811328;B
20240415;100141;7867.5;13;10112811334;B
20240415;100141;7868;87;10112811335;B
20240415;100142;7868;69;10112811349;B
20240415;100142;7866;2;10112811562;S
20240415;100142;7866;10;10112811563;S
20240415;100142;7865.5;4;10112811564;S
20240415;100142;7865.5;28;10112811565;S
20240415;100142;7865;94;10112811566;S
20240415;100142;7865;12;10112811567;S
20240415;100142;7866.5;3;10112811584;B
20240415;100143;7866.5;15;10112811736;B
20240415;100143;7867;2;10112811737;B
20240415;100143;7867.5;8;10112811738;B
20240415;100143;7865;8;10112811860;S
20240415;100143;7865;12;10112811861;S
20240415;100143;7865;10;10112811862;S
20240415;100143;7865;10;10112811863;S
20240415;100143;7864.5;52;10112811864;S
20240415;100143;7864.5;1;10112811865;S
20240415;100143;7864;7;10112811866;S
20240415;100143;7867.5;1;10112811885;B
20240415;100144;7867.5;1;10112812020;B
20240415;100144;7867.5;1;10112812022;B
20240415;100144;7867;5;10112812112;S
20240415;100145;7867.5;5;10112812161;B
20240415;100145;7868;5;10112812224;B
20240415;100145;7867.5;1;10112812260;S
20240415;100145;7868;4;10112812263;B
20240415;100145;7867;1;10112812444;S
20240415;100145;7867.5;2;10112812467;B
20240415;100145;7865.5;3;10112812480;S
20240415;100145;7865;4;10112812496;S
20240415;100146;7867.5;10;10112812828;B
20240415;100146;7867.5;10;10112812866;B
20240415;100147;7867.5;1;10112813059;B
20240415;100147;7867.5;3;10112813187;B
20240415;100147;7867.5;7;10112813244;B
20240415;100147;7867.5;3;10112813248;B
20240415;100147;7868;10;10112813257;B
20240415;100147;7867.5;6;10112813331;S
20240415;100147;7865.5;4;10112813332;S
20240415;100148;7867.5;4;10112813469;B
20240415;100148;7867.5;5;10112813553;B
20240415;100149;7867.5;6;10112813670;B
20240415;100149;7867.5;4;10112813671;B
20240415;100149;7868;6;10112813672;B
20240415;100149;7865.5;10;10112813726;S
20240415;100149;7865;18;10112813727;S
20240415;100149;7865;72;10112813728;S
20240415;100149;7866;1;10112813793;B
20240415;100149;7866;2;10112813836;B
20240415;100150;7866;16;10112813988;B
20240415;100150;7867.5;10;10112814086;B
20240415;100150;7867.5;15;10112814087;B
20240415;100150;7868;1;10112814088;B
20240415;100151;7867.5;5;10112814250;B
20240415;100151;7867.5;4;10112814261;B
20240415;100151;7867.5;6;10112814437;B
20240415;100151;7867.5;1;10112814438;B
20240415;100151;7868;196;10112814439;B
20240415;100152;7867.5;9;10112814558;B
20240415;100152;7866;4;10112814592;S
20240415;100152;7865;1;10112814593;S
20240415;100152;7867.5;6;10112814643;B
20240415;100152;7868;16;10112814644;B
20240415;100152;7867.5;1;10112814645;B
20240415;100152;7865.5;1;10112814746;S
20240415;100153;7867.5;14;10112814799;B
20240415;100153;7868;72;10112814800;B
20240415;100153;7868;4;10112814801;B
20240415;100153;7868;1;10112814802;B
20240415;100153;7868;1;10112814803;B
20240415;100153;7868;2;10112814804;B
20240415;100153;7868;1;10112814805;B
20240415;100153;7868;1;10112814806;B
20240415;100153;7868;4;10112814807;B
20240415;100153;7867.5;1;10112814856;B
20240415;100153;7867.5;1;10112814857;B
20240415;100153;7867.5;1;10112814956;B
20240415;100153;7866.5;10;10112815028;S
20240415;100154;7866.5;9;10112815056;S
20240415;100154;7866;71;10112815057;S
20240415;100154;7866;3;10112815078;S
20240415;100154;7867.5;1;10112815175;B
20240415;100154;7867.5;11;10112815200;B
20240415;100154;7867.5;8;10112815201;B
20240415;100154;7868;1;10112815202;B
20240415;100155;7867;3;10112815337;S
20240415;100156;7868;4;10112815486;B
20240415;100156;7868;16;10112815487;B
20240415;100156;7868;34;10112815539;B
20240415;100156;7868;15;10112815540;B
20240415;100156;7868.5;1;10112815541;B
20240415;100156;7868.5;1;10112815586;B
20240415;100156;7868.5;1;10112815705;B
20240415;100157;7868.5;2;10112815826;B
20240415;100157;7867;4;10112815895;S
20240415;100157;7868;1;10112815927;B
20240415;100158;7868;1;10112816041;B
20240415;100158;7867.5;1;10112816042;S
20240415;100158;7868;20;10112816065;B
20240415;100158;7867.5;12;10112816165;S
20240415;100159;7867.5;4;10112816429;B
20240415;100159;7867.5;5;10112816468;B
20240415;100159;7867.5;57;10112816469;B
20240415;100159;7868;18;10112816470;B
20240415;100159;7868.5;25;10112816471;B
20240415;100159;7867;3;10112816477;S
20240415;100159;7867;2;10112816478;S
20240415;100159;7868;1;10112816521;B
20240415;100159;7868;4;10112816523;B
20240415;100200;7867.5;1;10112816693;S
20240415;100200;7867;1;10112816694;S
20240415;100200;7867;2;10112816695;S
20240415;100200;7868;2;10112816930;B
20240415;100201;7868;1;10112816946;B
20240415;100201;7868;4;10112817090;B
20240415;100202;7868;38;10112817349;B
20240415;100202;7868;48;10112817350;B
20240415;100202;7868.5;46;10112817351;B
20240415;100204;7868.5;5;10112817863;B
20240415;100205;7868.5;1;10112817979;B
20240415;100206;7868.5;8;10112818347;B
20240415;100206;7868.5;2;10112818354;B
20240415;100206;7868.5;1;10112818439;B
20240415;100207;7868.5;4;10112818605;B
20240415;100207;7868;1;10112818704;S
20240415;100208;7868.5;5;10112818764;B
20240415;100208;7868;5;10112818829;S
20240415;100208;7868.5;1;10112818886;B
20240415;100209;7868;9;10112818950;S
20240415;100209;7868;10;10112819065;S
20240415;100210;7868.5;22;10112819154;B
20240415;100210;7868.5;5;10112819177;B
20240415;100210;7868.5;10;10112819178;B
20240415;100212;7868.5;8;10112819568;B
20240415;100212;7868.5;2;10112819572;B
20240415;100212;7868.5;3;10112819575;B
20240415;100212;7868;5;10112819594;S
20240415;100212;7868;45;10112819595;S
20240415;100212;7868.5;1;10112819664;B
20240415;100212;7868.5;10;10112819731;B
20240415;100212;7868.5;100;10112819735;B
20240415;100212;7868.5;2;10112819798;B
20240415;100213;7868.5;150;10112819917;B
20240415;100214;7868.5;1;10112820082;B
20240415;100214;7868.5;7;10112820097;B
20240415;100214;7868.5;20;10112820126;B
20240415;100215;7868.5;20;10112820360;B
20240415;100215;7868.5;1;10112820382;B
20240415;100215;7868.5;10;10112820404;B
20240415;100215;7868.5;1;10112820538;B
20240415;100216;7868.5;5;10112820689;B
20240415;100217;7868.5;1;10112820824;B
20240415;100217;7868.5;1;10112820940;B
20240415;100217;7868;55;10112820958;S
20240415;100217;7868;10;10112820959;S
20240415;100217;7868;7;10112820960;S
20240415;100217;7868;4;10112820961;S
20240415;100217;7868;15;10112820962;S
20240415;100217;7868;1;10112820963;S
20240415;100217;7868;8;10112820964;S
20240415;100217;7868.5;1;10112820991;B
20240415;100218;7868.5;1;10112821086;B
20240415;100218;7868.5;2;10112821087;B
20240415;100218;7868.5;33;10112821131;B
20240415;100218;7868.5;30;10112821132;B
20240415;100218;7868.5;42;10112821170;B
20240415;100219;7868.5;3;10112821345;B
20240415;100219;7868.5;3;10112821403;B
20240415;100219;7868;2;10112821410;S
20240415;100219;7868;4;10112821411;S
20240415;100220;7868;4;10112821577;B
20240415;100220;7868;15;10112821595;B
20240415;100220;7868;3;10112821616;B
20240415;100220;7867.5;2;10112821639;S
20240415;100221;7867.5;13;10112821693;S
20240415;100221;7867.5;1;10112821709;S
20240415;100221;7868;1;10112821800;B
20240415;100221;7867.5;4;10112821806;S
20240415;100221;7867.5;7;10112821835;B
20240415;100221;7868;1;10112821957;B
20240415;100221;7868;15;10112821966;B
20240415;100222;7868;1;10112822106;B
20240415;100222;7868;50;10112822130;B
20240415;100222;7868;4;10112822177;B
20240415;100222;7868;20;10112822178;B
20240415;100223;7868.5;1;10112822228;B
20240415;100223;7867.5;5;10112822265;S
20240415;100224;7867.5;25;10112822599;S
20240415;100225;7868.5;15;10112822625;B
20240415;100225;7868.5;143;10112822682;B
20240415;100225;7868.5;6;10112822767;B
20240415;100225;7868.5;20;10112822857;B
20240415;100225;7868;1;10112822864;S
20240415;100225;7868.5;1;10112822867;B
20240415;100226;7868.5;1;10112823043;B
20240415;100226;7868;4;10112823062;S
20240415;100227;7868.5;5;10112823109;B
20240415;100227;7868.5;130;10112823180;B
20240415;100228;7868.5;73;10112823443;B
20240415;100228;7868.5;5;10112823445;B
20240415;100228;7868.5;1;10112823516;B
20240415;100228;7868.5;1;10112823596;B
20240415;100228;7868.5;1;10112823600;B
20240415;100229;7868.5;134;10112823708;B
20240415;100229;7868.5;3;10112823788;B
20240415;100229;7868.5;14;10112823795;B
20240415;100230;7868.5;5;10112823839;B
20240415;100230;7868.5;1;10112824062;B
20240415;100231;7868.5;50;10112824243;B
20240415;100231;7868.5;150;10112824257;B
20240415;100231;7868.5;45;10112824299;B
20240415;100231;7868.5;12;10112824344;B
20240415;100232;7868.5;30;10112824528;B
20240415;100232;7868.5;75;10112824542;B
20240415;100232;7868.5;17;10112824543;B
20240415;100232;7868.5;1;10112824544;B
20240415;100232;7868.5;1;10112824545;B
20240415;100232;7868.5;1;10112824549;S
20240415;100234;7868.5;3;10112825128;S
20240415;100235;7869;100;10112825251;B
20240415;100235;7869;1;10112825365;B
20240415;100235;7868.5;2;10112825407;S
20240415;100235;7868.5;1;10112825408;S
20240415;100236;7869;12;10112825482;B
20240415;100236;7869;2;10112825577;B
20240415;100236;7868.5;1;10112825624;S
20240415;100236;7869;5;10112825631;B
20240415;100236;7869;3;10112825641;B
20240415;100237;7869;3;10112825719;B
20240415;100237;7869;1;10112825725;B
20240415;100237;7869;12;10112825818;B
20240415;100238;7868.5;8;10112826003;S
20240415;100238;7868.5;4;10112826004;S
20240415;100238;7868.5;1;10112826005;S
20240415;100238;7868.5;14;10112826015;S
20240415;100238;7868.5;16;10112826016;S
20240415;100238;7869;41;10112826073;B
20240415;100238;7869;100;10112826074;B
20240415;100238;7869;30;10112826075;B
20240415;100238;7869;1;10112826076;B
20240415;100238;7869;3;10112826077;B
20240415;100238;7869;90;10112826078;B
20240415;100238;7869;5;10112826079;B
20240415;100238;7869;100;10112826196;B
20240415;100238;7869;1;10112826239;B
20240415;100239;7869;12;10112826297;B
20240415;100239;7869;30;10112826298;B
20240415;100239;7869;1;10112826360;B
20240415;100239;7868.5;30;10112826418;S
20240415;100240;7869;5;10112826532;B
20240415;100240;7869;10;10112826537;B
20240415;100240;7868.5;10;10112826549;S
20240415;100240;7868.5;2;10112826550;S
20240415;100240;7868.5;1;10112826551;S
20240415;100240;7868.5;1;10112826552;S
20240415;100241;7868.5;16;10112826765;B
20240415;100241;7868.5;1;10112826849;S
20240415;100242;7869;4;10112826954;B
20240415;100242;7868.5;9;10112826982;S
20240415;100242;7868.5;1;10112826983;S
20240415;100242;7869;5;10112827031;B
20240415;100243;7869;1;10112827128;B
20240415;100243;7868.5;9;10112827175;S
20240415;100243;7868.5;1;10112827176;S
20240415;100243;7868.5;30;10112827177;S
20240415;100243;7868.5;10;10112827178;S
20240415;100243;7869;1;10112827322;B
20240415;100243;7868.5;1;10112827328;S
20240415;100243;7868.5;1;10112827329;S
20240415;100243;7869;2;10112827334;B
20240415;100243;7869;10;10112827347;B
20240415;100243;7869;5;10112827358;B
20240415;100244;7869;2;10112827368;B
20240415;100244;7869;10;10112827370;B
20240415;100244;7869;18;10112827411;B
20240415;100244;7869;6;10112827511;B
20240415;100244;7869;1;10112827512;B
20240415;100244;7869;10;10112827514;B
20240415;100245;7869;150;10112827695;B
20240415;100245;7869;1;10112827755;B
20240415;100245;7869;110;10112827761;B
20240415;100245;7869;10;10112827762;B
20240415;100245;7869;2;10112827763;B
20240415;100246;7869.5;200;10112828078;B
20240415;100246;7869.5;60;10112828125;B
20240415;100246;7869.5;100;10112828126;B
20240415;100246;7869.5;1;10112828127;B
20240415;100246;7869.5;1;10112828128;B
20240415;100246;7869.5;1;10112828129;B
20240415;100246;7869.5;1;10112828130;B
20240415;100246;7869.5;2;10112828131;B
20240415;100246;7869.5;102;10112828132;B
20240415;100246;7869.5;1;10112828133;B
20240415;100246;7869.5;10;10112828134;B
20240415;100246;7869.5;3;10112828135;B
20240415;100246;7870;258;10112828136;B
20240415;100246;7870;157;10112828137;B
20240415;100246;7870;212;10112828138;B
20240415;100246;7870;3;10112828139;B
20240415;100246;7870;187;10112828140;B
20240415;100246;7870;274;10112828141;B
20240415;100246;7870;33;10112828142;B
20240415;100246;7870;764;10112828143;B
20240415;100246;7870;97;10112828144;B
20240415;100246;7870;347;10112828145;B
20240415;100246;7870;267;10112828146;B
20240415;100246;7870;1;10112828158;B
20240415;100246;7870;1;10112828186;B
20240415;100246;7870;1;10112828187;B
20240415;100246;7870;15;10112828190;B
20240415;100246;7869.5;7;10112828196;S
20240415;100246;7870;1;10112828197;B
20240415;100246;7870;12;10112828203;B
20240415;100246;7870;10;10112828248;B
20240415;100247;7870;1;10112828279;B
20240415;100247;7870;1;10112828291;B
20240415;100247;7870;32;10112828296;B
20240415;100247;7870;2;10112828334;B
20240415;100247;7870;2;10112828335;B
20240415;100247;7870;1;10112828336;B
20240415;100247;7870;1;10112828337;B
20240415;100247;7870;1;10112828339;B
20240415;100247;7869.5;3;10112828362;S
20240415;100247;7869.5;7;10112828363;S
20240415;100247;7870;1;10112828397;B
20240415;100247;7870;49;10112828398;B
20240415;100247;7869.5;1;10112828408;S
20240415;100247;7870;10;10112828409;B
20240415;100247;7869.5;32;10112828410;S
20240415;100247;7869.5;1;10112828411;S
20240415;100247;7869.5;17;10112828412;S
20240415;100247;7869.5;2;10112828413;S
20240415;100247;7869.5;2;10112828414;S
20240415;100247;7870;2;10112828421;B
20240415;100247;7870;10;10112828469;B
20240415;100247;7870;1;10112828470;B
20240415;100247;7870;88;10112828474;B
20240415;100247;7870;12;10112828475;B
20240415;100247;7870;14;10112828511;B
20240415;100247;7870;194;10112828517;B
20240415;100247;7870;1;10112828518;B
20240415;100247;7870;208;10112828519;B
20240415;100247;7870;97;10112828520;B
20240415;100247;7870;50;10112828536;B
20240415;100247;7870;10;10112828601;B
20240415;100247;7870;6;10112828603;B
20240415;100247;7870;100;10112828618;B
20240415;100248;7870;25;10112828631;B
20240415;100248;7870;1;10112828765;B
20240415;100248;7870;4;10112828766;B
20240415;100248;7870;6;10112828805;B
20240415;100248;7870;1;10112828815;B
20240415;100248;7870;2;10112828833;B
20240415;100249;7870;1;10112828910;B
20240415;100249;7870;397;10112828959;B
20240415;100249;7870;103;10112828960;B
20240415;100249;7869.5;1;10112828978;B
20240415;100249;7869.5;1;10112828979;B
20240415;100249;7869.5;6;10112828980;B
20240415;100249;7869.5;35;10112829022;B
20240415;100249;7869.5;1;10112829042;B
20240415;100250;7869.5;1;10112829101;B
20240415;100250;7869.5;2;10112829248;B
20240415;100250;7869.5;3;10112829253;B
20240415;100251;7869.5;2;10112829398;B
20240415;100251;7869;38;10112829436;S
20240415;100251;7869.5;1;10112829469;B
20240415;100251;7869.5;3;10112829521;B
20240415;100251;7869.5;1;10112829559;B
20240415;100251;7869.5;1;10112829570;B
20240415;100252;7869.5;10;10112829760;B
20240415;100252;7869.5;1;10112829819;B
20240415;100252;7869.5;5;10112829841;B
20240415;100252;7869.5;1;10112829873;B
20240415;100253;7869.5;1;10112829939;B
20240415;100253;7869.5;12;10112829968;B
20240415;100253;7869.5;12;10112829986;B
20240415;100253;7869.5;13;10112829987;B
20240415;100253;7869.5;1;10112830041;B
20240415;100253;7869.5;1;10112830042;B
20240415;100253;7869.5;2;10112830043;B
20240415;100253;7869;2;10112830051;S
20240415;100253;7869.5;1;10112830092;B
20240415;100253;7869.5;1;10112830101;B
20240415;100253;7869;1;10112830109;S
20240415;100254;7869.5;10;10112830150;B
20240415;100254;7869.5;1;10112830151;B
20240415;100254;7869.5;1;10112830183;B
20240415;100254;7869.5;1;10112830184;B
20240415;100254;7869.5;1;10112830185;B
20240415;100254;7869.5;7;10112830228;B
20240415;100254;7869.5;3;10112830229;B
20240415;100254;7869.5;1;10112830287;B
20240415;100255;7869.5;1;10112830338;B
20240415;100255;7869.5;1;10112830442;B
20240415;100255;7869.5;60;10112830465;B
20240415;100255;7869.5;20;10112830538;B
20240415;100256;7869.5;14;10112830638;B
20240415;100256;7869.5;1;10112830639;B
20240415;100256;7869.5;27;10112830758;B
20240415;100256;7869.5;50;10112830759;B
20240415;100256;7869.5;20;10112830760;B
20240415;100256;7870;97;10112830761;B
20240415;100256;7870;264;10112830762;B
20240415;100256;7870;42;10112830763;B
20240415;100257;7870;194;10112830910;B
20240415;100257;7870;100;10112830911;B
20240415;100257;7870;40;10112830912;B
20240415;100257;7870;166;10112830913;B
20240415;100257;7869.5;10;10112830957;S
20240415;100257;7870;1;10112830964;B
20240415;100257;7870;1;10112830965;B
20240415;100257;7870;14;10112830997;B
20240415;100257;7870;126;10112830998;B
20240415;100257;7870;110;10112830999;B
20240415;100257;7870;1;10112831000;B
20240415;100258;7870;23;10112831044;B
20240415;100258;7870;7;10112831045;B
20240415;100258;7870;1;10112831083;B
20240415;100258;7870;1;10112831084;B
20240415;100258;7870;1;10112831085;B
20240415;100258;7870;130;10112831091;B
20240415;100258;7870;1;10112831133;B
20240415;100258;7870;2;10112831134;B
20240415;100259;7870;1;10112831278;B
20240415;100259;7870;1;10112831279;B
20240415;100259;7870;3;10112831280;B
20240415;100259;7870;1;10112831281;B
20240415;100259;7869.5;2;10112831313;S
20240415;100259;7869.5;1;10112831314;S
20240415;100259;7869.5;10;10112831315;S
20240415;100259;7869.5;1;10112831316;S
20240415;100259;7869.5;2;10112831373;S
20240415;100300;7870;1;10112831386;B
20240415;100300;7869.5;1;10112831401;S
20240415;100300;7870;1;10112831451;B
20240415;100300;7870;1;10112831534;B
20240415;100300;7870;1;10112831557;B
20240415;100300;7870;1;10112831666;B
20240415;100301;7870;16;10112831669;B
20240415;100301;7870;10;10112831693;B
20240415;100301;7870;1;10112831702;B
20240415;100301;7870;30;10112831725;B
20240415;100301;7870;1;10112831726;B
20240415;100301;7870;10;10112831738;B
20240415;100301;7870;1;10112831782;B
20240415;100301;7870;2;10112831844;B
20240415;100301;7870;2;10112831845;B
20240415;100302;7870;1;10112831864;B
20240415;100302;7870;1;10112831865;B
20240415;100302;7870;1;10112831866;B
20240415;100302;7870;1;10112831891;B
20240415;100302;7870;1;10112831912;B
20240415;100302;7870;1;10112831996;B
20240415;100302;7870;1;10112831997;B
20240415;100303;7870;1;10112832044;B
20240415;100303;7870;1;10112832054;B
20240415;100303;7870;2;10112832093;B
20240415;100303;7869.5;6;10112832249;S
20240415;100303;7869.5;1;10112832250;S
20240415;100303;7869.5;3;10112832251;S
20240415;100304;7870;30;10112832318;B
20240415;100304;7870;10;10112832388;B
20240415;100304;7870;5;10112832439;B
20240415;100304;7870;1;10112832440;B
20240415;100304;7870;1;10112832441;B
20240415;100304;7870;1;10112832547;B
20240415;100305;7870;1;10112832653;B
20240415;100305;7870;1;10112832654;B
20240415;100306;7870;7;10112832890;B
20240415;100306;7870;66;10112833006;B
20240415;100306;7870;18;10112833028;B
20240415;100306;7870;1;10112833067;B
20240415;100306;7870;1;10112833068;B
20240415;100307;7870;1;10112833141;B
20240415;100307;7870;1;10112833142;B
20240415;100307;7870;3;10112833143;B
20240415;100307;7870;20;10112833183;B
20240415;100307;7870;80;10112833184;B
20240415;100307;7869.5;1;10112833255;S
20240415;100307;7869.5;2;10112833256;S
20240415;100307;7869.5;1;10112833286;S
20240415;100308;7869.5;2;10112833416;S
20240415;100309;7870;1;10112833627;B
20240415;100309;7870;1;10112833628;B
20240415;100309;7869.5;10;10112833731;S
20240415;100309;7869.5;2;10112833732;S
20240415;100309;7869.5;13;10112833733;S
20240415;100309;7870;1;10112833734;B
20240415;100309;7870;1;10112833807;B
20240415;100309;7869;2;10112833821;S
20240415;100310;7870;6;10112833910;B
20240415;100310;7870;1;10112833937;B
20240415;100310;7870;1;10112833938;B
20240415;100310;7870;3;10112833939;B
20240415;100311;7870;12;10112834010;B
20240415;100311;7870;1;10112834011;B
20240415;100311;7870;105;10112834090;B
20240415;100311;7870;19;10112834091;B
20240415;100311;7870;232;10112834092;B
20240415;100311;7870;23;10112834093;B
20240415;100311;7869.5;1;10112834098;S
20240415;100311;7869.5;10;10112834099;S
20240415;100311;7870;160;10112834157;B
20240415;100311;7870;8;10112834158;B
20240415;100311;7870;4;10112834159;B
20240415;100311;7870;23;10112834160;B
20240415;100311;7870;527;10112834184;B
20240415;100311;7870;173;10112834185;B
20240415;100312;7870;27;10112834447;B
20240415;100312;7870;23;10112834448;B
20240415;100312;7870;2;10112834524;B
20240415;100313;7870;2;10112834642;B
20240415;100313;7870;7;10112834654;B
20240415;100313;7870;1;10112834738;B
20240415;100313;7870;100;10112834790;B
20240415;100313;7870;1;10112834807;B
20240415;100314;7870;10;10112834857;B
20240415;100314;7870;40;10112834876;B
20240415;100314;7870;1;10112834877;B
20240415;100314;7870;154;10112835092;B
20240415;100314;7870;200;10112835093;B
20240415;100314;7870;140;10112835094;B
20240415;100314;7870;6;10112835095;B
20240415;100315;7870;5;10112835162;B
20240415;100315;7869.5;10;10112835179;S
20240415;100315;7870;19;10112835414;B
20240415;100316;7870;20;10112835429;B
20240415;100316;7870;5;10112835430;B
20240415;100316;7870;1;10112835431;B
20240415;100316;7870;8;10112835432;B
20240415;100316;7870;16;10112835433;B
20240415;100316;7870;30;10112835579;B
20240415;100317;7870;1;10112835652;B
20240415;100317;7870;40;10112835811;B
20240415;100318;7870;114;10112836145;B
20240415;100318;7870;266;10112836146;B
20240415;100318;7870;20;10112836147;B
20240415;100318;7870;1;10112836163;B
20240415;100319;7870;1;10112836323;B
20240415;100319;7870;78;10112836333;B
20240415;100319;7870;7;10112836334;B
20240415;100319;7870;1;10112836439;B
20240415;100320;7870;1;10112836465;B
20240415;100320;7870;1;10112836466;B
20240415;100320;7870;4;10112836473;B
20240415;100320;7870;51;10112836474;B
20240415;100320;7870;20;10112836479;B
20240415;100320;7870;30;10112836509;B
20240415;100321;7870;30;10112836687;B
20240415;100321;7870;1;10112836779;B
20240415;100321;7870;1;10112836780;B
20240415;100321;7870;1;10112836789;B
20240415;100321;7870;60;10112836821;B
20240415;100322;7870;35;10112836930;B
20240415;100322;7869.5;1;10112836969;S
20240415;100322;7870;20;10112836987;B
20240415;100323;7870;1;10112837176;B
20240415;100323;7870;15;10112837308;B
20240415;100324;7870;23;10112837427;B
20240415;100324;7870;1;10112837456;B
20240415;100324;7870;1;10112837457;B
20240415;100325;7870;52;10112837628;B
20240415;100326;7869.5;9;10112837818;S
20240415;100326;7869.5;6;10112837819;S
20240415;100326;7869.5;1;10112837820;S
20240415;100326;7869.5;1;10112837821;S
20240415;100326;7869.5;35;10112837822;S
20240415;100326;7869.5;32;10112837823;S
20240415;100326;7869.5;39;10112837824;S
20240415;100326;7869;3;10112837825;S
20240415;100326;7869;1;10112837826;S
20240415;100326;7869;2;10112837827;S
20240415;100326;7869;20;10112837828;S
20240415;100326;7869;2;10112837829;S
20240415;100326;7869;10;10112837830;S
20240415;100326;7869;110;10112837831;S
20240415;100326;7869;5;10112837832;S
20240415;100326;7869;1;10112837833;S
20240415;100326;7869;28;10112837834;S
20240415;100326;7869;2;10112837836;B
20240415;100326;7869;3;10112837837;B
20240415;100326;7869;6;10112837838;B
20240415;100326;7869;48;10112837848;B
20240415;100326;7869;7;10112837871;B
20240415;100326;7869;10;10112837883;B
20240415;100326;7869;131;10112837942;B
20240415;100326;7868.5;2;10112837968;S
20240415;100326;7868.5;3;10112837969;S
20240415;100326;7869;2;10112837989;B
20240415;100326;7869;1;10112837990;B
20240415;100327;7869;30;10112838080;B
20240415;100327;7869;20;10112838195;B
20240415;100327;7869;1;10112838205;B
20240415;100327;7869;50;10112838217;B
20240415;100328;7869;1;10112838307;B
20240415;100328;7869;67;10112838322;B
20240415;100328;7869;38;10112838329;B
20240415;100328;7869;1;10112838376;B
20240415;100328;7869;50;10112838383;B
20240415;100328;7868.5;28;10112838391;S
20240415;100328;7868.5;3;10112838392;S
20240415;100328;7868.5;3;10112838393;S
20240415;100328;7868.5;2;10112838399;S
20240415;100328;7868.5;10;10112838400;S
20240415;100328;7868.5;1;10112838401;S
20240415;100328;7868.5;3;10112838402;S
20240415;100328;7868.5;3;10112838403;S
20240415;100328;7868.5;1;10112838404;S
20240415;100328;7868.5;4;10112838410;S
20240415;100328;7868.5;9;10112838411;S
20240415;100328;7869;1;10112838525;B
20240415;100328;7868.5;100;10112838535;S
20240415;100328;7869;1;10112838536;B
20240415;100328;7868.5;3;10112838575;S
20240415;100329;7869;4;10112838616;B
20240415;100329;7869;1;10112838692;B
20240415;100329;7868.5;38;10112838695;S
20240415;100329;7868.5;62;10112838696;S
20240415;100329;7869;4;10112838738;B
20240415;100329;7869;1;10112838739;B
20240415;100329;7868.5;7;10112838741;S
20240415;100329;7868.5;4;10112838747;S
20240415;100329;7868.5;15;10112838748;S
20240415;100329;7868.5;15;10112838749;S
20240415;100329;7868.5;10;10112838750;S
20240415;100329;7868.5;1;10112838751;S
20240415;100329;7868;10;10112838752;S
20240415;100329;7868;50;10112838753;S
20240415;100329;7868;1;10112838754;S
20240415;100329;7868;394;10112838755;S
20240415;100330;7868;5;10112838846;S
20240415;100330;7868.5;2;10112838873;B
20240415;100330;7868;50;10112838895;S
20240415;100330;7868.5;85;10112838933;B
20240415;100330;7868.5;32;10112838934;B
20240415;100330;7868.5;8;10112838935;B
20240415;100330;7868;20;10112838966;S
20240415;100330;7868;1;10112839021;S
20240415;100331;7868;20;10112839088;S
20240415;100331;7868;50;10112839091;S
20240415;100331;7868;60;10112839350;S
20240415;100331;7868;12;10112839351;S
20240415;100331;7868;6;10112839352;S
20240415;100331;7868;2;10112839353;S
20240415;100331;7868;30;10112839354;S
20240415;100331;7868;108;10112839355;S
20240415;100331;7868;10;10112839356;S
20240415;100331;7868;1;10112839357;S
20240415;100331;7868;6;10112839358;S
20240415;100331;7868;32;10112839359;S
20240415;100332;7867.5;3;10112839446;S
20240415;100332;7867;1;10112839447;S
20240415;100332;7867;1;10112839448;S
20240415;100332;7867;1;10112839449;S
20240415;100332;7867;1;10112839493;S
20240415;100332;7867;3;10112839494;S
20240415;100332;7867;1;10112839495;S
20240415;100332;7867;25;10112839496;S
20240415;100332;7867;5;10112839501;S
20240415;100332;7867;25;10112839502;S
20240415;100332;7867;60;10112839503;S
20240415;100332;7867;3;10112839504;S
20240415;100332;7866.5;10;10112839505;S
20240415;100332;7866;26;10112839506;S
20240415;100332;7866;1;10112839507;S
20240415;100332;7866;75;10112839508;S
20240415;100332;7868;10;10112839509;B
20240415;100332;7868.5;20;10112839510;B
20240415;100332;7868;10;10112839578;B
20240415;100332;7868;5;10112839579;B
20240415;100332;7868.5;11;10112839580;B
20240415;100332;7868.5;32;10112839581;B
20240415;100332;7868.5;32;10112839582;B
20240415;100332;7869;10;10112839583;B
20240415;100332;7868;1;10112839598;B
20240415;100332;7866;4;10112839623;S
20240415;100333;7866;10;10112839710;S
20240415;100333;7866;20;10112839738;S
20240415;100333;7866;11;10112839814;S
20240415;100333;7866;1;10112839815;S
20240415;100333;7866;3;10112839816;S
20240415;100333;7867;10;10112839876;B
20240415;100333;7867.5;1;10112839877;B
20240415;100333;7868;1;10112839878;B
20240415;100333;7868.5;21;10112839879;B
20240415;100334;7866;1;10112840014;S
20240415;100334;7868;10;10112840059;B
20240415;100334;7868.5;11;10112840060;B
20240415;100334;7868.5;9;10112840061;B
20240415;100337;7867.5;10;10112840744;B
20240415;100337;7868;1;10112840745;B
20240415;100337;7867.5;10;10112840786;B
20240415;100337;7868;10;10112840787;B
20240415;100337;7868.5;13;10112840788;B
20240415;100338;7866;1;10112840848;S
20240415;100338;7866;15;10112840849;S
20240415;100338;7866;6;10112840850;S
20240415;100338;7865.5;17;10112840851;S
20240415;100338;7865.5;40;10112840852;S
20240415;100338;7865.5;28;10112840853;S
20240415;100338;7865.5;10;10112840854;S
20240415;100338;7865;10;10112840855;S
20240415;100338;7867;1;10112841001;B
20240415;100339;7867;4;10112841190;B
20240415;100339;7867;5;10112841240;B
20240415;100339;7867.5;32;10112841241;B
20240415;100339;7868;39;10112841242;B
20240415;100339;7868;24;10112841243;B
20240415;100340;7865.5;28;10112841324;S
20240415;100340;7865.5;10;10112841325;S
20240415;100340;7865;42;10112841326;S
20240415;100340;7865;30;10112841327;S
20240415;100340;7865;1;10112841328;S
20240415;100340;7865;2;10112841329;S
20240415;100340;7865;47;10112841330;S
20240415;100340;7865;1;10112841331;S
20240415;100340;7865;2;10112841332;S
20240415;100340;7865;20;10112841333;S
20240415;100340;7865;1;10112841334;S
20240415;100340;7865;5;10112841335;S
20240415;100340;7865;11;10112841336;S
20240415;100340;7867.5;3;10112841464;B
20240415;100340;7865;39;10112841562;S
20240415;100340;7865;1;10112841563;S
20240415;100340;7865;1;10112841564;S
20240415;100340;7865;40;10112841565;S
20240415;100340;7865;2;10112841566;S
20240415;100340;7865;109;10112841567;S
20240415;100340;7865;8;10112841568;S
20240415;100341;7866.5;10;10112841602;B
20240415;100341;7867;32;10112841603;B
20240415;100341;7867.5;28;10112841604;B
20240415;100341;7868;30;10112841605;B
20240415;100341;7867.5;10;10112841730;B
20240415;100341;7868;30;10112841731;B
20240415;100342;7867.5;10;10112841882;B
20240415;100342;7868;25;10112841883;B
20240415;100344;7867.5;2;10112842481;B
20240415;100345;7866;2;10112842497;S
20240415;100345;7866;1;10112842498;S
20240415;100345;7866;1;10112842502;B
20240415;100345;7865;3;10112842680;S
20240415;100346;7865;12;10112842707;S
20240415;100346;7864.5;8;10112842708;S
20240415;100346;7865.5;11;10112842937;B
20240415;100348;7866;2;10112843439;B
20240415;100348;7865.5;24;10112843548;B
20240415;100348;7864.5;10;10112843604;S
20240415;100349;7865.5;1;10112843873;B
20240415;100349;7864;100;10112843963;S
20240415;100349;7864;43;10112843964;S
20240415;100350;7863;3;10112844131;S
20240415;100350;7863;4;10112844132;S
20240415;100350;7862.5;1;10112844172;S
20240415;100351;7862.5;20;10112844410;S
20240415;100354;7863;1;10112845028;B
20240415;100354;7864.5;11;10112845029;B
20240415;100354;7864.5;1;10112845030;B
20240415;100354;7862.5;6;10112845072;S
20240415;100354;7862;2;10112845081;S
20240415;100354;7862;8;10112845130;S
20240415;100355;7864.5;3;10112845255;B
20240415;100356;7864.5;10;10112845503;B
20240415;100356;7863.5;30;10112845614;B
20240415;100356;7863.5;5;10112845686;B
20240415;100356;7863.5;5;10112845714;B
20240415;100357;7863.5;2;10112845757;B
20240415;100358;7863.5;1;10112846036;B
20240415;100358;7863.5;26;10112846133;B
20240415;100358;7863.5;4;10112846134;B
20240415;100358;7863.5;2;10112846175;B
20240415;100359;7863.5;26;10112846248;B
20240415;100359;7863.5;39;10112846249;B
20240415;100359;7863.5;5;10112846250;B
20240415;100359;7864;100;10112846251;B
20240415;100359;7864.5;28;10112846252;B
20240415;100359;7864.5;2;10112846253;B
20240415;100359;7865;50;10112846280;B
20240415;100359;7865.5;73;10112846281;B
20240415;100359;7865.5;3;10112846355;B
20240415;100359;7864.5;10;10112846577;S
20240415;100400;7865.5;5;10112846724;B
20240415;100400;7865.5;4;10112846867;B
20240415;100400;7865.5;1;10112846906;B
20240415;100400;7866;6;10112846907;B
20240415;100400;7865.5;3;10112846908;B
20240415;100400;7864;2;10112846922;S
20240415;100401;7865.5;7;10112847213;B
20240415;100401;7866;4;10112847214;B
20240415;100401;7865.5;10;10112847267;B
20240415;100401;7865.5;15;10112847268;B
20240415;100401;7866;1;10112847368;B
20240415;100402;7864.5;9;10112847460;S
20240415;100402;7863.5;2;10112847461;S
20240415;100402;7863.5;32;10112847462;S
20240415;100402;7863;17;10112847463;S
20240415;100402;7866;4;10112847579;B
20240415;100403;7866;29;10112847617;B
20240415;100403;7866;71;10112847618;B
20240415;100403;7866;10;10112847755;B
20240415;100403;7863;10;10112847763;S
20240415;100403;7863;1;10112847764;B
20240415;100405;7865.5;1;10112848212;B
20240415;100405;7865.5;9;10112848236;B
20240415;100405;7865.5;1;10112848237;B
20240415;100405;7865.5;1;10112848238;B
20240415;100406;7863;10;10112848337;S
20240415;100406;7862.5;32;10112848338;S
20240415;100406;7862.5;18;10112848339;S
20240415;100406;7865.5;34;10112848492;B
20240415;100406;7865.5;10;10112848520;B
20240415;100406;7865.5;1;10112848554;B
20240415;100406;7865.5;3;10112848597;B
20240415;100406;7866;8;10112848598;B
20240415;100407;7866;1;10112848687;B
20240415;100408;7866;10;10112848835;B
20240415;100408;7866;33;10112848957;B
20240415;100408;7866;4;10112849006;B
20240415;100408;7866;34;10112849007;B
20240415;100409;7866;1;10112849020;B
20240415;100409;7866;1;10112849077;B
20240415;100410;7865.5;2;10112849404;S
20240415;100411;7866;1;10112849520;B
20240415;100411;7866;2;10112849635;B
20240415;100413;7865.5;7;10112850206;S
20240415;100413;7866;1;10112850235;B
20240415;100414;7866;17;10112850559;B
20240415;100414;7866;20;10112850568;B
20240415;100414;7866;10;10112850659;B
20240415;100416;7865.5;1;10112851194;S
20240415;100417;7866;1;10112851333;B
20240415;100418;7865.5;1;10112851788;S
20240415;100418;7866;2;10112851799;B
20240415;100418;7865.5;20;10112851822;S
20240415;100419;7866;3;10112852060;B
20240415;100421;7866;5;10112852334;B
20240415;100421;7866;1;10112852509;B
20240415;100422;7866;1;10112852773;B
20240415;100424;7866;5;10112853209;B
20240415;100424;7866;8;10112853242;B
20240415;100424;7866;1;10112853243;B
20240415;100426;7866;2;10112853683;B
20240415;100427;7866;2;10112854046;B
20240415;100427;7866;1;10112854128;B
20240415;100428;7865.5;29;10112854187;S
20240415;100428;7865.5;1;10112854188;S
20240415;100428;7865.5;1;10112854189;S
20240415;100428;7865;2;10112854190;S
20240415;100428;7865;1;10112854191;S
20240415;100428;7864.5;13;10112854192;S
20240415;100428;7865.5;1;10112854319;B
20240415;100429;7865.5;1;10112854434;B
20240415;100430;7865;1;10112854786;B
20240415;100430;7864;2;10112854925;S
20240415;100431;7865.5;1;10112855161;B
20240415;100434;7864;6;10112855631;B
20240415;100434;7864.5;8;10112855706;B
20240415;100434;7864.5;31;10112855761;B
20240415;100434;7864.5;24;10112855762;B
20240415;100434;7863.5;1;10112855764;S
20240415;100434;7863;5;10112855765;S
20240415;100434;7863;2;10112855766;S
20240415;100434;7863;2;10112855767;S
20240415;100434;7862.5;10;10112855768;S
20240415;100435;7862.5;4;10112855869;B
20240415;100435;7862;1;10112855884;S
20240415;100436;7862.5;1;10112855995;B
20240415;100436;7862.5;1;10112856195;B
20240415;100437;7862.5;3;10112856414;B
20240415;100438;7862.5;9;10112856604;B
20240415;100439;7862.5;35;10112856687;B
20240415;100439;7862.5;1;10112856867;B
20240415;100441;7862.5;1;10112857315;B
20240415;100443;7862;26;10112857689;S
20240415;100444;7862.5;20;10112857777;B
20240415;100446;7862.5;4;10112858970;B
20240415;100446;7862.5;4;10112858999;B
20240415;100447;7862.5;50;10112859139;B
20240415;100447;7862;1;10112859353;S
20240415;100448;7862.5;1;10112859609;B
20240415;100449;7862;22;10112859775;S
20240415;100449;7862;1;10112859776;S
20240415;100449;7862;77;10112859777;S
20240415;100449;7862;10;10112859778;S
20240415;100449;7862;1;10112859779;S
20240415;100449;7862;20;10112859780;S
20240415;100449;7862;32;10112859781;S
20240415;100449;7862;1;10112859782;S
20240415;100449;7862.5;10;10112859834;B
20240415;100449;7862.5;1;10112859868;B
20240415;100450;7862.5;3;10112860060;B
20240415;100451;7862;1;10112860388;S
20240415;100452;7862;37;10112860499;S
20240415;100452;7862;63;10112860500;S
20240415;100452;7862;1;10112860533;S
20240415;100453;7862;61;10112860717;S
20240415;100453;7862;20;10112860718;S
20240415;100453;7862;19;10112860719;S
20240415;100453;7862;1;10112860739;S
20240415;100453;7862;1;10112860740;S
20240415;100453;7861.5;38;10112860741;S
20240415;100453;7862;1;10112860879;B
20240415;100453;7861.5;62;10112860882;S
20240415;100453;7861.5;100;10112860883;S
20240415;100453;7861.5;77;10112860884;S
20240415;100453;7861.5;10;10112860885;S
20240415;100453;7861;30;10112860886;S
20240415;100453;7861;2;10112860887;S
20240415;100453;7860.5;1;10112860888;S
20240415;100453;7860.5;8;10112860889;S
20240415;100453;7860.5;1;10112860890;S
20240415;100453;7860.5;1;10112860891;S
20240415;100453;7860.5;8;10112860892;S
20240415;100454;7860.5;10;10112861071;S
20240415;100455;7861;20;10112861167;B
20240415;100455;7861;1;10112861299;B
20240415;100455;7861;9;10112861300;B
20240415;100455;7861;5;10112861302;B
20240415;100455;7861;5;10112861309;B
20240415;100456;7861;3;10112861566;B
20240415;100456;7861;4;10112861598;B
20240415;100456;7861;2;10112861628;B
20240415;100456;7861;7;10112861642;B
20240415;100458;7860.5;82;10112862248;S
20240415;100458;7860.5;15;10112862249;S
20240415;100458;7860.5;3;10112862250;S
20240415;100458;7860.5;1;10112862251;S
20240415;100458;7860.5;1;10112862252;S
20240415;100458;7860.5;10;10112862253;S
20240415;100458;7860.5;40;10112862254;S
20240415;100458;7860;48;10112862255;S
20240415;100459;7861;1;10112862300;B
20240415;100459;7860;19;10112862303;S
20240415;100459;7860;1;10112862304;S
20240415;100459;7861;12;10112862435;B
20240415;100459;7860;1;10112862436;S
20240415;100459;7860;6;10112862437;S
20240415;100459;7860;8;10112862438;S
20240415;100459;7860.5;10;10112862439;S
20240415;100459;7860;15;10112862440;S
20240415;100459;7860;22;10112862442;S
20240415;100459;7860;2;10112862443;S
20240415;100459;7860;1;10112862444;S
20240415;100459;7860;2;10112862445;S
20240415;100459;7860;2;10112862446;S
20240415;100459;7860;1;10112862447;S
20240415;100459;7861;12;10112862486;B
20240415;100459;7861.5;10;10112862487;B
20240415;100459;7861.5;17;10112862488;B
20240415;100500;7860;1;10112862796;S
20240415;100500;7860;5;10112862797;S
20240415;100500;7860;32;10112862798;S
20240415;100500;7861.5;10;10112862805;B
20240415;100500;7862;8;10112862806;B
20240415;100501;7862;24;10112863085;B
20240415;100501;7862;1;10112863116;B
20240415;100502;7861.5;10;10112863426;S
20240415;100502;7862.5;5;10112863647;B
20240415;100503;7862.5;10;10112863875;B
20240415;100503;7862.5;38;10112863947;B
20240415;100503;7862.5;7;10112864097;B
20240415;100503;7862.5;20;10112864153;B
20240415;100504;7861.5;1;10112864308;S
20240415;100504;7861.5;9;10112864309;S
20240415;100505;7862.5;31;10112864674;B
20240415;100506;7862.5;4;10112864775;B
20240415;100506;7862.5;1;10112864975;B
20240415;100507;7862.5;35;10112865081;B
20240415;100508;7862;1;10112865427;S
20240415;100509;7862;1;10112865450;S
20240415;100512;7862.5;10;10112866210;B
20240415;100512;7862;1;10112866252;S
20240415;100513;7862.5;5;10112866314;B
20240415;100515;7862.5;2;10112866955;B
20240415;100516;7862;29;10112867083;S
20240415;100516;7862;26;10112867084;S
20240415;100516;7861.5;2;10112867085;S
20240415;100516;7861.5;10;10112867086;S
20240415;100516;7861.5;39;10112867087;S
20240415;100516;7861;20;10112867088;S
20240415;100516;7861;73;10112867089;S
20240415;100516;7860.5;1;10112867090;S
20240415;100516;7862;27;10112867108;B
20240415;100516;7861;1;10112867121;S
20240415;100517;7861.5;1;10112867300;S
20240415;100517;7862.5;12;10112867450;B
20240415;100518;7862.5;5;10112867706;B
20240415;100518;7861;1;10112867761;S
20240415;100519;7862;1;10112867907;B
20240415;100520;7862.5;2;10112868121;B
20240415;100522;7862.5;4;10112868444;B
20240415;100525;7862.5;1;10112869135;B
20240415;100526;7862;30;10112869339;S
20240415;100526;7862;3;10112869340;S
20240415;100526;7862;49;10112869341;S
20240415;100526;7862;32;10112869342;S
20240415;100526;7861.5;72;10112869343;S
20240415;100526;7861;10;10112869344;S
20240415;100526;7860.5;39;10112869345;S
20240415;100526;7860;37;10112869346;S
20240415;100526;7860;1;10112869347;S
20240415;100526;7860;86;10112869348;S
20240415;100526;7860;1;10112869349;S
20240415;100526;7860;5;10112869350;S
20240415;100526;7860;1;10112869351;S
20240415;100526;7860;3;10112869352;S
20240415;100526;7860;4;10112869353;S
20240415;100526;7860;1;10112869354;S
20240415;100526;7860;100;10112869355;S
20240415;100526;7860;1;10112869356;S
20240415;100526;7860;6;10112869357;S
20240415;100526;7860;1;10112869358;S
20240415;100526;7860;5;10112869359;S
20240415;100526;7860;3;10112869360;S
20240415;100526;7860;10;10112869361;S
20240415;100526;7860;1;10112869362;S
20240415;100526;7860;29;10112869363;S
20240415;100526;7862;10;10112869468;B
20240415;100527;7862;1;10112869604;B
20240415;100527;7862;7;10112869643;B
20240415;100527;7861;1;10112869674;S
20240415;100527;7860.5;9;10112869675;S
20240415;100529;7862;2;10112870017;B
20240415;100532;7861.5;1;10112870956;S
20240415;100532;7861.5;3;10112870957;S
20240415;100532;7861;5;10112870958;S
20240415;100532;7860.5;13;10112870959;S
20240415;100532;7860.5;3;10112870960;S
20240415;100532;7860;5;10112870961;S
20240415;100534;7862;5;10112871488;B
20240415;100534;7862;1;10112871511;B
20240415;100534;7862;1;10112871654;B
20240415;100536;7861.5;13;10112872121;S
20240415;100536;7861.5;30;10112872122;S
20240415;100536;7861.5;1;10112872211;S
20240415;100537;7862;1;10112872244;B
20240415;100538;7862;1;10112872620;B
20240415;100542;7862;2;10112873649;B
20240415;100543;7861.5;38;10112873839;S
20240415;100543;7861.5;32;10112873840;S
20240415;100543;7861.5;5;10112873841;S
20240415;100543;7861;30;10112873842;S
20240415;100543;7861;55;10112873843;S
20240415;100543;7862;1;10112874019;B
20240415;100545;7861;2;10112874474;S
20240415;100545;7861;1;10112874475;S
20240415;100545;7861;1;10112874476;S
20240415;100545;7860.5;39;10112874477;S
20240415;100545;7860.5;69;10112874478;S
20240415;100545;7860;12;10112874479;S
20240415;100545;7860;10;10112874480;S
20240415;100545;7860;1;10112874481;S
20240415;100545;7860;12;10112874482;S
20240415;100545;7861.5;2;10112874497;B
20240415;100546;7861.5;1;10112874532;B
20240415;100546;7861.5;7;10112874608;B
20240415;100546;7861.5;3;10112874609;B
20240415;100548;7861.5;10;10112875077;B
20240415;100548;7861.5;50;10112875078;B
20240415;100549;7861.5;1;10112875189;B
20240415;100550;7861.5;19;10112875612;B
20240415;100551;7861.5;40;10112875693;B
20240415;100551;7861;2;10112875853;S
20240415;100551;7861;5;10112875884;S
20240415;100551;7861.5;10;10112875899;B
20240415;100551;7861.5;5;10112875900;B
20240415;100552;7861;10;10112876006;B
20240415;100552;7861.5;1;10112876072;B
20240415;100552;7860.5;2;10112876165;S
20240415;100552;7862;1;10112876177;B
20240415;100553;7862;1;10112876223;B
20240415;100554;7861.5;9;10112876381;B
20240415;100554;7861.5;1;10112876412;B
20240415;100554;7862;7;10112876413;B
20240415;100555;7862;10;10112876687;B
20240415;100556;7862;16;10112876798;B
20240415;100557;7862;50;10112877071;B
20240415;100558;7862;50;10112877441;B
20240415;100559;7862;4;10112877488;B
20240415;100559;7862;1;10112877512;B
20240415;100559;7862;1;10112877547;B
20240415;100559;7862;23;10112877556;B
20240415;100559;7862;1;10112877654;B
20240415;100601;7862;5;10112878040;B
20240415;100602;7861.5;4;10112878277;S
20240415;100602;7862;1;10112878345;B
20240415;100604;7862;1;10112878830;B
20240415;100605;7861.5;26;10112879386;S
20240415;100605;7861.5;10;10112879387;S
20240415;100605;7861.5;1;10112879388;S
20240415;100605;7861.5;2;10112879389;S
20240415;100605;7861.5;61;10112879390;S
20240415;100606;7862;13;10112879699;B
20240415;100607;7862;1;10112879872;B
20240415;100607;7862;5;10112879901;B
20240415;100607;7862;1;10112879919;B
20240415;100607;7861.5;7;10112880044;S
20240415;100608;7861.5;10;10112880104;S
20240415;100609;7862;1;10112880348;B
20240415;100609;7861.5;22;10112880412;S
20240415;100609;7861.5;1;10112880413;S
20240415;100609;7861;1;10112880414;S
20240415;100609;7861;16;10112880415;S
20240415;100609;7861.5;32;10112880453;B
20240415;100609;7862;18;10112880454;B
20240415;100609;7862;3;10112880614;B
20240415;100614;7861;5;10112881672;S
20240415;100615;7861.5;4;10112881937;B
20240415;100617;7861.5;1;10112882298;B
20240415;100618;7861.5;4;10112882483;B
20240415;100619;7861.5;4;10112882726;B
20240415;100619;7861;1;10112882779;S
20240415;100619;7861;1;10112882780;S
20240415;100619;7861;2;10112882781;S
20240415;100621;7861.5;22;10112883166;B
20240415;100621;7861.5;28;10112883167;B
20240415;100622;7861.5;10;10112883383;S
20240415;100623;7862;1;10112883547;B
20240415;100624;7861;10;10112883812;S
20240415;100625;7862;29;10112884426;B
20240415;100625;7862;1;10112884427;B
20240415;100625;7862;5;10112884428;B
20240415;100625;7862;5;10112884499;B
20240415;100625;7862;100;10112884500;B
20240415;100625;7862;1;10112884501;B
20240415;100625;7862;26;10112884502;B
20240415;100625;7862;24;10112884534;B
20240415;100625;7862;65;10112884535;B
20240415;100625;7862;47;10112884536;B
20240415;100625;7862;3;10112884550;B
20240415;100625;7862;150;10112884551;B
20240415;100625;7862.5;100;10112884575;B
20240415;100625;7862.5;1;10112884576;B
20240415;100625;7862.5;1;10112884577;B
20240415;100625;7863;10;10112884602;B
20240415;100625;7864;20;10112884635;B
20240415;100625;7864;1;10112884636;B
20240415;100625;7865;1;10112884660;B
20240415;100625;7865;1;10112884661;B
20240415;100625;7865;10;10112884662;B
20240415;100625;7865;21;10112884663;B
20240415;100625;7865;72;10112884666;B
20240415;100625;7865;64;10112884667;B
20240415;100625;7865;31;10112884719;B
20240415;100625;7864.5;10;10112884735;S
20240415;100626;7865;28;10112885043;B
20240415;100626;7865;25;10112885215;B
20240415;100626;7864.5;2;10112885312;S
20240415;100627;7865;9;10112885426;B
20240415;100627;7865.5;10;10112885427;B
20240415;100627;7865.5;4;10112885428;B
20240415;100627;7865;2;10112885473;S
20240415;100628;7865.5;34;10112885851;B
20240415;100630;7865.5;40;10112886592;B
20240415;100631;7865.5;31;10112887050;B
20240415;100631;7865.5;31;10112887087;B
20240415;100631;7865.5;10;10112887092;B
20240415;100631;7865.5;64;10112887093;B
20240415;100634;7865.5;10;10112887885;S
20240415;100634;7865.5;35;10112887886;S
20240415;100634;7865.5;205;10112887887;S
20240415;100634;7865.5;50;10112887888;S
20240415;100637;7866;1;10112888723;B
20240415;100637;7866;1;10112888785;B
20240415;100638;7866;1;10112889147;B
20240415;100638;7866;4;10112889148;B
20240415;100638;7865.5;4;10112889181;S
20240415;100639;7865.5;100;10112889360;S
20240415;100640;7865.5;1;10112889587;S
20240415;100641;7865.5;100;10112889652;S
20240415;100641;7866;10;10112889758;B
20240415;100641;7866;17;10112889759;B
20240415;100641;7866;10;10112889760;B
20240415;100641;7866;6;10112889761;B
20240415;100642;7866;9;10112889949;B
20240415;100642;7866;35;10112890022;B
20240415;100643;7866;85;10112890187;B
20240415;100643;7865.5;10;10112890240;S
20240415;100644;7866;14;10112890728;B
20240415;100645;7865.5;1;10112890834;S
20240415;100645;7866;54;10112890856;B
20240415;100646;7866;7;10112891065;B
20240415;100647;7866;31;10112891397;B
20240415;100647;7866;24;10112891561;B
20240415;100647;7866;4;10112891589;B
20240415;100648;7866;33;10112891739;B
20240415;100648;7866;7;10112891935;B
20240415;100648;7866;21;10112891964;B
20240415;100648;7866;9;10112891996;B
20240415;100648;7866;10;10112891997;B
20240415;100648;7866;21;10112891998;B
20240415;100648;7867;20;10112892095;B
20240415;100648;7867;1;10112892096;B
20240415;100648;7867;1;10112892097;B
20240415;100648;7867;11;10112892128;B
20240415;100649;7867;1;10112892187;B
20240415;100649;7867;1;10112892188;B
20240415;100649;7867;3;10112892189;B
20240415;100649;7867;2;10112892234;B
20240415;100649;7867.5;3;10112892330;B
20240415;100649;7867.5;2;10112892367;B
20240415;100650;7867.5;2;10112892474;B
20240415;100651;7867.5;2;10112892756;B
20240415;100651;7867.5;4;10112892772;B
20240415;100652;7867.5;32;10112893019;B
20240415;100652;7867.5;3;10112893053;B
20240415;100652;7867.5;180;10112893114;B
20240415;100652;7868;10;10112893115;B
20240415;100652;7868;50;10112893116;B
20240415;100652;7868;5;10112893117;B
20240415;100652;7868;1;10112893118;B
20240415;100652;7868;63;10112893119;B
20240415;100652;7868.5;1;10112893120;B
20240415;100652;7868.5;59;10112893121;B
20240415;100652;7868.5;139;10112893122;B
20240415;100652;7868.5;52;10112893123;B
20240415;100652;7869;64;10112893124;B
20240415;100652;7869;225;10112893125;B
20240415;100652;7869;7;10112893202;B
20240415;100653;7869;7;10112893249;B
20240415;100653;7869;10;10112893283;B
20240415;100653;7868.5;1;10112893370;S
20240415;100653;7869;1;10112893415;B
20240415;100653;7869;4;10112893509;B
20240415;100654;7869;1;10112893570;B
20240415;100654;7869;11;10112893616;B
20240415;100654;7869;1;10112893733;B
20240415;100655;7868.5;9;10112893846;S
20240415;100655;7868.5;11;10112893847;S
20240415;100656;7869;4;10112894050;B
20240415;100656;7869;2;10112894144;B
20240415;100656;7868.5;39;10112894187;S
20240415;100656;7868.5;50;10112894188;S
20240415;100656;7868.5;11;10112894189;S
20240415;100656;7869;2;10112894234;B
20240415;100656;7869;66;10112894254;B
20240415;100656;7869;5;10112894255;B
20240415;100656;7869;80;10112894256;B
20240415;100656;7869;50;10112894257;B
20240415;100656;7869;3;10112894258;B
20240415;100656;7869;19;10112894259;B
20240415;100656;7869;1;10112894260;B
20240415;100656;7869;1;10112894261;B
20240415;100656;7869;25;10112894262;B
20240415;100656;7869;1;10112894318;B
20240415;100656;7869;12;10112894319;B
20240415;100657;7869;100;10112894457;B
20240415;100657;7869;2;10112894503;B
20240415;100658;7869;100;10112894711;B
20240415;100659;7869;2;10112894914;B
20240415;100659;7869;14;10112894956;B
20240415;100700;7869;11;10112895416;B
20240415;100701;7869;20;10112895449;B
20240415;100701;7869;1;10112895547;B
20240415;100704;7869;1;10112896273;B
20240415;100706;7868.5;46;10112896536;S
20240415;100706;7869;2;10112896572;B
20240415;100706;7869;2;10112896580;B
20240415;100708;7868.5;88;10112896902;S
20240415;100708;7869;31;10112897053;B
20240415;100711;7869;1;10112897713;B
20240415;100712;7869;1;10112897825;B
20240415;100712;7869;10;10112897886;B
20240415;100713;7869;702;10112897997;B
20240415;100713;7869;170;10112897998;B
20240415;100713;7869;28;10112897999;B
20240415;100713;7868.5;2;10112898077;S
20240415;100715;7869;2;10112898432;B
20240415;100718;7868.5;1;10112898982;S
20240415;100718;7869;3;10112899145;B
20240415;100718;7869;12;10112899170;B
20240415;100719;7869;2;10112899178;B
20240415;100719;7868.5;1;10112899194;S
20240415;100721;7868.5;1;10112899507;S
20240415;100721;7869;1;10112899552;B
20240415;100721;7869;3;10112899571;B
20240415;100722;7869;16;10112899722;B
20240415;100723;7868.5;10;10112899876;S
20240415;100723;7869;1;10112899903;B
20240415;100723;7869;7;10112899966;B
20240415;100725;7868.5;79;10112900266;S
20240415;100726;7868.5;1;10112900772;S
20240415;100727;7869;141;10112900850;B
20240415;100727;7869;59;10112900851;B
20240415;100729;7869;30;10112901550;B
20240415;100729;7869;10;10112901605;B
20240415;100732;7869;15;10112902212;B
20240415;100732;7869;1;10112902232;B
20240415;100735;7868.5;15;10112902899;S
20240415;100736;7868.5;2;10112903218;S
20240415;100737;7869;100;10112903288;B
20240415;100737;7869;1;10112903310;B
20240415;100737;7869;3;10112903377;B
20240415;100739;7868.5;1;10112903719;S
20240415;100745;7869;6;10112904683;B
20240415;100746;7868.5;1;10112904912;S
20240415;100747;7869;25;10112904962;B
20240415;100747;7869;218;10112904963;B
20240415;100747;7868.5;24;10112905040;S
20240415;100747;7869;6;10112905100;B
20240415;100749;7869;50;10112905247;B
20240415;100749;7869;6;10112905370;B
20240415;100749;7869;1;10112905379;B
20240415;100750;7869;8;10112905573;B
20240415;100750;7869;1;10112905578;B
20240415;100751;7869;7;10112905753;B
20240415;100753;7868.5;1;10112906029;S
20240415;100754;7869;2;10112906155;B
20240415;100754;7869;37;10112906215;B
20240415;100754;7869;5;10112906329;B
20240415;100754;7868.5;1;10112906386;S
20240415;100755;7869;1;10112906455;B
20240415;100756;7868.5;1;10112906544;S
20240415;100756;7868.5;60;10112906600;S
20240415;100756;7868.5;6;10112906601;S
20240415;100757;7869;5;10112907280;B
20240415;100758;7869;1;10112907469;B
20240415;100759;7868.5;5;10112907624;S
20240415;100759;7869;1;10112907661;B
20240415;100759;7868.5;1;10112907690;S
20240415;100759;7868.5;10;10112907728;S
20240415;100800;7869;1;10112907840;B
20240415;100800;7869;1;10112907872;B
20240415;100801;7869;11;10112908073;B
20240415;100802;7869;1;10112908159;B
20240415;100802;7869;3;10112908282;B
20240415;100805;7869;60;10112909020;B
20240415;100807;7868.5;1;10112909385;S
20240415;100808;7869;13;10112909536;B
20240415;100809;7869;1;10112909778;B
20240415;100810;7869;1;10112909923;B
20240415;100810;7868.5;3;10112909998;S
20240415;100812;7869;5;10112910340;B
20240415;100812;7868.5;3;10112910394;S
20240415;100813;7869;1;10112910457;B
20240415;100813;7868.5;10;10112910459;S
20240415;100813;7869;30;10112910566;B
20240415;100813;7868.5;1;10112910615;S
20240415;100814;7869;1;10112910657;B
20240415;100815;7868.5;20;10112910860;S
20240415;100818;7868.5;5;10112911458;S
20240415;100818;7869;17;10112911461;B
20240415;100818;7869;105;10112911462;B
20240415;100818;7869;1;10112911463;B
20240415;100818;7869;78;10112911464;B
20240415;100818;7869;25;10112911465;B
20240415;100818;7869;5;10112911466;B
20240415;100818;7869;130;10112911467;B
20240415;100818;7869;1;10112911468;B
20240415;100818;7869;13;10112911469;B
20240415;100818;7869;142;10112911470;B
20240415;100819;7869;1;10112911499;B
20240415;100819;7869;1;10112911642;B
20240415;100821;7869;1;10112911977;B
20240415;100823;7868.5;10;10112912406;S
20240415;100827;7869;5;10112913202;B
20240415;100827;7868.5;3;10112913268;S
20240415;100828;7868.5;12;10112913373;S
20240415;100829;7869;92;10112913657;B
20240415;100829;7869;58;10112913658;B
20240415;100830;7869;442;10112913728;B
20240415;100830;7869;1;10112913729;B
20240415;100830;7869;2;10112913730;B
20240415;100830;7869;365;10112913731;B
20240415;100830;7868.5;5;10112913778;S
20240415;100831;7869;2;10112913894;B
20240415;100831;7868.5;5;10112913988;S
20240415;100832;7869;1;10112914084;B
20240415;100832;7869;1;10112914213;B
20240415;100833;7869;6;10112914407;B
20240415;100834;7869;18;10112914457;B
20240415;100834;7868.5;1;10112914503;S
20240415;100834;7868.5;1;10112914556;S
20240415;100836;7869;6;10112914856;B
20240415;100837;7868.5;10;10112915011;S
20240415;100837;7869;3;10112915045;B
20240415;100839;7869;20;10112915312;B
20240415;100839;7868.5;13;10112915353;S
20240415;100839;7869;2;10112915438;B
20240415;100840;7869;1;10112915550;B
20240415;100840;7869;13;10112915593;B
20240415;100840;7869;88;10112915648;B
20240415;100840;7869;2;10112915714;B
20240415;100841;7869;7;10112915756;B
20240415;100841;7869;4;10112915816;B
20240415;100841;7869;2;10112916049;B
20240415;100841;7869;3;10112916095;B
20240415;100841;7869;8;10112916220;B
20240415;100842;7869;1;10112916304;B
20240415;100844;7868.5;13;10112916851;S
20240415;100845;7869;1;10112916921;B
20240415;100845;7868.5;10;10112916982;S
20240415;100845;7868.5;50;10112916983;S
20240415;100845;7868.5;50;10112916984;S
20240415;100845;7868.5;36;10112916985;S
20240415;100845;7868.5;14;10112916986;S
20240415;100845;7868.5;50;10112916987;S
20240415;100845;7868.5;36;10112916988;S
20240415;100845;7868.5;8;10112916989;S
20240415;100845;7868.5;2;10112916990;S
20240415;100845;7868.5;4;10112916991;S
20240415;100845;7868.5;1;10112916992;S
20240415;100845;7868.5;1;10112916993;S
20240415;100845;7868.5;18;10112916994;S
20240415;100845;7868.5;6;10112916995;S
20240415;100845;7868.5;15;10112916996;S
20240415;100845;7868.5;1;10112916997;S
20240415;100845;7868.5;1;10112916998;S
20240415;100845;7868.5;1;10112916999;S
20240415;100845;7868.5;1;10112917000;S
20240415;100845;7868.5;3;10112917001;S
20240415;100845;7868.5;1;10112917002;S
20240415;100845;7868.5;1;10112917003;S
20240415;100845;7868.5;38;10112917004;S
20240415;100845;7868.5;12;10112917005;S
20240415;100845;7868.5;50;10112917007;S
20240415;100845;7868.5;50;10112917008;S
20240415;100845;7868.5;38;10112917009;S
20240415;100845;7868.5;2;10112917010;S
20240415;100847;7869;13;10112917573;B
20240415;100847;7868.5;5;10112917624;S
20240415;100847;7868.5;35;10112917625;S
20240415;100850;7869;8;10112918247;B
20240415;100850;7869;3;10112918373;B
20240415;100850;7868.5;30;10112918375;S
20240415;100850;7869;22;10112918376;B
20240415;100850;7869;1;10112918377;B
20240415;100850;7869;1;10112918378;B
20240415;100850;7869;200;10112918379;B
20240415;100850;7869;60;10112918380;B
20240415;100850;7869;11;10112918381;B
20240415;100850;7869;1;10112918382;B
20240415;100850;7869;4;10112918383;B
20240415;100855;7869;1;10112919426;B
20240415;100858;7869;1;10112920124;B
20240415;100859;7869;2;10112920567;B
20240415;100900;7869;2;10112921018;B
20240415;100900;7869;1;10112921019;B
20240415;100900;7869;9;10112921056;B
20240415;100900;7869;21;10112921057;B
20240415;100901;7869;10;10112921341;B
20240415;100903;7869;1;10112921872;B
20240415;100904;7868.5;1;10112922137;S
20240415;100905;7868.5;8;10112922391;S
20240415;100907;7868.5;20;10112922654;S
20240415;100907;7869;1;10112922719;B
20240415;100908;7869;4;10112923005;B
20240415;100908;7869;4;10112923017;B
20240415;100908;7869;2;10112923020;B
20240415;100909;7869;5;10112923203;B
20240415;100910;7868.5;4;10112923287;S
20240415;100910;7869;13;10112923291;B
20240415;100910;7869;1;10112923457;B
20240415;100911;7869;64;10112923491;B
20240415;100911;7868.5;10;10112923532;S
20240415;100911;7869;200;10112923634;B
20240415;100915;7869;1;10112924250;B
20240415;100917;7869;5;10112924511;B
20240415;100917;7869;33;10112924531;B
20240415;100918;7869;1;10112924649;B
20240415;100918;7869;2;10112924663;B
20240415;100919;7869;1;10112924879;B
20240415;100919;7868.5;5;10112924947;S
20240415;100921;7868.5;3;10112925141;S
20240415;100921;7869;25;10112925166;B
20240415;100922;7869;2;10112925375;B
20240415;100922;7869;136;10112925423;B
20240415;100922;7869;1;10112925425;B
20240415;100923;7869;1;10112925516;B
20240415;100923;7869;2;10112925595;B
20240415;100924;7869;1;10112925665;B
20240415;100924;7869;1;10112925768;B
20240415;100926;7869;2;10112926641;B
20240415;100928;7868.5;1;10112926955;S
20240415;100928;7869;2;10112927043;B
20240415;100928;7869;54;10112927099;B
20240415;100929;7869;4;10112927217;B
20240415;100929;7869;16;10112927218;B
20240415;100929;7869;1;10112927219;B
20240415;100929;7869;17;10112927220;B
20240415;100929;7869;1;10112927221;B
20240415;100929;7869;4;10112927222;B
20240415;100929;7869;200;10112927223;B
20240415;100929;7869;57;10112927224;B
20240415;100929;7869;43;10112927229;B
20240415;100929;7869;3;10112927230;B
20240415;100929;7869;1;10112927231;B
20240415;100929;7869;100;10112927232;B
20240415;100929;7869;153;10112927233;B
20240415;100929;7869;20;10112927289;B
20240415;100930;7869;250;10112927600;B
20240415;100931;7869;25;10112927860;B
20240415;100932;7869;23;10112927971;B
20240415;100932;7869;4;10112928034;B
20240415;100932;7869;4;10112928055;B
20240415;100933;7869;2;10112928131;B
20240415;100933;7869;2;10112928186;B
20240415;100934;7868.5;1;10112928274;S
20240415;100934;7869;2;10112928435;B
20240415;100935;7869;1;10112928481;B
20240415;100935;7869;1;10112928499;B
20240415;100936;7868.5;5;10112928722;S
20240415;100936;7868.5;3;10112928723;S
20240415;100936;7868.5;1;10112928724;S
20240415;100937;7869;15;10112928930;B
20240415;100938;7869;98;10112929134;B
20240415;100938;7869;2;10112929135;B
20240415;100938;7869;1;10112929187;B
20240415;100939;7868.5;2;10112929285;S
20240415;100940;7869;1;10112929404;B
20240415;100940;7869;36;10112929420;B
20240415;100940;7869;1;10112929467;B
20240415;100942;7869;1;10112930115;B
20240415;100943;7869;40;10112930224;B
20240415;100943;7869;10;10112930232;B
20240415;100943;7869;6;10112930255;B
20240415;100944;7869;23;10112930317;B
20240415;100944;7869;8;10112930383;B
20240415;100944;7869;1;10112930521;B
20240415;100946;7869;1;10112930734;B
20240415;100946;7868.5;1;10112930805;S
20240415;100946;7869;1;10112930811;B
20240415;100947;7869;52;10112930911;B
20240415;100947;7869;125;10112930934;B
20240415;100947;7869;22;10112931066;B
20240415;100948;7869;12;10112931105;B
20240415;100948;7869;55;10112931228;B
20240415;100948;7869;5;10112931255;B
20240415;100949;7869;6;10112931354;B
20240415;100951;7868.5;15;10112931678;S
20240415;100951;7869;1;10112931738;B
20240415;100952;7869;1;10112931922;B
20240415;100952;7869;30;10112931951;B
20240415;100952;7868.5;20;10112931952;S
20240415;100952;7869;6;10112931954;B
20240415;100952;7869;1;10112932057;B
20240415;100953;7869;10;10112932185;B
20240415;100954;7869;42;10112932296;B
20240415;100954;7869;88;10112932297;B
20240415;100954;7868.5;1;10112932302;S
20240415;100955;7869;12;10112932519;B
20240415;100955;7869;28;10112932520;B
20240415;100955;7869;10;10112932559;B
20240415;100956;7869;7;10112932746;B
20240415;100956;7869;50;10112932830;B
20240415;100958;7869;1;10112933035;B
20240415;100958;7869;5;10112933098;B
20240415;101000;7868.5;20;10112933324;S
20240415;101000;7869;10;10112933397;B
20240415;101000;7869;5;10112933451;B
20240415;101000;7869;7;10112933474;B
20240415;101001;7869;13;10112933548;B
20240415;101001;7868.5;2;10112933765;S
20240415;101001;7868.5;1;10112933766;S
20240415;101001;7868.5;1;10112933767;S
20240415;101001;7868.5;2;10112933768;S
20240415;101001;7868.5;4;10112933769;S
20240415;101002;7868.5;28;10112934251;S
20240415;101002;7868.5;22;10112934252;S
20240415;101003;7869;24;10112934334;B
20240415;101003;7869;1;10112934376;B
20240415;101004;7869;200;10112934556;B
20240415;101004;7869;1;10112934595;B
20240415;101004;7868.5;1;10112934659;S
20240415;101004;7869;1;10112934697;B
20240415;101005;7869;1;10112935031;B
20240415;101005;7868.5;1;10112935047;S
20240415;101006;7869;4;10112935120;B
20240415;101008;7869;9;10112935683;B
20240415;101009;7868.5;1;10112935773;S
20240415;101010;7869;6;10112935950;B
20240415;101010;7868.5;5;10112936000;S
20240415;101010;7869;24;10112936052;B
20240415;101012;7869;3;10112936320;B
20240415;101013;7869;2;10112936549;B
20240415;101013;7869;5;10112936582;B
20240415;101013;7869;5;10112936679;B
20240415;101013;7869;2;10112936710;B
20240415;101014;7869;336;10112936742;B
20240415;101014;7869;1;10112936743;B
20240415;101014;7869;200;10112936744;B
20240415;101014;7869;5;10112936745;B
20240415;101014;7869;7;10112936746;B
20240415;101014;7869;50;10112936747;B
20240415;101014;7869;1;10112936748;B
20240415;101016;7869;3;10112937074;B
20240415;101017;7869;1;10112937238;B
20240415;101017;7869;5;10112937242;B
20240415;101017;7869;1;10112937368;B
20240415;101018;7869;32;10112937406;B
20240415;101020;7868.5;1;10112937819;S
20240415;101021;7869;1;10112938116;B
20240415;101021;7869;1;10112938262;B
20240415;101022;7869;100;10112938354;B
20240415;101022;7869;1;10112938432;B
20240415;101023;7868.5;4;10112938530;S
20240415;101023;7868.5;14;10112938531;S
20240415;101023;7869;7;10112938534;B
20240415;101023;7869;1;10112938561;B
20240415;101024;7869;80;10112938668;B
20240415;101024;7869;10;10112938771;B
20240415;101026;7869;60;10112939139;B
20240415;101027;7868.5;5;10112939159;S
20240415;101027;7869;20;10112939174;B
20240415;101027;7868.5;5;10112939234;S
20240415;101028;7869;10;10112939279;B
20240415;101028;7869;16;10112939407;B
20240415;101029;7868.5;16;10112939461;S
20240415;101029;7868.5;84;10112939462;S
20240415;101029;7869;28;10112939488;B
20240415;101029;7869;4;10112939563;B
20240415;101031;7868.5;1;10112939805;S
20240415;101034;7869;1;10112940243;B
20240415;101034;7869;30;10112940309;B
20240415;101036;7869;1;10112940561;B
20240415;101038;7869;2;10112940942;B
20240415;101039;7869;9;10112940961;B
20240415;101039;7869;1;10112940968;B
20240415;101039;7869;15;10112941072;B
20240415;101039;7869;235;10112941073;B
20240415;101040;7868.5;1;10112941156;S
20240415;101040;7869;1;10112941157;B
20240415;101042;7868.5;1;10112941409;S
20240415;101042;7868.5;1;10112941446;S
20240415;101042;7869;14;10112941454;B
20240415;101042;7869;3;10112941455;B
20240415;101043;7869;1;10112941621;B
20240415;101044;7868.5;1;10112941843;S
20240415;101045;7869;1;10112941972;B
20240415;101047;7869;10;10112942254;B
