<DATE>;<TIME>;<LAST>;<VOL>;<ID>;<OPER>
20240430;095956;8152.5;1;10239318122;B
20240430;095956;8152.5;1;10239318123;B
20240430;095956;8152.5;1;10239318124;B
20240430;095956;8152.5;1;10239318125;B
20240430;095956;8152.5;2;10239318126;B
20240430;095956;8152.5;2;10239318127;B
20240430;095956;8152.5;2;10239318128;B
20240430;095956;8152.5;1;10239318129;B
20240430;095956;8152.5;4;10239318130;B
20240430;095956;8152.5;2;10239318131;B
20240430;095956;8152.5;15;10239318132;B
20240430;095956;8152.5;2;10239318133;S
20240430;095956;8152.5;7;10239318134;S
20240430;095956;8152.5;35;10239318135;S
20240430;095956;8152.5;4;10239318136;S
20240430;095956;8152.5;1;10239318137;S
20240430;095956;8152.5;1;10239318138;S
20240430;095956;8152.5;1;10239318139;B
20240430;095956;8152.5;65;10239318140;B
20240430;095956;8152.5;15;10239318141;S
20240430;095956;8152.5;1;10239318142;B
20240430;095956;8152.5;1;10239318143;B
20240430;095956;8152.5;1;10239318144;B
20240430;095956;8152.5;1;10239318145;B
20240430;095956;8152.5;4;10239318146;B
20240430;095956;8152.5;1;10239318147;B
20240430;095956;8152.5;1;10239318148;S
20240430;095956;8152.5;10;10239318149;S
20240430;095956;8152.5;1;10239318150;S
20240430;095956;8152.5;1;10239318151;S
20240430;095956;8152.5;1;10239318152;S
20240430;095956;8152.5;1;10239318153;S
20240430;095956;8152.5;10;10239318154;S
20240430;095956;8152.5;8;10239318155;S
20240430;095956;8152.5;10;10239318156;B
20240430;095956;8152.5;1;10239318157;B
20240430;095956;8152.5;1;10239318158;B
20240430;095956;8152.5;10;10239318159;B
20240430;095956;8152.5;18;10239318160;B
20240430;095956;8152.5;20;10239318161;B
20240430;095956;8152.5;1;10239318162;B
20240430;095956;8152.5;300;10239318163;B
20240430;095956;8152.5;1;10239318164;B
20240430;095956;8152.5;12;10239318165;B
20240430;095956;8152.5;1;10239318166;B
20240430;095956;8152.5;2;10239318167;B
20240430;095956;8152.5;5;10239318168;S
20240430;095956;8152.5;5;10239318169;S
20240430;095956;8152.5;10;10239318170;B
20240430;095956;8152.5;2;10239318171;B
20240430;095956;8152.5;23;10239318172;S
20240430;095956;8152.5;7;10239318173;S
20240430;095956;8152.5;57;10239318174;S
20240430;095956;8152.5;5;10239318175;S
20240430;095956;8152.5;2;10239318176;B
20240430;095956;8152.5;2;10239318177;S
20240430;095956;8152.5;10;10239318178;S
20240430;095956;8152.5;62;10239318179;B
20240430;095956;8152.5;44;10239318180;B
20240430;095956;8152.5;4;10239318181;S
20240430;095956;8152.5;25;10239318182;B
20240430;095956;8152.5;100;10239318183;B
20240430;095956;8152.5;10;10239318184;S
20240430;095956;8152.5;93;10239318185;B
20240430;095956;8152.5;6;10239318186;S
20240430;095956;8152.5;27;10239318187;B
20240430;095956;8152.5;1;10239318188;B
20240430;095956;8152.5;47;10239318189;B
20240430;095956;8152.5;203;10239318190;B
20240430;095956;8152.5;47;10239318191;B
20240430;095956;8152.5;12;10239318192;B
20240430;095956;8152.5;1;10239318193;S
20240430;095956;8152.5;5;10239318194;B
20240430;095956;8152.5;2;10239318195;B
20240430;095956;8152.5;7;10239318196;B
20240430;095956;8152.5;1;10239318197;B
20240430;095956;8152.5;8;10239318198;S
20240430;095956;8152.5;4;10239318199;S
20240430;095956;8152.5;10;10239318200;B
20240430;095956;8152.5;2;10239318201;B
20240430;095956;8152.5;1;10239318202;B
20240430;095956;8152.5;5;10239318203;B
20240430;095956;8152.5;5;10239318204;B
20240430;095956;8152.5;1;10239318205;B
20240430;095956;8152.5;13;10239318206;B
20240430;095956;8152.5;3;10239318207;B
20240430;095956;8152.5;1;10239318208;B
20240430;095956;8152.5;1;10239318209;B
20240430;095956;8152.5;12;10239318210;B
20240430;095956;8152.5;6;10239318211;B
20240430;095956;8152.5;11;10239318212;B
20240430;095956;8152.5;7;10239318213;S
20240430;095956;8152.5;1;10239318214;S
20240430;095956;8152.5;4;10239318215;S
20240430;095956;8152.5;4;10239318216;S
20240430;095956;8152.5;17;10239318217;S
20240430;095956;8152.5;1;10239318218;B
20240430;095956;8152.5;12;10239318219;B
20240430;095956;8152.5;1;10239318220;B
20240430;100000;8152.5;10;10239318662;S
20240430;100000;8152.5;20;10239318663;S
20240430;100000;8153;3;10239318820;B
20240430;100000;8153;2;10239318951;B
20240430;100000;8152.5;2;10239319042;S
20240430;100000;8152.5;40;10239319239;S
20240430;100001;8153;2;10239319918;B
20240430;100001;8153;100;10239319919;B
20240430;100001;8154;1;10239319920;B
20240430;100002;8154.5;7;10239320077;S
20240430;100002;8155;10;10239320130;B
20240430;100002;8154.5;1;10239320433;S
20240430;100002;8154.5;1;10239320651;S
20240430;100004;8155;1;10239321634;B
20240430;100004;8155;1;10239321635;B
20240430;100004;8154.5;7;10239321804;S
20240430;100005;8155;1;10239322277;B
20240430;100005;8154.5;11;10239322368;S
20240430;100005;8155;3;10239322382;B
20240430;100005;8154.5;8;10239322584;S
20240430;100005;8154.5;10;10239322666;S
20240430;100005;8154.5;27;10239322762;S
20240430;100005;8154;17;10239322763;S
20240430;100005;8153;1;10239322764;S
20240430;100005;8153.5;5;10239322974;S
20240430;100006;8153;1;10239323185;S
20240430;100006;8153;1;10239323288;S
20240430;100006;8153;27;10239323394;S
20240430;100006;8153;10;10239323395;S
20240430;100006;8152.5;13;10239323396;S
20240430;100006;8153;12;10239323423;S
20240430;100006;8153.5;2;10239324617;B
20240430;100006;8153.5;5;10239324790;B
20240430;100007;8152.5;11;10239324982;S
20240430;100007;8153;1;10239324985;S
20240430;100007;8153;2;10239325416;B
20240430;100007;8152.5;10;10239325482;S
20240430;100007;8153;1;10239325573;B
20240430;100007;8153;1;10239325958;B
20240430;100007;8153;13;10239325959;B
20240430;100008;8152.5;1;10239326106;S
20240430;100009;8152.5;6;10239326494;S
20240430;100009;8152.5;1;10239326559;S
20240430;100009;8153;2;10239326671;B
20240430;100010;8152.5;1;10239326731;S
20240430;100010;8153;27;10239326793;B
20240430;100010;8154;6;10239326794;B
20240430;100010;8154.5;9;10239326806;B
20240430;100010;8153.5;5;10239326822;S
20240430;100011;8153.5;1;10239327146;S
20240430;100012;8154;1;10239327514;B
20240430;100015;8155;1;10239328166;B
20240430;100015;8155;1;10239328167;B
20240430;100015;8155;10;10239328168;B
20240430;100015;8155;100;10239328169;B
20240430;100015;8155;1;10239328170;B
20240430;100015;8155;2;10239328171;B
20240430;100015;8155;12;10239328172;B
20240430;100017;8155.5;10;10239328529;B
20240430;100017;8156;11;10239328530;B
20240430;100017;8156;31;10239328531;B
20240430;100017;8156;8;10239328532;B
20240430;100017;8156;2;10239328560;B
20240430;100017;8156;40;10239328561;B
20240430;100017;8156;2;10239328562;B
20240430;100017;8156;40;10239328563;B
20240430;100017;8156;5;10239328564;B
20240430;100017;8156;10;10239328565;B
20240430;100017;8156;29;10239328566;B
20240430;100017;8156;40;10239328567;B
20240430;100017;8156;4;10239328568;B
20240430;100017;8156;5;10239328569;B
20240430;100017;8156.5;20;10239328571;B
20240430;100017;8156.5;6;10239328572;B
20240430;100017;8156.5;6;10239328573;B
20240430;100017;8157;10;10239328574;B
20240430;100017;8157;10;10239328575;S
20240430;100017;8157;16;10239328576;S
20240430;100017;8157.5;10;10239328577;B
20240430;100017;8157.5;10;10239328596;S
20240430;100017;8158;2;10239328609;B
20240430;100017;8158;10;10239328610;B
20240430;100017;8158.5;20;10239328611;B
20240430;100017;8159;20;10239328612;B
20240430;100017;8159;25;10239328613;B
20240430;100017;8159;10;10239328614;B
20240430;100017;8159.5;1;10239328615;B
20240430;100017;8159.5;15;10239328616;B
20240430;100017;8157;16;10239328635;S
20240430;100017;8157;4;10239328636;S
20240430;100017;8157;7;10239328642;S
20240430;100017;8156.5;20;10239328643;S
20240430;100017;8156;26;10239328644;S
20240430;100018;8155.5;20;10239328786;S
20240430;100018;8155.5;6;10239328788;S
20240430;100019;8156;13;10239329172;B
20240430;100019;8156.5;35;10239329173;B
20240430;100019;8156.5;5;10239329174;B
20240430;100019;8157;20;10239329175;B
20240430;100019;8157.5;10;10239329176;B
20240430;100019;8158;27;10239329177;B
20240430;100019;8158.5;8;10239329178;B
20240430;100019;8159;37;10239329179;B
20240430;100019;8159;16;10239329180;B
20240430;100019;8159;37;10239329181;B
20240430;100019;8159.5;26;10239329182;B
20240430;100020;8156;2;10239329447;S
20240430;100021;8158;10;10239329706;S
20240430;100021;8159;10;10239329801;B
20240430;100021;8159;1;10239329802;B
20240430;100021;8158;4;10239329874;B
20240430;100022;8158;9;10239330040;B
20240430;100022;8159;4;10239330041;B
20240430;100022;8159;1;10239330110;B
20240430;100023;8159;1;10239330370;B
20240430;100024;8159;2;10239330428;B
20240430;100024;8159.5;459;10239330509;B
20240430;100024;8159.5;21;10239330510;B
20240430;100024;8159.5;10;10239330511;B
20240430;100024;8160;1;10239330512;B
20240430;100024;8160;2;10239330513;B
20240430;100024;8160;2;10239330514;B
20240430;100024;8160;7;10239330515;B
20240430;100024;8160;4;10239330516;B
20240430;100024;8160;1;10239330517;B
20240430;100024;8160;250;10239330518;B
20240430;100024;8160;1;10239330519;B
20240430;100024;8160;1;10239330520;B
20240430;100024;8160;5;10239330521;B
20240430;100024;8160;122;10239330522;B
20240430;100024;8160;19;10239330523;B
20240430;100024;8160.5;10;10239330524;S
20240430;100024;8161;1;10239330536;B
20240430;100024;8161;1;10239330539;B
20240430;100024;8161;1;10239330543;B
20240430;100024;8161;1;10239330544;B
20240430;100024;8161;10;10239330545;B
20240430;100024;8161;10;10239330546;S
20240430;100024;8161.5;5;10239330547;B
20240430;100024;8161.5;12;10239330548;B
20240430;100024;8161.5;3;10239330549;B
20240430;100024;8162;8;10239330550;B
20240430;100024;8162;10;10239330551;B
20240430;100024;8162;10;10239330552;B
20240430;100024;8162;59;10239330553;B
20240430;100024;8162;50;10239330554;B
20240430;100024;8162.5;2;10239330555;B
20240430;100024;8162.5;1;10239330556;B
20240430;100024;8163;1;10239330588;B
20240430;100024;8163;1;10239330590;B
20240430;100024;8163.5;3;10239330591;B
20240430;100024;8163.5;1;10239330592;B
20240430;100024;8163.5;1;10239330600;B
20240430;100024;8164;10;10239330601;B
20240430;100024;8163.5;5;10239330623;S
20240430;100025;8163.5;2;10239330635;B
20240430;100025;8163;2;10239330666;S
20240430;100025;8163;10;10239330680;S
20240430;100025;8163;15;10239330681;S
20240430;100025;8163;12;10239330687;S
20240430;100025;8162.5;28;10239330688;S
20240430;100025;8163;25;10239330691;S
20240430;100025;8163.5;14;10239330704;B
20240430;100025;8163.5;36;10239330705;B
20240430;100025;8162.5;2;10239330706;S
20240430;100025;8162.5;18;10239330707;S
20240430;100025;8162;6;10239330721;S
20240430;100025;8162.5;10;10239330722;S
20240430;100025;8163.5;16;10239330723;B
20240430;100025;8163.5;24;10239330724;B
20240430;100025;8163.5;4;10239330731;B
20240430;100025;8163.5;6;10239330732;B
20240430;100025;8163.5;9;10239330733;B
20240430;100025;8162;27;10239330734;S
20240430;100025;8162;10;10239330735;S
20240430;100025;8161.5;1;10239330736;S
20240430;100025;8161;12;10239330737;S
20240430;100025;8161;18;10239330738;S
20240430;100025;8160.5;1;10239330741;S
20240430;100025;8161;3;10239330742;B
20240430;100025;8161;12;10239330792;B
20240430;100025;8161;200;10239330793;B
20240430;100025;8161;1;10239330860;B
20240430;100025;8160.5;11;10239330866;S
20240430;100025;8160;4;10239330867;S
20240430;100027;8160.5;1;10239331066;S
20240430;100027;8161;53;10239331074;B
20240430;100027;8161;163;10239331076;B
20240430;100027;8161;2;10239331077;B
20240430;100027;8161;27;10239331078;B
20240430;100027;8161;8;10239331079;B
20240430;100027;8161;27;10239331242;B
20240430;100027;8161;19;10239331243;B
20240430;100027;8161.5;1;10239331244;B
20240430;100027;8161.5;1;10239331245;B
20240430;100027;8161.5;1;10239331246;B
20240430;100027;8161.5;11;10239331247;B
20240430;100027;8161.5;5;10239331255;B
20240430;100028;8160.5;1;10239331472;S
20240430;100029;8161;2;10239331723;S
20240430;100030;8161.5;1;10239332063;B
20240430;100031;8161.5;4;10239332227;B
20240430;100031;8161;5;10239332308;S
20240430;100031;8161;1;10239332309;S
20240430;100032;8161;9;10239332554;S
20240430;100032;8161;54;10239332555;S
20240430;100032;8160.5;10;10239332556;S
20240430;100032;8160.5;18;10239332557;S
20240430;100032;8160;1;10239332558;S
20240430;100032;8160;37;10239332559;S
20240430;100032;8160;21;10239332560;S
20240430;100032;8159.5;27;10239332561;S
20240430;100032;8159;1;10239332616;S
20240430;100032;8159;10;10239332619;S
20240430;100032;8159.5;7;10239332629;B
20240430;100032;8159;9;10239332823;S
20240430;100032;8159;46;10239332824;S
20240430;100033;8159.5;10;10239332873;B
20240430;100033;8159.5;1;10239332902;B
20240430;100033;8159.5;1;10239332991;B
20240430;100034;8159.5;6;10239333188;B
20240430;100037;8159;1;10239333881;S
20240430;100039;8159.5;1;10239334362;B
20240430;100039;8159.5;20;10239334376;B
20240430;100039;8159.5;25;10239334416;B
20240430;100040;8159.5;7;10239334634;B
20240430;100040;8159.5;1;10239334661;B
20240430;100041;8159.5;6;10239334701;B
20240430;100041;8159;12;10239334766;S
20240430;100042;8159;17;10239334939;S
20240430;100042;8159;63;10239334940;S
20240430;100043;8159.5;2;10239335304;B
20240430;100045;8159.5;100;10239335592;B
20240430;100045;8159.5;136;10239335593;B
20240430;100045;8159.5;25;10239335594;B
20240430;100045;8159.5;119;10239335595;B
20240430;100045;8159.5;5;10239335596;B
20240430;100045;8160;11;10239335597;B
20240430;100045;8160;10;10239335598;B
20240430;100045;8160;7;10239335599;B
20240430;100045;8161.5;5;10239335600;B
20240430;100045;8161.5;1;10239335601;B
20240430;100045;8161.5;11;10239335602;B
20240430;100045;8162;140;10239335603;B
20240430;100045;8162;1;10239335604;B
20240430;100045;8162;2;10239335605;B
20240430;100045;8162;4;10239335606;B
20240430;100045;8162;15;10239335607;B
20240430;100045;8162;6;10239335608;B
20240430;100045;8162;25;10239335609;B
20240430;100045;8162;5;10239335610;B
20240430;100045;8162;5;10239335611;B
20240430;100045;8163;7;10239335612;B
20240430;100045;8163.5;2;10239335613;B
20240430;100045;8164;20;10239335614;B
20240430;100045;8164;45;10239335616;B
20240430;100045;8164;10;10239335617;B
20240430;100045;8164;3;10239335618;B
20240430;100045;8163.5;1;10239335704;S
20240430;100045;8163.5;9;10239335746;S
20240430;100045;8163.5;2;10239335747;S
20240430;100046;8162;19;10239335840;S
20240430;100046;8162;31;10239335841;S
20240430;100046;8164;37;10239335889;B
20240430;100046;8164.5;2;10239335890;B
20240430;100046;8164.5;2;10239335891;B
20240430;100046;8164.5;2;10239335892;B
20240430;100046;8164.5;19;10239335893;B
20240430;100046;8165;1;10239335894;B
20240430;100046;8165;1;10239335895;B
20240430;100046;8165;1;10239335896;B
20240430;100046;8165;1;10239335897;B
20240430;100046;8165;34;10239335898;B
20240430;100046;8165;16;10239335920;B
20240430;100046;8165;1;10239335921;B
20240430;100046;8165;2;10239335922;B
20240430;100046;8165;34;10239335923;B
20240430;100047;8165;10;10239335956;B
20240430;100047;8165;1;10239335969;B
20240430;100047;8164.5;10;10239336005;S
20240430;100048;8164.5;1;10239336137;B
20240430;100048;8164.5;10;10239336138;B
20240430;100048;8165;14;10239336139;B
20240430;100048;8165;50;10239336183;B
20240430;100048;8164;60;10239336202;S
20240430;100048;8163.5;2;10239336236;S
20240430;100048;8164.5;10;10239336243;B
20240430;100048;8164.5;20;10239336244;B
20240430;100048;8165;1;10239336256;B
20240430;100049;8164;3;10239336323;S
20240430;100050;8165;1;10239336743;B
20240430;100051;8165;1;10239336928;B
20240430;100052;8163.5;10;10239337264;S
20240430;100052;8163;45;10239337265;S
20240430;100052;8165;2;10239337267;B
20240430;100054;8164.5;27;10239337694;B
20240430;100054;8165;3;10239337695;B
20240430;100054;8165;1;10239337697;B
20240430;100054;8163.5;10;10239337700;S
20240430;100054;8165;1;10239337702;B
20240430;100055;8165;1;10239338005;B
20240430;100055;8163.5;1;10239338153;S
20240430;100056;8163.5;1;10239338185;S
20240430;100056;8163.5;1;10239338205;S
20240430;100056;8165;50;10239338267;B
20240430;100057;8165;5;10239338503;B
20240430;100058;8165;6;10239338684;B
20240430;100058;8165;25;10239338699;B
20240430;100059;8165;44;10239338826;B
20240430;100059;8165;4;10239338827;B
20240430;100059;8165;1;10239338828;B
20240430;100059;8165;23;10239338829;B
20240430;100059;8165;7;10239338830;B
20240430;100059;8165;10;10239338841;S
20240430;100100;8165;1;10239338963;S
20240430;100100;8165;1;10239339003;S
20240430;100100;8165;9;10239339116;S
20240430;100100;8165;10;10239339117;S
20240430;100100;8165;7;10239339118;S
20240430;100102;8165;1;10239339348;S
20240430;100103;8165;12;10239339582;S
20240430;100103;8164.5;19;10239339583;S
20240430;100103;8164;21;10239339584;S
20240430;100103;8164;10;10239339585;S
20240430;100104;8164;100;10239339828;B
20240430;100106;8163.5;6;10239340203;S
20240430;100107;8164;1;10239340236;B
20240430;100108;8163.5;31;10239340451;S
20240430;100108;8163.5;16;10239340452;S
20240430;100108;8163.5;78;10239340453;S
20240430;100108;8163.5;4;10239340498;S
20240430;100109;8164;3;10239340639;B
20240430;100110;8164;2;10239340755;B
20240430;100110;8164;332;10239340883;B
20240430;100110;8164;1;10239340884;B
20240430;100110;8164;10;10239340888;B
20240430;100110;8164.5;19;10239340889;B
20240430;100110;8165.5;1;10239340890;B
20240430;100110;8165.5;28;10239340891;B
20240430;100110;8166;1;10239340892;B
20240430;100110;8166;1;10239340893;B
20240430;100110;8166;1;10239340894;B
20240430;100110;8166;27;10239340895;B
20240430;100110;8166.5;112;10239340896;B
20240430;100111;8166;1;10239340955;S
20240430;100111;8166;4;10239340957;S
20240430;100111;8166;5;10239340961;S
20240430;100111;8165.5;8;10239340962;S
20240430;100111;8164.5;10;10239341010;S
20240430;100111;8164;7;10239341011;S
20240430;100113;8164.5;1;10239341232;S
20240430;100115;8166;2;10239341551;B
20240430;100115;8166;27;10239341552;B
20240430;100115;8166.5;18;10239341553;B
20240430;100115;8167;5;10239341554;B
20240430;100115;8167;1;10239341555;B
20240430;100115;8167.5;10;10239341556;B
20240430;100115;8168;1;10239341557;B
20240430;100115;8168;20;10239341558;B
20240430;100115;8168;3;10239341559;B
20240430;100115;8168;1;10239341560;B
20240430;100115;8168;3;10239341561;B
20240430;100115;8168.5;1;10239341562;B
20240430;100115;8168.5;8;10239341563;B
20240430;100115;8168;6;10239341603;S
20240430;100115;8165.5;4;10239341604;S
20240430;100115;8166.5;1;10239341613;S
20240430;100115;8168.5;3;10239341670;B
20240430;100115;8166.5;10;10239341695;S
20240430;100115;8166.5;10;10239341696;S
20240430;100116;8168;4;10239341747;B
20240430;100116;8168;6;10239341748;B
20240430;100116;8166.5;1;10239341871;S
20240430;100117;8166.5;11;10239342050;S
20240430;100118;8167;1;10239342186;B
20240430;100118;8168;1;10239342187;B
20240430;100120;8168;2;10239342507;B
20240430;100120;8168;3;10239342508;B
20240430;100120;8168;7;10239342550;B
20240430;100120;8168;3;10239342551;B
20240430;100120;8168.5;10;10239342553;B
20240430;100120;8169;1;10239342554;B
20240430;100120;8169;3;10239342555;B
20240430;100120;8169;10;10239342556;B
20240430;100120;8169;125;10239342557;B
20240430;100120;8169;1;10239342558;B
20240430;100121;8167.5;1;10239342613;S
20240430;100121;8169;1;10239342730;B
20240430;100124;8168;26;10239343234;B
20240430;100124;8168;10;10239343235;B
20240430;100124;8168;25;10239343273;S
20240430;100124;8168.5;10;10239343330;B
20240430;100124;8169;5;10239343331;B
20240430;100124;8169;49;10239343332;B
20240430;100124;8169;5;10239343333;B
20240430;100124;8169;1;10239343334;B
20240430;100124;8169.5;3;10239343335;B
20240430;100124;8169.5;55;10239343336;B
20240430;100124;8169.5;300;10239343337;B
20240430;100124;8169.5;27;10239343338;B
20240430;100124;8169.5;21;10239343339;B
20240430;100124;8170;12;10239343340;B
20240430;100124;8170;4;10239343341;B
20240430;100124;8170;1;10239343342;B
20240430;100124;8170;7;10239343343;B
20240430;100124;8170;1;10239343393;B
20240430;100125;8170;10;10239343412;B
20240430;100125;8170;5;10239343413;B
20240430;100125;8170;1;10239343414;B
20240430;100125;8170;23;10239343415;B
20240430;100125;8169;1;10239343436;S
20240430;100125;8169;7;10239343567;S
20240430;100125;8169;3;10239343568;S
20240430;100126;8169;4;10239343593;S
20240430;100126;8169;13;10239343673;B
20240430;100126;8169;4;10239343740;B
20240430;100126;8169;3;10239343741;B
20240430;100126;8169;13;10239343742;B
20240430;100126;8169.5;17;10239343743;B
20240430;100126;8169.5;17;10239343744;B
20240430;100126;8170;8;10239343745;B
20240430;100126;8170;238;10239343746;B
20240430;100127;8169.5;2;10239343839;B
20240430;100127;8169.5;33;10239343851;S
20240430;100127;8169.5;10;10239343852;S
20240430;100127;8169;23;10239343853;S
20240430;100127;8170;34;10239343944;B
20240430;100127;8170;1;10239343945;B
20240430;100127;8170;21;10239343946;B
20240430;100127;8170;1;10239343947;B
20240430;100127;8170;1;10239343948;B
20240430;100127;8170;3;10239343949;B
20240430;100127;8170;1;10239343950;B
20240430;100127;8170;1;10239343951;B
20240430;100127;8170;1;10239343952;B
20240430;100127;8170;1;10239343953;B
20240430;100127;8170;5;10239343954;B
20240430;100127;8170;1;10239343955;B
20240430;100127;8170;2;10239343956;B
20240430;100128;8170.5;10;10239343962;B
20240430;100128;8171.5;1;10239343963;B
20240430;100128;8172;1;10239343964;B
20240430;100128;8171.5;7;10239344033;S
20240430;100128;8171.5;1;10239344069;S
20240430;100128;8171.5;1;10239344071;S
20240430;100129;8172;1;10239344194;B
20240430;100129;8172;5;10239344195;B
20240430;100129;8172;25;10239344196;B
20240430;100129;8172;10;10239344197;B
20240430;100129;8172;27;10239344198;B
20240430;100129;8172.5;10;10239344199;B
20240430;100129;8172.5;9;10239344200;B
20240430;100130;8171.5;1;10239344277;S
20240430;100130;8171.5;21;10239344278;S
20240430;100130;8171;16;10239344279;S
20240430;100130;8170.5;1;10239344363;S
20240430;100130;8171;13;10239344367;B
20240430;100131;8170.5;1;10239344410;S
20240430;100131;8170.5;10;10239344411;S
20240430;100131;8170.5;40;10239344412;S
20240430;100131;8170.5;16;10239344413;S
20240430;100131;8170;287;10239344414;S
20240430;100131;8170;21;10239344415;S
20240430;100131;8170;40;10239344416;S
20240430;100131;8170;1;10239344417;S
20240430;100131;8169.5;16;10239344418;S
20240430;100131;8169.5;40;10239344419;S
20240430;100131;8169;28;10239344420;S
20240430;100133;8170.5;10;10239344714;S
20240430;100133;8170;15;10239344715;S
20240430;100135;8171;5;10239345021;B
20240430;100135;8170.5;1;10239345023;S
20240430;100135;8170;1;10239345024;S
20240430;100135;8170;4;10239345025;S
20240430;100135;8170;9;10239345026;S
20240430;100136;8170.5;7;10239345250;B
20240430;100136;8171;43;10239345251;B
20240430;100136;8170.5;1;10239345260;S
20240430;100136;8171;46;10239345261;B
20240430;100139;8171;10;10239345729;B
20240430;100140;8172;1;10239345827;B
20240430;100141;8171;10;10239345961;S
20240430;100142;8171;1;10239346074;S
20240430;100142;8171.5;1;10239346086;B
20240430;100145;8171.5;1;10239346627;B
20240430;100146;8171.5;1;10239346650;B
20240430;100147;8171.5;4;10239346928;B
20240430;100147;8171.5;4;10239346929;B
20240430;100147;8172;1;10239346930;B
20240430;100147;8172;1;10239346931;B
20240430;100148;8172;2;10239346999;B
20240430;100148;8172.5;1;10239347000;B
20240430;100148;8173;4;10239347001;B
20240430;100148;8173;1;10239347002;B
20240430;100148;8173;16;10239347003;B
20240430;100148;8173.5;5;10239347004;B
20240430;100148;8174;1;10239347005;B
20240430;100148;8172;2;10239347056;S
20240430;100148;8174;1;10239347057;B
20240430;100148;8172;2;10239347062;S
20240430;100149;8173.5;1;10239347130;B
20240430;100149;8174;1;10239347131;B
20240430;100149;8174;13;10239347132;B
20240430;100149;8174;10;10239347133;B
20240430;100149;8174;10;10239347134;B
20240430;100149;8174.5;3;10239347135;B
20240430;100149;8174.5;20;10239347136;B
20240430;100149;8174.5;2;10239347137;B
20240430;100149;8174.5;40;10239347138;B
20240430;100149;8174.5;10;10239347184;B
20240430;100149;8174.5;1;10239347187;S
20240430;100149;8174.5;2;10239347204;S
20240430;100149;8175;1;10239347209;B
20240430;100149;8175;37;10239347210;B
20240430;100150;8175;47;10239347318;B
20240430;100150;8175;1;10239347319;B
20240430;100150;8175;1;10239347320;B
20240430;100150;8175;1;10239347321;B
20240430;100150;8175;5;10239347322;B
20240430;100150;8175;8;10239347323;B
20240430;100150;8175;1;10239347324;B
20240430;100150;8175;5;10239347325;B
20240430;100150;8175;31;10239347326;B
20240430;100150;8175;50;10239347328;B
20240430;100150;8175;10;10239347345;B
20240430;100150;8174.5;5;10239347346;S
20240430;100150;8175;1;10239347359;B
20240430;100153;8175;250;10239347868;B
20240430;100154;8175;10;10239348106;B
20240430;100154;8174.5;82;10239348146;S
20240430;100154;8174.5;21;10239348147;S
20240430;100154;8174;15;10239348148;S
20240430;100154;8173;1;10239348149;S
20240430;100154;8172.5;1;10239348150;S
20240430;100154;8172.5;10;10239348151;S
20240430;100154;8172;100;10239348152;S
20240430;100154;8172;10;10239348153;S
20240430;100154;8172;48;10239348154;S
20240430;100154;8171.5;40;10239348155;S
20240430;100154;8171;40;10239348156;S
20240430;100154;8171;1;10239348157;S
20240430;100154;8170.5;45;10239348158;S
20240430;100154;8170.5;40;10239348159;S
20240430;100154;8170.5;37;10239348160;S
20240430;100154;8170.5;16;10239348161;S
20240430;100154;8170;17;10239348162;S
20240430;100154;8170;172;10239348163;S
20240430;100155;8172;10;10239348286;B
20240430;100155;8172.5;2;10239348299;B
20240430;100155;8172;5;10239348307;B
20240430;100155;8172;22;10239348331;B
20240430;100155;8172.5;14;10239348332;B
20240430;100155;8173;4;10239348333;B
20240430;100157;8173.5;4;10239348642;B
20240430;100157;8173.5;2;10239348643;B
20240430;100201;8171.5;10;10239349186;B
20240430;100201;8174;2;10239349187;B
20240430;100201;8171.5;1;10239349211;S
20240430;100202;8174;30;10239349213;B
20240430;100202;8173;1;10239349276;B
20240430;100202;8173.5;10;10239349277;B
20240430;100202;8174;10;10239349278;B
20240430;100202;8174;5;10239349279;B
20240430;100203;8171.5;9;10239349532;S
20240430;100203;8171.5;16;10239349533;S
20240430;100203;8173.5;1;10239349534;B
20240430;100204;8173;5;10239349604;B
20240430;100204;8173;5;10239349654;B
20240430;100204;8173;5;10239349655;B
20240430;100205;8172.5;7;10239349821;B
20240430;100205;8172.5;1;10239349861;B
20240430;100206;8172.5;5;10239349896;B
20240430;100206;8173;5;10239349897;B
20240430;100208;8173.5;1;10239350161;B
20240430;100208;8173.5;2;10239350162;B
20240430;100208;8173;40;10239350182;S
20240430;100208;8172.5;15;10239350183;S
20240430;100208;8171.5;9;10239350184;S
20240430;100208;8171;10;10239350185;S
20240430;100208;8171;27;10239350186;S
20240430;100208;8170.5;21;10239350187;S
20240430;100208;8170.5;1;10239350188;S
20240430;100208;8170.5;12;10239350189;S
20240430;100208;8170.5;37;10239350190;S
20240430;100208;8170;68;10239350191;S
20240430;100208;8170;1;10239350192;S
20240430;100208;8170;1;10239350193;S
20240430;100208;8170;10;10239350194;S
20240430;100208;8170;50;10239350195;S
20240430;100208;8170;2;10239350196;S
20240430;100208;8170;3;10239350197;S
20240430;100208;8170;36;10239350198;S
20240430;100208;8170;43;10239350199;S
20240430;100208;8169.5;1;10239350200;S
20240430;100208;8169.5;100;10239350201;S
20240430;100208;8169.5;16;10239350202;S
20240430;100208;8169;972;10239350203;S
20240430;100208;8169;500;10239350204;S
20240430;100208;8169;3;10239350205;S
20240430;100208;8169;12;10239350206;S
20240430;100208;8169;54;10239350207;S
20240430;100208;8169;1;10239350208;S
20240430;100208;8169;40;10239350209;S
20240430;100208;8169;1;10239350210;S
20240430;100208;8169;40;10239350211;S
20240430;100208;8168.5;40;10239350212;S
20240430;100208;8168;39;10239350213;S
20240430;100208;8168;1;10239350214;S
20240430;100208;8168;10;10239350215;S
20240430;100208;8168;40;10239350216;S
20240430;100208;8168;44;10239350217;B
20240430;100208;8168;44;10239350218;B
20240430;100208;8168;44;10239350219;B
20240430;100208;8168;44;10239350220;B
20240430;100208;8168;44;10239350221;B
20240430;100208;8168;44;10239350222;B
20240430;100208;8168;44;10239350223;B
20240430;100208;8168;44;10239350224;B
20240430;100208;8168;44;10239350225;B
20240430;100208;8168;44;10239350226;B
20240430;100208;8168;44;10239350227;B
20240430;100208;8168;44;10239350228;B
20240430;100208;8168;44;10239350229;B
20240430;100208;8168;44;10239350230;B
20240430;100208;8168;44;10239350231;B
20240430;100208;8168;7;10239350232;B
20240430;100208;8168;44;10239350233;B
20240430;100208;8168;44;10239350234;B
20240430;100208;8168;34;10239350235;B
20240430;100208;8168.5;1;10239350252;S
20240430;100208;8171;85;10239350255;B
20240430;100209;8171.5;1;10239350340;B
20240430;100209;8171.5;10;10239350378;B
20240430;100210;8170.5;1;10239350389;S
20240430;100210;8171.5;29;10239350503;B
20240430;100210;8171.5;15;10239350504;B
20240430;100210;8172;10;10239350539;B
20240430;100211;8170.5;3;10239350614;S
20240430;100212;8171;5;10239350701;B
20240430;100212;8170.5;47;10239350730;S
20240430;100212;8170;1;10239350731;S
20240430;100213;8168;10;10239350820;B
20240430;100213;8167.5;1;10239350843;S
20240430;100213;8167.5;1;10239350855;S
20240430;100214;8167.5;1;10239350946;S
20240430;100214;8167.5;27;10239350947;S
20240430;100214;8167;15;10239350948;S
20240430;100214;8165.5;11;10239350961;S
20240430;100214;8166;11;10239351051;B
20240430;100214;8166.5;15;10239351052;B
20240430;100214;8166.5;16;10239351053;B
20240430;100214;8166.5;27;10239351054;B
20240430;100214;8167;31;10239351055;B
20240430;100215;8165.5;3;10239351081;S
20240430;100215;8166.5;2;10239351109;B
20240430;100215;8165.5;4;10239351145;S
20240430;100215;8165.5;3;10239351148;S
20240430;100215;8165;14;10239351149;S
20240430;100215;8165;60;10239351150;S
20240430;100215;8165;1;10239351151;S
20240430;100215;8166.5;2;10239351157;B
20240430;100215;8166.5;1;10239351189;B
20240430;100216;8165.5;10;10239351234;S
20240430;100216;8165;9;10239351235;S
20240430;100216;8165;1;10239351236;S
20240430;100216;8165;119;10239351237;S
20240430;100217;8165.5;6;10239351408;B
20240430;100218;8165.5;4;10239351675;B
20240430;100218;8165.5;7;10239351676;B
20240430;100218;8165.5;31;10239351677;B
20240430;100218;8166;15;10239351678;B
20240430;100218;8166;1;10239351679;B
20240430;100218;8166;10;10239351680;B
20240430;100218;8166.5;1;10239351681;B
20240430;100218;8166.5;37;10239351682;B
20240430;100218;8166.5;40;10239351683;B
20240430;100218;8167;40;10239351684;B
20240430;100218;8167;3;10239351685;B
20240430;100220;8165;10;10239351991;S
20240430;100221;8165.5;1;10239352114;B
20240430;100222;8165.5;1;10239352313;B
20240430;100226;8165.5;3;10239352693;B
20240430;100226;8165.5;2;10239352694;B
20240430;100227;8165.5;1;10239352835;B
20240430;100227;8165.5;2;10239352871;B
20240430;100228;8165;10;10239352892;S
20240430;100228;8165;15;10239352893;S
20240430;100228;8165;1;10239352894;S
20240430;100228;8165;14;10239352895;S
20240430;100229;8165.5;1;10239353034;B
20240430;100229;8165.5;25;10239353053;B
20240430;100229;8165.5;10;10239353054;B
20240430;100229;8166;15;10239353055;B
20240430;100229;8167;10;10239353056;B
20240430;100229;8167;11;10239353057;B
20240430;100229;8167.5;40;10239353058;B
20240430;100229;8167.5;10;10239353059;B
20240430;100229;8168;40;10239353060;B
20240430;100229;8168.5;40;10239353061;B
20240430;100229;8169;74;10239353062;B
20240430;100229;8169;37;10239353063;B
20240430;100229;8169;21;10239353064;B
20240430;100229;8169.5;300;10239353065;B
20240430;100229;8169.5;27;10239353066;B
20240430;100229;8170.5;300;10239353067;B
20240430;100229;8170.5;10;10239353068;B
20240430;100229;8171;1;10239353069;B
20240430;100229;8171.5;1;10239353070;B
20240430;100229;8172;28;10239353071;B
20240430;100230;8171;2;10239353153;B
20240430;100233;8170;1;10239353393;B
20240430;100237;8169;1;10239353836;B
20240430;100237;8167;4;10239353955;S
20240430;100238;8168;37;10239354008;B
20240430;100238;8168.5;10;10239354009;B
20240430;100238;8168.5;14;10239354010;B
20240430;100238;8169;5;10239354011;B
20240430;100238;8169;16;10239354012;B
20240430;100238;8169.5;1;10239354013;B
20240430;100240;8166.5;10;10239354170;S
20240430;100240;8166;27;10239354171;S
20240430;100240;8166;14;10239354172;S
20240430;100240;8166;21;10239354173;S
20240430;100240;8165.5;40;10239354174;S
20240430;100240;8165;86;10239354175;S
20240430;100240;8165;50;10239354176;S
20240430;100240;8165;100;10239354177;S
20240430;100240;8165;40;10239354178;S
20240430;100240;8165;5;10239354179;S
20240430;100240;8165;7;10239354180;S
20240430;100240;8165.5;10;10239354294;S
20240430;100240;8165;16;10239354295;S
20240430;100242;8165.5;10;10239354611;S
20240430;100243;8166.5;1;10239354697;B
20240430;100244;8166.5;10;10239354867;B
20240430;100244;8166.5;2;10239354869;B
20240430;100244;8166.5;3;10239354871;B
20240430;100244;8167;2;10239354902;B
20240430;100245;8165.5;1;10239355060;S
20240430;100245;8165.5;1;10239355099;S
20240430;100250;8166;1;10239355654;B
20240430;100250;8165.5;8;10239355660;S
20240430;100250;8165.5;14;10239355661;S
20240430;100250;8165.5;27;10239355662;S
20240430;100250;8165;77;10239355663;S
20240430;100250;8165;10;10239355664;S
20240430;100250;8165;15;10239355665;S
20240430;100250;8165;10;10239355666;S
20240430;100250;8165;1;10239355667;S
20240430;100250;8165;100;10239355668;S
20240430;100250;8165;1;10239355669;S
20240430;100250;8164.5;1;10239355670;S
20240430;100250;8164.5;12;10239355671;S
20240430;100250;8164.5;1;10239355672;S
20240430;100250;8164;50;10239355673;S
20240430;100250;8163.5;2;10239355674;S
20240430;100250;8163.5;21;10239355675;S
20240430;100250;8163.5;40;10239355676;S
20240430;100250;8163;10;10239355677;S
20240430;100251;8163.5;1;10239355825;S
20240430;100251;8163.5;1;10239355830;S
20240430;100251;8164;1;10239355925;B
20240430;100251;8164;4;10239355994;B
20240430;100251;8165.5;7;10239355995;B
20240430;100252;8165;2;10239356030;B
20240430;100253;8165;8;10239356208;B
20240430;100253;8165;12;10239356209;B
20240430;100254;8165;1;10239356342;B
20240430;100254;8165;1;10239356346;B
20240430;100254;8165;35;10239356349;B
20240430;100254;8165;10;10239356350;B
20240430;100254;8165;7;10239356351;B
20240430;100254;8165;16;10239356357;B
20240430;100254;8165;1;10239356358;B
20240430;100254;8165;10;10239356359;B
20240430;100254;8165.5;50;10239356360;B
20240430;100254;8166;4;10239356361;B
20240430;100255;8163.5;2;10239356464;S
20240430;100255;8165.5;10;10239356490;B
20240430;100255;8166;9;10239356491;B
20240430;100258;8166;1;10239356830;S
20240430;100258;8165.5;9;10239356831;S
20240430;100259;8167;1;10239356937;B
20240430;100301;8167;26;10239357176;B
20240430;100301;8167;9;10239357177;B
20240430;100305;8167;1;10239358057;B
20240430;100305;8166.5;37;10239358108;S
20240430;100305;8166.5;10;10239358109;S
20240430;100305;8166;13;10239358110;S
20240430;100305;8166;32;10239358111;S
20240430;100305;8165;22;10239358112;S
20240430;100305;8165;4;10239358113;S
20240430;100305;8165;27;10239358114;S
20240430;100305;8165;5;10239358115;S
20240430;100306;8166.5;3;10239358277;B
20240430;100307;8165;10;10239358323;S
20240430;100307;8164.5;1;10239358324;S
20240430;100307;8164;37;10239358325;S
20240430;100307;8166.5;7;10239358495;B
20240430;100307;8166.5;13;10239358496;B
20240430;100307;8167;9;10239358497;B
20240430;100307;8167.5;40;10239358498;B
20240430;100307;8167.5;21;10239358499;B
20240430;100307;8168;40;10239358500;B
20240430;100307;8168;1;10239358501;B
20240430;100307;8168.5;40;10239358502;B
20240430;100307;8169;27;10239358503;B
20240430;100307;8169.5;94;10239358504;B
20240430;100308;8167.5;10;10239358580;S
20240430;100308;8167;37;10239358581;S
20240430;100308;8167;13;10239358582;S
20240430;100308;8167;5;10239358583;S
20240430;100308;8169;1;10239358598;B
20240430;100309;8169;9;10239358702;B
20240430;100309;8169.5;16;10239358703;B
20240430;100311;8169.5;3;10239358921;B
20240430;100311;8169.5;5;10239358937;B
20240430;100311;8167.5;1;10239358951;S
20240430;100312;8167.5;36;10239359024;S
20240430;100312;8167.5;10;10239359025;S
20240430;100312;8166.5;13;10239359026;S
20240430;100312;8166.5;27;10239359027;S
20240430;100312;8166;74;10239359028;S
20240430;100312;8166;40;10239359029;B
20240430;100312;8166.5;10;10239359151;S
20240430;100312;8166;27;10239359152;S
20240430;100312;8165.5;16;10239359153;S
20240430;100312;8165.5;40;10239359154;S
20240430;100312;8165.5;13;10239359155;S
20240430;100312;8165;40;10239359156;S
20240430;100312;8164.5;40;10239359157;S
20240430;100312;8164;27;10239359158;S
20240430;100312;8164;74;10239359159;S
20240430;100312;8163.5;10;10239359160;S
20240430;100312;8163.5;8;10239359161;S
20240430;100312;8163.5;1;10239359162;S
20240430;100312;8163.5;1;10239359163;S
20240430;100312;8163.5;21;10239359164;S
20240430;100312;8163;122;10239359165;S
20240430;100313;8164;10;10239359367;S
20240430;100313;8163.5;3;10239359368;S
20240430;100316;8164;1;10239359994;B
20240430;100316;8164;1;10239360285;B
20240430;100316;8164;4;10239360286;B
20240430;100317;8163.5;1;10239360446;S
20240430;100318;8163.5;1;10239360595;S
20240430;100318;8164.5;27;10239360597;B
20240430;100318;8165;2;10239360598;B
20240430;100318;8165;21;10239360599;B
20240430;100318;8165;12;10239360600;B
20240430;100318;8165;10;10239360601;B
20240430;100318;8165.5;37;10239360602;B
20240430;100318;8166;31;10239360603;B
20240430;100318;8163.5;1;10239360650;S
20240430;100318;8163.5;1;10239360670;S
20240430;100319;8163.5;1;10239360688;S
20240430;100319;8163.5;1;10239360716;S
20240430;100320;8163.5;1;10239360782;S
20240430;100320;8163.5;1;10239360845;S
20240430;100321;8163.5;1;10239360964;S
20240430;100321;8163.5;1;10239361026;S
20240430;100321;8163.5;1;10239361079;S
20240430;100323;8163.5;7;10239361378;S
20240430;100324;8163.5;2;10239361455;S
20240430;100324;8163.5;3;10239361576;S
20240430;100325;8164;1;10239361641;B
20240430;100325;8163.5;10;10239361740;S
20240430;100325;8163;9;10239361741;S
20240430;100326;8163.5;27;10239361768;S
20240430;100326;8163.5;5;10239361777;B
20240430;100326;8163.5;4;10239361814;B
20240430;100326;8163.5;128;10239361818;B
20240430;100326;8163.5;12;10239361819;B
20240430;100326;8163.5;10;10239361820;B
20240430;100326;8164;16;10239361821;B
20240430;100326;8164.5;21;10239361822;B
20240430;100326;8164.5;37;10239361823;B
20240430;100326;8165;1;10239361824;B
20240430;100326;8165;100;10239361825;B
20240430;100326;8165.5;40;10239361826;B
20240430;100326;8166;91;10239361827;B
20240430;100326;8163.5;10;10239361838;S
20240430;100326;8163.5;12;10239361839;S
20240430;100326;8163;75;10239361840;S
20240430;100326;8163;23;10239361841;S
20240430;100328;8165.5;10;10239362057;B
20240430;100328;8165.5;37;10239362058;B
20240430;100328;8165.5;16;10239362059;B
20240430;100328;8166;78;10239362060;B
20240430;100328;8166.5;12;10239362061;B
20240430;100328;8167;40;10239362062;B
20240430;100328;8167;21;10239362063;B
20240430;100328;8167.5;40;10239362064;B
20240430;100328;8167.5;27;10239362065;B
20240430;100328;8168;1;10239362066;B
20240430;100328;8168;40;10239362067;B
20240430;100328;8168.5;2;10239362068;B
20240430;100328;8169;1;10239362069;B
20240430;100328;8169;35;10239362070;B
20240430;100328;8169.5;31;10239362071;B
20240430;100328;8169.5;2;10239362072;B
20240430;100328;8169.5;18;10239362073;B
20240430;100328;8169.5;74;10239362074;B
20240430;100328;8170;19;10239362075;B
20240430;100328;8170;1;10239362076;B
20240430;100328;8170;1;10239362077;B
20240430;100328;8170;1;10239362078;B
20240430;100328;8170;10;10239362079;B
20240430;100328;8170;50;10239362080;B
20240430;100328;8170;3;10239362081;B
20240430;100328;8170;1;10239362082;B
20240430;100328;8170;12;10239362083;B
20240430;100328;8170;37;10239362084;B
20240430;100328;8171;2;10239362085;B
20240430;100328;8171;300;10239362086;B
20240430;100328;8171.5;12;10239362087;B
20240430;100328;8171.5;48;10239362088;B
20240430;100328;8172;1;10239362089;B
20240430;100328;8172;10;10239362090;B
20240430;100328;8172.5;2;10239362091;B
20240430;100328;8173;1;10239362092;B
20240430;100328;8173;10;10239362093;B
20240430;100328;8173;140;10239362094;B
20240430;100328;8173;12;10239362095;B
20240430;100328;8173.5;50;10239362096;B
20240430;100328;8173.5;1;10239362097;B
20240430;100328;8173.5;1;10239362098;B
20240430;100328;8173.5;300;10239362099;B
20240430;100328;8174;148;10239362100;B
20240430;100328;8174;1;10239362101;B
20240430;100328;8174;1;10239362102;B
20240430;100328;8175;30;10239362103;B
20240430;100328;8173;2;10239362173;B
20240430;100329;8169.5;10;10239362233;S
20240430;100329;8169;1;10239362234;S
20240430;100329;8169.5;1;10239362271;S
20240430;100330;8170;2;10239362456;B
20240430;100330;8170;2;10239362457;B
20240430;100330;8170;2;10239362458;B
20240430;100330;8170;10;10239362459;S
20240430;100330;8170;283;10239362463;S
20240430;100330;8169.5;10;10239362464;S
20240430;100330;8169;12;10239362465;S
20240430;100330;8168;17;10239362466;S
20240430;100330;8167.5;1;10239362467;S
20240430;100330;8167.5;21;10239362468;S
20240430;100330;8167;40;10239362469;S
20240430;100330;8167;27;10239362470;S
20240430;100330;8166.5;19;10239362471;S
20240430;100331;8166;1;10239362641;S
20240430;100331;8166;1;10239362695;S
20240430;100331;8167;12;10239362697;B
20240430;100331;8167.5;1;10239362698;B
20240430;100332;8166;1;10239362761;S
20240430;100332;8166;4;10239362788;S
20240430;100333;8168.5;1;10239362853;B
20240430;100333;8166;6;10239362858;S
20240430;100333;8165.5;8;10239362859;S
20240430;100333;8165.5;12;10239362860;S
20240430;100333;8165;40;10239362861;S
20240430;100333;8165;27;10239362862;S
20240430;100333;8164.5;40;10239362863;S
20240430;100333;8164.5;80;10239362864;S
20240430;100333;8164;40;10239362865;S
20240430;100333;8163;1;10239362866;S
20240430;100333;8163;10;10239362867;S
20240430;100333;8162.5;12;10239362868;S
20240430;100333;8162;1;10239362869;S
20240430;100333;8162;18;10239362870;S
20240430;100334;8163;10;10239363029;S
20240430;100334;8163;25;10239363030;S
20240430;100334;8163;10;10239363035;S
20240430;100334;8162.5;4;10239363036;S
20240430;100335;8162.5;8;10239363068;S
20240430;100335;8162;8;10239363069;S
20240430;100337;8163.5;1;10239363488;B
20240430;100337;8165.5;6;10239363489;B
20240430;100338;8163.5;11;10239363703;S
20240430;100338;8163.5;10;10239363704;S
20240430;100338;8163;10;10239363705;S
20240430;100338;8162.5;12;10239363706;S
20240430;100338;8162.5;4;10239363707;S
20240430;100338;8162;4;10239363708;S
20240430;100338;8162;3;10239363709;S
20240430;100338;8162;40;10239363710;S
20240430;100338;8162;1;10239363711;S
20240430;100338;8161.5;40;10239363712;S
20240430;100338;8161.5;74;10239363713;S
20240430;100338;8161;40;10239363714;S
20240430;100338;8161;50;10239363715;S
20240430;100338;8161;21;10239363716;S
20240430;100338;8161;27;10239363717;S
20240430;100338;8160.5;1;10239363718;S
20240430;100338;8160.5;7;10239363719;S
20240430;100338;8160.5;5;10239363720;S
20240430;100338;8160.5;24;10239363721;S
20240430;100338;8160;1;10239363722;S
20240430;100338;8160;1;10239363723;S
20240430;100338;8160;10;10239363724;S
20240430;100338;8160;4;10239363725;S
20240430;100338;8161;1;10239363739;S
20240430;100340;8160.5;2;10239363901;S
20240430;100340;8160.5;3;10239363902;S
20240430;100340;8162;24;10239363907;B
20240430;100340;8160.5;5;10239363931;S
20240430;100340;8160.5;1;10239363932;S
20240430;100340;8160.5;2;10239363940;S
20240430;100340;8160.5;1;10239363959;S
20240430;100340;8160.5;1;10239363960;S
20240430;100340;8160;4;10239363961;S
20240430;100340;8160.5;1;10239363969;S
20240430;100340;8160.5;11;10239363970;S
20240430;100340;8160.5;1;10239363971;S
20240430;100340;8160;2;10239363972;S
20240430;100340;8160;4;10239363973;S
20240430;100340;8160;1;10239363974;S
20240430;100340;8160;5;10239363975;S
20240430;100340;8160;500;10239363976;S
20240430;100340;8160;1;10239363977;S
20240430;100340;8160;5;10239363978;S
20240430;100340;8159.5;11;10239363979;S
20240430;100340;8159;2;10239363980;S
20240430;100340;8159;7;10239363981;S
20240430;100340;8159;40;10239363982;S
20240430;100340;8158.5;70;10239363983;S
20240430;100340;8158.5;27;10239363984;S
20240430;100340;8158.5;40;10239363985;S
20240430;100340;8158;7;10239363986;S
20240430;100340;8158;2;10239363987;S
20240430;100340;8158;1;10239363988;S
20240430;100340;8158;21;10239363989;S
20240430;100340;8158;40;10239363990;S
20240430;100340;8157.5;12;10239363991;S
20240430;100340;8157;50;10239363992;S
20240430;100340;8156.5;1;10239363993;S
20240430;100340;8156;7;10239363994;S
20240430;100340;8156;5;10239363995;S
20240430;100340;8155.5;10;10239363996;S
20240430;100340;8155.5;1;10239363997;S
20240430;100340;8155.5;5;10239363998;S
20240430;100340;8155.5;170;10239363999;S
20240430;100340;8155;1;10239364000;S
20240430;100340;8155;1;10239364001;S
20240430;100340;8155;500;10239364002;S
20240430;100340;8155;100;10239364003;S
20240430;100340;8155;1;10239364004;S
20240430;100340;8155;3;10239364005;S
20240430;100340;8155;10;10239364006;S
20240430;100340;8155;10;10239364007;S
20240430;100340;8155;300;10239364008;S
20240430;100340;8154.5;15;10239364009;S
20240430;100340;8155;12;10239364038;S
20240430;100340;8154.5;12;10239364039;S
20240430;100340;8154.5;11;10239364040;S
20240430;100340;8153.5;7;10239364041;S
20240430;100340;8153.5;33;10239364042;S
20240430;100340;8154;12;10239364046;S
20240430;100340;8153.5;38;10239364047;S
20240430;100340;8154;4;10239364050;S
20240430;100340;8154;2;10239364069;S
20240430;100341;8157;7;10239364096;B
20240430;100341;8154;1;10239364146;S
20240430;100341;8157;3;10239364164;B
20240430;100341;8157;7;10239364165;B
20240430;100341;8154;1;10239364196;S
20240430;100343;8154;4;10239364454;S
20240430;100343;8154;21;10239364455;S
20240430;100343;8154;29;10239364539;S
20240430;100343;8154;11;10239364540;S
20240430;100343;8154;12;10239364541;S
20240430;100343;8153.5;28;10239364542;S
20240430;100343;8153;5;10239364543;S
20240430;100343;8153;43;10239364544;S
20240430;100343;8153;15;10239364545;S
20240430;100343;8152.5;1;10239364546;S
20240430;100343;8152.5;1;10239364547;S
20240430;100343;8152.5;1;10239364548;S
20240430;100343;8152;1;10239364549;S
20240430;100343;8152;1;10239364550;S
20240430;100343;8152;1;10239364551;S
20240430;100343;8152;1;10239364552;S
20240430;100344;8152.5;6;10239364571;S
20240430;100344;8152.5;3;10239364589;S
20240430;100344;8152.5;3;10239364591;S
20240430;100344;8152;3;10239364592;S
20240430;100344;8152;10;10239364593;S
20240430;100344;8152;11;10239364594;S
20240430;100344;8152;2;10239364595;S
20240430;100344;8152;1;10239364596;S
20240430;100344;8152;5;10239364597;S
20240430;100344;8152;1;10239364598;S
20240430;100344;8152;25;10239364599;S
20240430;100344;8152;6;10239364600;S
20240430;100344;8152;12;10239364601;S
20240430;100344;8152;1;10239364602;S
20240430;100344;8152;10;10239364603;S
20240430;100344;8152;7;10239364604;S
20240430;100344;8152;1;10239364605;S
20240430;100344;8152;3;10239364606;S
20240430;100344;8152;4;10239364607;S
20240430;100344;8152;10;10239364608;S
20240430;100344;8152;13;10239364609;S
20240430;100344;8152;1;10239364610;S
20240430;100344;8152;1;10239364611;S
20240430;100344;8152;7;10239364612;S
20240430;100344;8152;62;10239364613;S
20240430;100344;8152;78;10239364722;S
20240430;100344;8152;6;10239364723;S
20240430;100344;8152;2;10239364724;S
20240430;100344;8152;1;10239364725;S
20240430;100344;8152;13;10239364726;S
20240430;100345;8153.5;10;10239364776;B
20240430;100345;8153.5;18;10239364777;B
20240430;100345;8152;4;10239364782;S
20240430;100345;8152;13;10239364783;S
20240430;100345;8152;37;10239364784;S
20240430;100345;8151.5;5;10239364785;S
20240430;100345;8151.5;1;10239364786;S
20240430;100345;8151.5;40;10239364787;S
20240430;100345;8153.5;1;10239364788;B
20240430;100345;8151.5;10;10239364792;S
20240430;100345;8151.5;10;10239364793;S
20240430;100345;8151.5;16;10239364794;S
20240430;100345;8151;91;10239364795;S
20240430;100345;8151;1;10239364796;S
20240430;100345;8151.5;6;10239364852;S
20240430;100346;8151.5;4;10239364893;S
20240430;100346;8151.5;39;10239364894;S
20240430;100346;8151;7;10239364895;S
20240430;100346;8151.5;13;10239364954;S
20240430;100346;8151;33;10239364955;S
20240430;100347;8151;18;10239364979;S
20240430;100347;8151;100;10239364988;S
20240430;100347;8151;30;10239365094;S
20240430;100347;8152.5;1;10239365099;B
20240430;100347;8152.5;21;10239365100;B
20240430;100347;8152.5;10;10239365101;B
20240430;100347;8153.5;8;10239365102;B
20240430;100347;8153.5;11;10239365103;B
20240430;100347;8154;1;10239365104;B
20240430;100347;8154;48;10239365105;B
20240430;100347;8155.5;37;10239365106;B
20240430;100347;8155.5;16;10239365107;B
20240430;100347;8156;40;10239365108;B
20240430;100347;8156.5;40;10239365109;B
20240430;100347;8157;40;10239365110;B
20240430;100347;8158.5;2;10239365111;B
20240430;100347;8159;35;10239365112;B
20240430;100347;8156;1;10239365113;B
20240430;100347;8152;1;10239365124;S
20240430;100348;8156;9;10239365167;B
20240430;100348;8156.5;21;10239365168;B
20240430;100348;8157;24;10239365169;B
20240430;100348;8153;10;10239365181;S
20240430;100348;8153;17;10239365182;S
20240430;100348;8152.5;23;10239365183;S
20240430;100348;8152.5;2;10239365225;S
20240430;100348;8152.5;8;10239365232;S
20240430;100348;8152.5;6;10239365233;S
20240430;100349;8152.5;3;10239365302;S
20240430;100349;8152;35;10239365303;S
20240430;100349;8152;4;10239365337;S
20240430;100349;8151.5;40;10239365338;S
20240430;100349;8151.5;6;10239365339;S
20240430;100350;8155.5;1;10239365448;B
20240430;100351;8152;11;10239365577;S
20240430;100351;8151.5;1;10239365578;S
20240430;100351;8151.5;2;10239365579;S
20240430;100351;8151;9;10239365580;S
20240430;100351;8151.5;1;10239365662;S
20240430;100351;8151;7;10239365663;S
20240430;100351;8151.5;1;10239365680;S
20240430;100351;8151;49;10239365681;S
20240430;100352;8151.5;1;10239365791;S
20240430;100352;8151;6;10239365792;S
20240430;100352;8151;38;10239365848;S
20240430;100352;8151;20;10239365849;S
20240430;100353;8151;20;10239365893;S
20240430;100353;8151;40;10239365966;S
20240430;100354;8151;31;10239366005;S
20240430;100354;8151;10;10239366006;S
20240430;100354;8151;5;10239366007;S
20240430;100354;8151;4;10239366008;S
20240430;100354;8151;2;10239366051;S
20240430;100354;8151;1;10239366052;S
20240430;100354;8151;27;10239366053;S
20240430;100354;8151;73;10239366079;S
20240430;100354;8151;24;10239366080;S
20240430;100354;8151;5;10239366081;S
20240430;100354;8150.5;11;10239366082;S
20240430;100354;8150;50;10239366083;S
20240430;100354;8150;10;10239366084;S
20240430;100354;8150;1;10239366085;S
20240430;100354;8150;1;10239366086;S
20240430;100354;8150;4;10239366087;S
20240430;100354;8150;271;10239366088;S
20240430;100355;8150;5;10239366186;S
20240430;100355;8150;6;10239366197;S
20240430;100355;8150;3;10239366203;S
20240430;100355;8150;22;10239366213;S
20240430;100355;8150;182;10239366215;S
20240430;100355;8150;1;10239366216;S
20240430;100355;8150;2;10239366217;S
20240430;100355;8150;1;10239366218;S
20240430;100355;8150;1;10239366219;S
20240430;100355;8150;2;10239366220;S
20240430;100355;8150;1;10239366221;S
20240430;100355;8150;100;10239366222;S
20240430;100355;8150;1;10239366223;S
20240430;100355;8150;24;10239366224;S
20240430;100355;8150;1;10239366225;S
20240430;100355;8150;1;10239366226;S
20240430;100355;8150;1;10239366227;S
20240430;100355;8150;1;10239366228;S
20240430;100355;8150;10;10239366229;S
20240430;100355;8150;688;10239366230;S
20240430;100355;8150;60;10239366231;S
20240430;100355;8150;50;10239366232;S
20240430;100355;8150;496;10239366233;S
20240430;100355;8150;4;10239366234;S
20240430;100355;8150;50;10239366350;S
20240430;100355;8150;1;10239366357;S
20240430;100355;8150;30;10239366358;S
20240430;100355;8150;143;10239366369;S
20240430;100355;8150;42;10239366379;S
20240430;100355;8149.5;1;10239366380;S
20240430;100355;8149.5;2;10239366381;S
20240430;100355;8149.5;3;10239366384;S
20240430;100355;8149.5;1;10239366385;S
20240430;100355;8149.5;1;10239366386;S
20240430;100355;8149.5;60;10239366387;S
20240430;100355;8149.5;115;10239366388;S
20240430;100355;8149.5;35;10239366391;S
20240430;100355;8149.5;1;10239366392;S
20240430;100355;8148.5;12;10239366393;S
20240430;100355;8148;2;10239366394;S
20240430;100355;8148;3;10239366407;S
20240430;100356;8148;95;10239366420;S
20240430;100356;8148;1;10239366421;S
20240430;100356;8147;1;10239366422;S
20240430;100356;8147;10;10239366423;S
20240430;100356;8147;1;10239366424;S
20240430;100356;8146.5;1;10239366425;S
20240430;100356;8146.5;12;10239366426;S
20240430;100356;8146;1;10239366427;S
20240430;100356;8146;5;10239366428;S
20240430;100356;8146;5;10239366429;S
20240430;100356;8146;1;10239366430;S
20240430;100356;8146;1;10239366431;S
20240430;100356;8145.5;1;10239366432;S
20240430;100356;8145.5;1;10239366433;S
20240430;100356;8145.5;7;10239366434;S
20240430;100356;8145.5;30;10239366455;S
20240430;100356;8145;1;10239366456;S
20240430;100356;8145;1;10239366457;S
20240430;100356;8145;5;10239366458;S
20240430;100356;8145;5;10239366461;S
20240430;100356;8145;10;10239366462;S
20240430;100356;8145;5;10239366463;S
20240430;100356;8145;1;10239366464;S
20240430;100356;8145;11;10239366465;S
20240430;100356;8145;3;10239366466;S
20240430;100356;8145.5;24;10239366508;S
20240430;100356;8145;6;10239366509;S
20240430;100356;8145;2;10239366510;S
20240430;100356;8145;1;10239366511;S
20240430;100356;8145;5;10239366512;S
20240430;100356;8145;13;10239366515;S
20240430;100356;8145;4;10239366526;S
20240430;100356;8145;15;10239366527;S
20240430;100356;8145;8;10239366528;S
20240430;100356;8145;1;10239366529;S
20240430;100356;8145;25;10239366535;S
20240430;100356;8145.5;1;10239366544;S
20240430;100356;8145;23;10239366545;S
20240430;100357;8145;5;10239366597;S
20240430;100358;8145;100;10239366723;S
20240430;100358;8145;200;10239366734;S
20240430;100358;8145;1;10239366735;S
20240430;100358;8144.5;1;10239366736;S
20240430;100358;8144.5;1;10239366737;S
20240430;100358;8144.5;3;10239366738;S
20240430;100358;8144;1;10239366746;S
20240430;100358;8144;1;10239366747;S
20240430;100358;8144;7;10239366761;S
20240430;100358;8144;2;10239366762;S
20240430;100358;8144;1;10239366763;S
20240430;100358;8144;5;10239366764;S
20240430;100358;8144;2;10239366765;S
20240430;100358;8143.5;1;10239366771;S
20240430;100358;8143.5;1;10239366772;S
20240430;100358;8143.5;3;10239366773;S
20240430;100359;8143.5;1;10239366774;S
20240430;100359;8143.5;6;10239366777;S
20240430;100359;8143.5;15;10239366778;S
20240430;100359;8143;1;10239366779;S
20240430;100359;8143;10;10239366780;S
20240430;100359;8143;5;10239366781;S
20240430;100359;8143;3;10239366782;S
20240430;100359;8143;12;10239366783;S
20240430;100359;8142.5;1;10239366784;S
20240430;100359;8142.5;10;10239366785;S
20240430;100359;8142.5;4;10239366786;S
20240430;100359;8142.5;7;10239366788;S
20240430;100359;8142.5;1;10239366800;S
20240430;100359;8144;10;10239366847;B
20240430;100359;8144;40;10239366848;B
20240430;100359;8142.5;20;10239366857;S
20240430;100400;8142.5;23;10239366920;S
20240430;100400;8142;1;10239366928;S
20240430;100400;8142.5;1;10239366933;B
20240430;100400;8142;10;10239366938;S
20240430;100400;8142;71;10239366939;S
20240430;100400;8142;76;10239366940;S
20240430;100400;8142;5;10239366941;S
20240430;100400;8142;14;10239366942;S
20240430;100400;8142;1;10239366943;S
20240430;100400;8142;1;10239366944;S
20240430;100400;8142;2;10239366945;S
20240430;100400;8142;12;10239366946;S
20240430;100400;8141.5;1;10239366947;S
20240430;100400;8141.5;27;10239366948;S
20240430;100400;8141;1;10239366949;S
20240430;100400;8141;10;10239366950;S
20240430;100400;8141;1;10239366951;S
20240430;100400;8141;25;10239366952;S
20240430;100400;8140.5;1;10239366953;S
20240430;100400;8140.5;5;10239366954;S
20240430;100400;8140.5;10;10239366955;S
20240430;100400;8140.5;16;10239366956;S
20240430;100400;8140.5;37;10239366957;S
20240430;100400;8140;1;10239366958;S
20240430;100400;8140;10;10239366959;S
20240430;100400;8140;10;10239366960;S
20240430;100400;8140;6;10239366961;S
20240430;100400;8140;67;10239366962;S
20240430;100400;8140.5;3;10239366963;S
20240430;100400;8140.5;6;10239366964;S
20240430;100400;8140.5;1;10239366965;S
20240430;100400;8140.5;13;10239366986;S
20240430;100400;8140;87;10239366987;S
20240430;100400;8140;146;10239366992;S
20240430;100400;8140;10;10239366993;S
20240430;100400;8140;24;10239366994;S
20240430;100400;8140;100;10239366995;S
20240430;100400;8140;1;10239366996;S
20240430;100400;8139.5;10;10239366997;S
20240430;100400;8139.5;2;10239366998;S
20240430;100400;8139;1;10239366999;S
20240430;100400;8139;30;10239367000;S
20240430;100400;8139;70;10239367001;S
20240430;100400;8138.5;2;10239367002;S
20240430;100400;8137.5;15;10239367003;S
20240430;100400;8137;1;10239367004;S
20240430;100400;8137;1;10239367005;S
20240430;100400;8137;10;10239367006;S
20240430;100400;8136.5;12;10239367007;S
20240430;100400;8136.5;16;10239367008;S
20240430;100400;8136;10;10239367009;S
20240430;100400;8136;40;10239367010;S
20240430;100400;8138;4;10239367071;B
20240430;100400;8135.5;5;10239367124;S
20240430;100400;8135;1;10239367125;S
20240430;100400;8135;1;10239367126;S
20240430;100400;8133.5;3;10239367127;S
20240430;100400;8133.5;8;10239367128;S
20240430;100400;8133.5;2;10239367129;S
20240430;100400;8133.5;2;10239367130;S
20240430;100400;8133.5;1;10239367131;B
20240430;100400;8133.5;10;10239367132;B
20240430;100400;8133.5;1;10239367133;B
20240430;100400;8133.5;11;10239367134;B
20240430;100400;8133.5;9;10239367135;B
20240430;100400;8133.5;10;10239367136;S
20240430;100400;8133.5;31;10239367137;B
20240430;100400;8133.5;31;10239367138;B
20240430;100400;8133.5;20;10239367139;B
20240430;100400;8133.5;20;10239367140;B
20240430;100400;8133.5;9;10239367141;B
20240430;100400;8133.5;9;10239367142;B
20240430;100400;8133.5;10;10239367143;B
20240430;100400;8133;3;10239367150;S
20240430;100400;8133;6;10239367151;S
20240430;100400;8133;37;10239367152;S
20240430;100400;8133.5;1;10239367177;B
20240430;100400;8133;1;10239367178;S
20240430;100400;8133;25;10239367179;S
20240430;100400;8133;10;10239367185;S
20240430;100400;8133;141;10239367188;S
20240430;100400;8133;1;10239367189;S
20240430;100400;8132.5;1;10239367190;S
20240430;100400;8132.5;1;10239367191;S
20240430;100400;8132.5;12;10239367192;S
20240430;100400;8132;1;10239367193;S
20240430;100400;8132;5;10239367194;S
20240430;100400;8131;3;10239367195;S
20240430;100400;8131;70;10239367196;S
20240430;100400;8130.5;7;10239367197;S
20240430;100400;8130.5;21;10239367198;S
20240430;100400;8130.5;37;10239367199;S
20240430;100400;8130;1;10239367200;S
20240430;100400;8130;1000;10239367201;S
20240430;100400;8130;1;10239367202;S
20240430;100400;8130;1;10239367203;S
20240430;100400;8130;200;10239367204;S
20240430;100400;8130;10;10239367205;S
20240430;100400;8130;1;10239367206;S
20240430;100400;8130;5;10239367207;S
20240430;100400;8129.5;1;10239367208;S
20240430;100400;8129.5;1;10239367209;S
20240430;100400;8129.5;1;10239367210;S
20240430;100400;8129.5;12;10239367211;S
20240430;100400;8129;5;10239367212;S
20240430;100400;8129;1;10239367213;S
20240430;100400;8129;1;10239367214;S
20240430;100400;8129;1;10239367215;S
20240430;100400;8129;1;10239367216;S
20240430;100400;8129;157;10239367217;S
20240430;100401;8128.5;1;10239367236;S
20240430;100401;8128.5;1;10239367237;S
20240430;100401;8129;10;10239367238;B
20240430;100401;8129;10;10239367241;S
20240430;100401;8128.5;10;10239367242;S
20240430;100401;8130;1;10239367245;S
20240430;100401;8128.5;24;10239367246;S
20240430;100401;8129;1;10239367248;S
20240430;100401;8128.5;3;10239367249;S
20240430;100401;8129;1;10239367266;S
20240430;100401;8129;1;10239367269;S
20240430;100401;8129.5;4;10239367270;B
20240430;100401;8129.5;8;10239367271;B
20240430;100401;8129;2;10239367323;S
20240430;100401;8129;25;10239367326;S
20240430;100401;8129.5;20;10239367327;B
20240430;100401;8129.5;16;10239367328;B
20240430;100401;8129.5;1;10239367346;B
20240430;100401;8129.5;50;10239367347;B
20240430;100401;8129.5;100;10239367354;B
20240430;100401;8129.5;5;10239367361;B
20240430;100401;8129.5;20;10239367372;B
20240430;100401;8129.5;2;10239367373;B
20240430;100401;8129;5;10239367374;S
20240430;100401;8129;5;10239367377;S
20240430;100401;8129;5;10239367378;S
20240430;100401;8129;1;10239367379;S
20240430;100401;8129;2;10239367380;S
20240430;100401;8129;1;10239367381;S
20240430;100401;8129;12;10239367382;S
20240430;100401;8129;3;10239367383;S
20240430;100401;8129;7;10239367386;S
20240430;100401;8129;1;10239367388;S
20240430;100401;8129;1;10239367389;S
20240430;100401;8128.5;7;10239367390;S
20240430;100401;8128.5;2;10239367391;S
20240430;100401;8128.5;1;10239367392;S
20240430;100401;8128.5;1;10239367400;S
20240430;100401;8128.5;5;10239367401;S
20240430;100401;8128.5;3;10239367403;S
20240430;100401;8128.5;2;10239367404;S
20240430;100401;8128.5;25;10239367405;S
20240430;100401;8128.5;2;10239367406;S
20240430;100401;8128.5;6;10239367407;S
20240430;100401;8128.5;2;10239367408;S
20240430;100401;8128.5;1;10239367409;S
20240430;100401;8128.5;1;10239367410;S
20240430;100401;8128.5;3;10239367411;S
20240430;100401;8128.5;34;10239367415;S
20240430;100401;8128.5;12;10239367416;S
20240430;100401;8128;1;10239367417;S
20240430;100401;8128;1;10239367418;S
20240430;100401;8128;8;10239367419;S
20240430;100401;8128;10;10239367420;S
20240430;100401;8128;20;10239367421;S
20240430;100401;8128;1;10239367422;S
20240430;100401;8128;13;10239367423;S
20240430;100401;8127.5;1;10239367424;S
20240430;100401;8127.5;1;10239367425;S
20240430;100401;8127.5;9;10239367426;S
20240430;100401;8127.5;16;10239367427;S
20240430;100401;8127;12;10239367428;S
20240430;100401;8127;20;10239367429;S
20240430;100401;8127;118;10239367430;S
20240430;100401;8127;15;10239367431;S
20240430;100401;8127;1;10239367432;S
20240430;100401;8127;1;10239367433;S
20240430;100401;8126.5;1;10239367434;S
20240430;100401;8126.5;1;10239367435;S
20240430;100401;8126.5;1;10239367436;S
20240430;100401;8126.5;12;10239367437;S
20240430;100401;8127.5;37;10239367438;S
20240430;100401;8126.5;8;10239367439;S
20240430;100401;8126.5;70;10239367440;S
20240430;100401;8126;1;10239367441;S
20240430;100401;8125.5;1;10239367442;S
20240430;100401;8125;1;10239367443;S
20240430;100401;8125;1;10239367444;S
20240430;100401;8125;1;10239367445;S
20240430;100401;8125;10;10239367446;S
20240430;100401;8125;16;10239367447;S
20240430;100401;8124;1;10239367448;S
20240430;100401;8124;2;10239367449;S
20240430;100401;8124;5;10239367450;S
20240430;100401;8124;11;10239367451;S
20240430;100401;8125.5;10;10239367452;S
20240430;100401;8123.5;1;10239367456;S
20240430;100401;8123.5;9;10239367457;S
20240430;100401;8125.5;1;10239367462;B
20240430;100401;8123.5;10;10239367463;S
20240430;100401;8123.5;1;10239367464;S
20240430;100402;8123.5;2;10239367468;S
20240430;100402;8123.5;24;10239367469;S
20240430;100402;8123.5;16;10239367470;S
20240430;100402;8123;1;10239367471;S
20240430;100402;8123;9;10239367472;S
20240430;100402;8123.5;4;10239367479;S
20240430;100402;8123.5;14;10239367480;S
20240430;100402;8123;2;10239367495;S
20240430;100402;8125.5;28;10239367505;B
20240430;100402;8124.5;1;10239367526;S
20240430;100402;8123;3;10239367538;S
20240430;100402;8125;2;10239367551;S
20240430;100402;8125;1;10239367565;S
20240430;100402;8123;1;10239367566;S
20240430;100402;8125;24;10239367568;S
20240430;100402;8123;6;10239367569;S
20240430;100402;8123;3;10239367570;S
20240430;100402;8123;1;10239367578;S
20240430;100402;8123;5;10239367579;S
20240430;100402;8123;1;10239367584;S
20240430;100402;8125;50;10239367589;S
20240430;100403;8123;2;10239367609;S
20240430;100403;8123;35;10239367615;S
20240430;100403;8123;2;10239367619;S
20240430;100403;8123;1;10239367690;S
20240430;100403;8123;14;10239367691;S
20240430;100404;8124;1;10239367767;B
20240430;100404;8124;9;10239367806;B
20240430;100404;8124;40;10239367807;B
20240430;100404;8124;247;10239367808;B
20240430;100404;8124;21;10239367809;B
20240430;100404;8124;12;10239367810;B
20240430;100404;8124.5;85;10239367811;B
20240430;100404;8124.5;40;10239367812;B
20240430;100404;8125;40;10239367813;B
20240430;100404;8125;11;10239367814;B
20240430;100404;8125;5;10239367815;B
20240430;100404;8126;45;10239367816;B
20240430;100405;8125.5;1;10239367845;B
20240430;100405;8125.5;5;10239367851;B
20240430;100405;8125.5;4;10239367852;B
20240430;100405;8126;1;10239367853;B
20240430;100405;8126;4;10239367928;B
20240430;100405;8126;30;10239367931;B
20240430;100405;8126;1;10239367941;B
20240430;100405;8126;100;10239367950;B
20240430;100405;8125;1;10239367951;S
20240430;100405;8126;30;10239367955;B
20240430;100405;8126;100;10239367960;B
20240430;100405;8126;200;10239367983;B
20240430;100405;8126;1;10239368026;B
20240430;100405;8126;5;10239368037;B
20240430;100405;8126;60;10239368039;B
20240430;100405;8126;1376;10239368040;B
20240430;100405;8126;423;10239368041;B
20240430;100405;8126;8;10239368043;B
20240430;100405;8126;6;10239368044;B
20240430;100405;8126.5;4;10239368046;B
20240430;100405;8126.5;8;10239368048;B
20240430;100405;8126.5;40;10239368049;B
20240430;100405;8127;5;10239368050;B
20240430;100405;8128;30;10239368051;B
20240430;100405;8128;5;10239368052;B
20240430;100405;8128;40;10239368053;B
20240430;100406;8130;29;10239368087;B
20240430;100406;8130;10;10239368088;B
20240430;100406;8130;11;10239368089;B
20240430;100406;8130;1;10239368125;B
20240430;100406;8130;9;10239368126;B
20240430;100406;8130;1;10239368128;B
20240430;100406;8130;10;10239368129;B
20240430;100406;8130;1;10239368141;B
20240430;100406;8129.5;10;10239368150;S
20240430;100406;8129.5;10;10239368151;S
20240430;100406;8129.5;21;10239368152;S
20240430;100406;8129.5;40;10239368153;S
20240430;100406;8129.5;70;10239368154;S
20240430;100406;8129.5;37;10239368155;S
20240430;100406;8129.5;50;10239368156;S
20240430;100406;8129.5;12;10239368157;S
20240430;100406;8129.5;1;10239368158;S
20240430;100406;8129;40;10239368159;S
20240430;100406;8129;9;10239368160;S
20240430;100406;8130;9;10239368161;B
20240430;100406;8130;8;10239368162;B
20240430;100406;8130;6;10239368163;B
20240430;100406;8130.5;1;10239368170;B
20240430;100406;8130.5;27;10239368176;B
20240430;100406;8133.5;10;10239368198;S
20240430;100406;8133.5;5;10239368199;S
20240430;100407;8133.5;5;10239368211;S
20240430;100407;8133.5;2;10239368212;S
20240430;100407;8133.5;3;10239368323;S
20240430;100407;8134;1;10239368331;B
20240430;100407;8134;1;10239368348;B
20240430;100407;8134;1;10239368408;B
20240430;100408;8134;1;10239368419;B
20240430;100408;8134;2;10239368434;B
20240430;100408;8134;1;10239368511;B
20240430;100409;8133.5;2;10239368580;S
20240430;100409;8134;2;10239368586;B
20240430;100409;8133.5;14;10239368625;S
20240430;100409;8134;1;10239368641;B
20240430;100410;8133.5;21;10239368695;S
20240430;100410;8133.5;4;10239368696;S
20240430;100410;8134;1;10239368711;B
20240430;100410;8133.5;1;10239368767;S
20240430;100410;8134;10;10239368797;B
20240430;100410;8133.5;1;10239368818;S
20240430;100410;8133.5;1;10239368819;S
20240430;100410;8133;1;10239368820;S
20240430;100410;8133;1;10239368821;S
20240430;100410;8133;1;10239368822;S
20240430;100410;8132;37;10239368823;S
20240430;100410;8132;8;10239368824;S
20240430;100411;8131.5;1;10239368878;S
20240430;100411;8131.5;18;10239368879;S
20240430;100411;8131;10;10239368880;S
20240430;100411;8131;16;10239368881;S
20240430;100411;8131;10;10239368882;S
20240430;100411;8131;15;10239368895;S
20240430;100411;8130.5;10;10239368906;S
20240430;100411;8133.5;2;10239368915;B
20240430;100411;8130.5;10;10239368924;S
20240430;100412;8130.5;2;10239369010;S
20240430;100412;8130.5;1;10239369013;S
20240430;100412;8130.5;5;10239369046;S
20240430;100412;8130.5;7;10239369051;S
20240430;100412;8129.5;2;10239369052;S
20240430;100412;8131;1;10239369054;B
20240430;100413;8129;19;10239369113;S
20240430;100413;8129;5;10239369119;S
20240430;100413;8131;9;10239369125;B
20240430;100413;8131.5;16;10239369126;B
20240430;100413;8132;37;10239369127;B
20240430;100413;8132.5;21;10239369128;B
20240430;100413;8133;16;10239369129;B
20240430;100413;8133.5;20;10239369130;B
20240430;100413;8133.5;74;10239369131;B
20240430;100413;8134;3;10239369132;B
20240430;100413;8134;26;10239369133;B
20240430;100413;8134.5;40;10239369134;B
20240430;100413;8135;3;10239369135;B
20240430;100413;8135;10;10239369136;B
20240430;100413;8135;3;10239369137;B
20240430;100413;8135;1;10239369138;B
20240430;100413;8135;40;10239369139;B
20240430;100413;8135;12;10239369140;B
20240430;100413;8135;48;10239369141;B
20240430;100413;8135.5;12;10239369142;B
20240430;100413;8135.5;40;10239369143;B
20240430;100413;8137;74;10239369144;B
20240430;100413;8137.5;24;10239369145;B
20240430;100413;8138;5;10239369146;B
20240430;100413;8138;2;10239369147;B
20240430;100413;8138;12;10239369148;B
20240430;100413;8138;35;10239369149;B
20240430;100413;8138.5;17;10239369150;B
20240430;100413;8134;17;10239369211;S
20240430;100413;8134;9;10239369212;S
20240430;100413;8134;9;10239369217;S
20240430;100413;8133.5;2;10239369218;S
20240430;100414;8133.5;7;10239369293;S
20240430;100415;8134.5;4;10239369439;S
20240430;100415;8134;6;10239369440;S
20240430;100415;8134.5;2;10239369451;S
20240430;100415;8134;19;10239369452;S
20240430;100415;8134;21;10239369468;S
20240430;100415;8133.5;29;10239369469;S
20240430;100415;8135;5;10239369491;S
20240430;100416;8135;32;10239369681;S
20240430;100416;8135.5;2;10239369697;B
20240430;100416;8135;3;10239369702;S
20240430;100416;8133.5;6;10239369703;S
20240430;100416;8133.5;1;10239369704;S
20240430;100416;8133.5;1;10239369726;S
20240430;100416;8133;40;10239369727;S
20240430;100416;8133;10;10239369728;S
20240430;100416;8132.5;28;10239369729;S
20240430;100416;8134.5;1;10239369837;B
20240430;100417;8132;45;10239369876;S
20240430;100417;8131.5;1;10239369877;S
20240430;100417;8131;74;10239369878;S
20240430;100417;8134.5;6;10239369885;B
20240430;100418;8131;15;10239370235;S
20240430;100419;8130.5;6;10239370450;S
20240430;100419;8132;37;10239370457;B
20240430;100419;8132;10;10239370458;B
20240430;100419;8132.5;46;10239370459;B
20240430;100419;8134;5;10239370460;B
20240430;100419;8134;3;10239370635;B
20240430;100419;8131;10;10239370679;S
20240430;100419;8130.5;94;10239370680;S
20240430;100419;8130.5;40;10239370681;S
20240430;100419;8130.5;17;10239370682;S
20240430;100419;8130.5;6;10239370683;S
20240430;100419;8130;2;10239370684;S
20240430;100419;8130;40;10239370685;S
20240430;100419;8130;21;10239370686;S
20240430;100419;8130;44;10239370687;S
20240430;100419;8130;1;10239370688;S
20240430;100419;8129.5;40;10239370689;S
20240430;100419;8129;26;10239370690;S
20240430;100419;8129;6;10239370691;S
20240430;100419;8129;6;10239370692;S
20240430;100419;8129;37;10239370693;S
20240430;100419;8128.5;11;10239370694;S
20240430;100420;8133.5;15;10239370822;B
20240430;100420;8133.5;10;10239370823;B
20240430;100420;8133.5;37;10239370824;B
20240430;100420;8134;16;10239370825;B
20240430;100420;8134;4;10239370826;B
20240430;100420;8134.5;26;10239370827;B
20240430;100420;8134.5;40;10239370828;B
20240430;100420;8135;40;10239370829;B
20240430;100420;8135;21;10239370830;B
20240430;100420;8135;14;10239370831;B
20240430;100421;8135.5;10;10239370989;S
20240430;100421;8135.5;21;10239370990;S
20240430;100421;8135;99;10239370991;S
20240430;100421;8135.5;10;10239371023;S
20240430;100421;8135.5;21;10239371024;S
20240430;100421;8135;36;10239371025;S
20240430;100422;8135;3;10239371040;S
20240430;100422;8135;15;10239371044;S
20240430;100422;8137;10;10239371046;B
20240430;100422;8137.5;37;10239371047;B
20240430;100422;8137.5;16;10239371048;B
20240430;100422;8137.5;77;10239371049;B
20240430;100422;8138;10;10239371050;B
20240430;100422;8136;3;10239371068;S
20240430;100422;8135.5;1;10239371069;S
20240430;100422;8135;2;10239371089;S
20240430;100422;8135;110;10239371092;S
20240430;100422;8135;52;10239371130;S
20240430;100422;8135;2;10239371157;S
20240430;100422;8137.5;10;10239371163;B
20240430;100422;8138;16;10239371164;B
20240430;100422;8138;37;10239371165;B
20240430;100422;8138.5;33;10239371166;B
20240430;100422;8138.5;21;10239371167;B
20240430;100422;8139;30;10239371168;B
20240430;100422;8139;60;10239371169;B
20240430;100422;8139;27;10239371170;B
20240430;100422;8139.5;50;10239371171;B
20240430;100422;8140;10;10239371172;B
20240430;100422;8140;1;10239371173;B
20240430;100422;8140;1;10239371174;B
20240430;100422;8140;6;10239371175;B
20240430;100422;8140;2;10239371176;B
20240430;100422;8140;50;10239371177;B
20240430;100422;8140;12;10239371178;B
20240430;100423;8140.5;37;10239371198;B
20240430;100423;8141;12;10239371199;B
20240430;100423;8141;16;10239371200;B
20240430;100423;8141.5;5;10239371201;B
20240430;100423;8140;1;10239371203;S
20240430;100423;8140;48;10239371205;S
20240430;100423;8140;3;10239371225;S
20240430;100423;8140.5;10;10239371270;B
20240430;100423;8140.5;4;10239371284;B
20240430;100423;8140.5;23;10239371308;B
20240430;100423;8140.5;12;10239371309;B
20240430;100424;8140;4;10239371358;S
20240430;100424;8140;3;10239371385;S
20240430;100424;8140;9;10239371420;S
20240430;100425;8141;5;10239371478;B
20240430;100425;8140;10;10239371484;S
20240430;100426;8140.5;4;10239371671;S
20240430;100426;8140.5;19;10239371673;S
20240430;100426;8140.5;4;10239371674;S
20240430;100426;8140;6;10239371675;S
20240430;100427;8141;1;10239371808;B
20240430;100428;8140.5;3;10239371956;S
20240430;100428;8140.5;6;10239371966;S
20240430;100428;8140;7;10239371967;S
20240430;100428;8140;43;10239371980;S
20240430;100428;8140;1;10239371981;S
20240430;100428;8139.5;16;10239371982;S
20240430;100428;8139.5;1;10239371983;S
20240430;100428;8139.5;1;10239371984;S
20240430;100428;8139.5;1;10239371985;S
20240430;100428;8139.5;1;10239371986;S
20240430;100428;8138;1;10239371987;S
20240430;100428;8137;5;10239371988;S
20240430;100429;8136;6;10239372154;S
20240430;100430;8136;4;10239372197;S
20240430;100430;8135.5;2;10239372198;S
20240430;100430;8135.5;7;10239372205;S
20240430;100432;8138.5;2;10239372371;B
20240430;100432;8138.5;2;10239372397;B
20240430;100432;8139;37;10239372398;B
20240430;100432;8139;10;10239372399;B
20240430;100432;8139.5;16;10239372400;B
20240430;100432;8139.5;1;10239372401;B
20240430;100432;8140;16;10239372402;B
20240430;100432;8140.5;18;10239372403;B
20240430;100432;8139;1;10239372475;B
20240430;100432;8139;1;10239372476;B
20240430;100433;8137;21;10239372520;S
20240430;100433;8137;10;10239372521;S
20240430;100433;8136.5;16;10239372522;S
20240430;100433;8136;13;10239372523;S
20240430;100433;8136.5;10;10239372542;S
20240430;100433;8136;12;10239372543;S
20240430;100433;8136;2;10239372553;S
20240430;100433;8136;10;10239372557;S
20240430;100433;8135.5;11;10239372596;S
20240430;100433;8135.5;38;10239372597;S
20240430;100433;8135.5;10;10239372598;S
20240430;100433;8135.5;2;10239372599;S
20240430;100434;8137;1;10239372630;B
20240430;100434;8137;6;10239372670;B
20240430;100435;8137;13;10239372740;B
20240430;100435;8137.5;10;10239372741;B
20240430;100435;8138;2;10239372742;B
20240430;100435;8137.5;1;10239372743;B
20240430;100435;8136;1;10239372745;S
20240430;100436;8136.5;1;10239372876;S
20240430;100436;8136.5;9;10239372970;S
20240430;100437;8136.5;5;10239373098;S
20240430;100437;8136;22;10239373153;S
20240430;100438;8135.5;1;10239373255;S
20240430;100438;8135;2;10239373256;S
20240430;100439;8135;2;10239373284;S
20240430;100439;8135;10;10239373319;S
20240430;100439;8135;47;10239373355;S
20240430;100440;8135;433;10239373488;S
20240430;100440;8135;10;10239373505;S
20240430;100442;8135.5;1;10239373617;B
20240430;100442;8135.5;4;10239373618;B
20240430;100442;8135.5;1;10239373628;B
20240430;100443;8135;100;10239373782;S
20240430;100443;8135.5;20;10239373828;B
20240430;100444;8135.5;2;10239373875;B
20240430;100444;8135;25;10239373885;S
20240430;100444;8135;1;10239373926;S
20240430;100444;8135.5;23;10239373938;B
20240430;100444;8135.5;1;10239373939;B
20240430;100444;8135.5;1;10239373940;B
20240430;100444;8135.5;25;10239373941;B
20240430;100444;8135;5;10239373942;S
20240430;100445;8135;64;10239374040;S
20240430;100445;8135;30;10239374054;S
20240430;100445;8135;4;10239374137;S
20240430;100445;8135;16;10239374178;S
20240430;100446;8135;15;10239374207;S
20240430;100446;8135;12;10239374226;S
20240430;100446;8135.5;1;10239374231;B
20240430;100446;8135.5;5;10239374282;B
20240430;100446;8135;45;10239374332;S
20240430;100446;8135.5;1;10239374359;B
20240430;100446;8135;50;10239374370;S
20240430;100447;8135;6;10239374386;S
20240430;100447;8135;28;10239374395;S
20240430;100447;8135;553;10239374466;S
20240430;100447;8135;1;10239374467;S
20240430;100447;8135;5;10239374468;S
20240430;100447;8135;7;10239374469;S
20240430;100447;8135;1;10239374470;S
20240430;100447;8135;50;10239374471;S
20240430;100447;8135;28;10239374472;S
20240430;100448;8135.5;1;10239374544;B
20240430;100448;8135;12;10239374582;S
20240430;100448;8135;1;10239374583;S
20240430;100448;8135;7;10239374584;S
20240430;100448;8135;5;10239374589;S
20240430;100449;8135;18;10239374787;S
20240430;100449;8135;2;10239374788;S
20240430;100449;8135;40;10239374809;S
20240430;100449;8135;40;10239374810;S
20240430;100449;8134;170;10239374811;S
20240430;100449;8134;3;10239374812;S
20240430;100449;8133.5;3;10239374813;S
20240430;100449;8133.5;7;10239374814;S
20240430;100449;8133.5;2;10239374815;S
20240430;100449;8133;5;10239374824;S
20240430;100449;8133;5;10239374825;S
20240430;100450;8133.5;1;10239375339;B
20240430;100451;8133;1;10239375598;B
20240430;100451;8133;10;10239375599;B
20240430;100451;8134;18;10239375600;B
20240430;100451;8135;40;10239375601;B
20240430;100451;8135;21;10239375602;B
20240430;100451;8135;80;10239375603;B
20240430;100451;8135.5;2;10239375604;B
20240430;100451;8135.5;4;10239375605;B
20240430;100451;8135.5;1;10239375606;B
20240430;100451;8135.5;23;10239375607;B
20240430;100451;8133.5;16;10239375642;S
20240430;100451;8133.5;17;10239375643;S
20240430;100451;8133;37;10239375644;S
20240430;100451;8133;70;10239375645;S
20240430;100451;8132;10;10239375646;S
20240430;100452;8135;10;10239375740;B
20240430;100452;8135.5;3;10239375741;B
20240430;100452;8136;28;10239375742;B
20240430;100452;8136;50;10239375743;B
20240430;100452;8136;20;10239375744;B
20240430;100452;8136.5;7;10239375745;B
20240430;100452;8136.5;17;10239375746;B
20240430;100452;8137;3;10239375747;B
20240430;100452;8136.5;1;10239375823;B
20240430;100453;8133.5;5;10239375904;S
20240430;100454;8133.5;1;10239376094;S
20240430;100454;8132.5;21;10239376095;S
20240430;100454;8132.5;3;10239376096;S
20240430;100454;8132;2;10239376129;S
20240430;100455;8132;10;10239376213;S
20240430;100455;8131.5;1;10239376214;S
20240430;100455;8131.5;9;10239376215;S
20240430;100456;8133;40;10239376246;S
20240430;100456;8133;26;10239376248;S
20240430;100456;8133;10;10239376253;S
20240430;100456;8133;24;10239376295;S
20240430;100456;8132;17;10239376296;S
20240430;100456;8131;7;10239376297;S
20240430;100456;8131;5;10239376298;S
20240430;100456;8131;6;10239376299;S
20240430;100456;8131;49;10239376300;S
20240430;100456;8131;40;10239376301;S
20240430;100456;8130.5;8;10239376302;S
20240430;100457;8132;1;10239376499;S
20240430;100457;8132;2;10239376500;S
20240430;100458;8132.5;1;10239376631;B
20240430;100458;8134;2;10239376682;B
20240430;100459;8133;10;10239376814;S
20240430;100459;8132;6;10239376815;S
20240430;100459;8134;1;10239376824;B
20240430;100500;8133.5;3;10239376947;S
20240430;100500;8134;4;10239376951;B
20240430;100500;8132;10;10239376975;S
20240430;100500;8134;3;10239376976;B
20240430;100500;8134.5;1;10239376977;B
20240430;100500;8134.5;2;10239376978;B
20240430;100500;8132;30;10239376982;S
20240430;100500;8132;16;10239376983;S
20240430;100500;8132;4;10239376984;S
20240430;100500;8130.5;10;10239376997;S
20240430;100500;8130.5;18;10239376998;S
20240430;100502;8130.5;30;10239377176;S
20240430;100503;8130;24;10239377337;S
20240430;100503;8130;10;10239377376;S
20240430;100503;8130;1;10239377392;S
20240430;100503;8130;2;10239377403;S
20240430;100503;8130;6;10239377436;S
20240430;100504;8132;2;10239377488;B
20240430;100504;8130;1;10239377518;S
20240430;100504;8130;18;10239377546;S
20240430;100504;8130;4;10239377583;S
20240430;100504;8130;21;10239377584;S
20240430;100505;8130;79;10239377625;S
20240430;100505;8130;3;10239377626;S
20240430;100505;8130;1;10239377627;S
20240430;100507;8130;2;10239377998;S
20240430;100507;8130;5;10239378000;S
20240430;100508;8130;8;10239378078;S
20240430;100509;8130;5;10239378206;S
20240430;100509;8130;1;10239378313;S
20240430;100509;8130;1;10239378406;S
20240430;100509;8130;5;10239378458;S
20240430;100509;8130;1;10239378486;S
20240430;100510;8130;34;10239378537;S
20240430;100510;8130;10;10239378550;S
20240430;100510;8130;12;10239378613;S
20240430;100510;8130;114;10239378645;S
20240430;100510;8130;5;10239378728;S
20240430;100510;8130;8;10239378735;S
20240430;100510;8130;2;10239378747;S
20240430;100510;8130;10;10239378761;S
20240430;100511;8130;53;10239378784;S
20240430;100511;8130;47;10239378955;S
20240430;100512;8130;16;10239378962;S
20240430;100512;8130;60;10239378978;S
20240430;100512;8130;5;10239378979;S
20240430;100512;8130;1;10239378980;S
20240430;100512;8130;10;10239378981;S
20240430;100512;8130;15;10239378982;S
20240430;100512;8130;3;10239378983;S
20240430;100512;8130;7;10239378984;S
20240430;100512;8130;73;10239378985;S
20240430;100512;8130;2;10239378986;S
20240430;100512;8129;1;10239378987;S
20240430;100512;8129;3;10239378988;S
20240430;100512;8129;17;10239378989;S
20240430;100512;8128;3;10239378990;S
20240430;100512;8128;1;10239378991;S
20240430;100512;8128;1;10239378992;S
20240430;100512;8128;3;10239378993;S
20240430;100512;8128;15;10239378994;S
20240430;100512;8127.5;10;10239378995;S
20240430;100512;8127.5;20;10239378996;S
20240430;100512;8127;1;10239378997;S
20240430;100512;8127;26;10239378998;S
20240430;100512;8127;37;10239378999;S
20240430;100512;8126.5;213;10239379000;S
20240430;100512;8127;1;10239379062;S
20240430;100512;8126.5;99;10239379063;S
20240430;100512;8126.5;9;10239379092;S
20240430;100512;8128;1;10239379143;B
20240430;100513;8128;5;10239379308;B
20240430;100514;8127;17;10239379346;S
20240430;100514;8126.5;5;10239379372;S
20240430;100515;8126.5;12;10239379441;S
20240430;100515;8128;4;10239379483;B
20240430;100515;8128;1;10239379493;B
20240430;100515;8126.5;10;10239379503;S
20240430;100516;8126.5;3;10239379511;S
20240430;100516;8126.5;5;10239379561;S
20240430;100516;8126.5;50;10239379587;S
20240430;100517;8126.5;20;10239379630;S
20240430;100518;8127.5;1;10239379808;B
20240430;100518;8127;7;10239379826;S
20240430;100518;8127;43;10239379861;S
20240430;100518;8126.5;24;10239379862;S
20240430;100518;8126.5;17;10239379863;S
20240430;100518;8126;326;10239379864;S
20240430;100519;8126.5;50;10239379879;S
20240430;100519;8126;4;10239379883;S
20240430;100519;8126;4;10239379884;S
20240430;100519;8126;14;10239379914;S
20240430;100519;8126;15;10239379925;S
20240430;100519;8126.5;14;10239379936;B
20240430;100519;8126;35;10239379937;S
20240430;100519;8126;6;10239379972;S
20240430;100520;8126.5;6;10239380031;B
20240430;100520;8126.5;4;10239380032;B
20240430;100520;8126.5;3;10239380040;B
20240430;100520;8126;1;10239380053;S
20240430;100520;8126;59;10239380068;S
20240430;100521;8126;36;10239380092;S
20240430;100521;8126;50;10239380093;S
20240430;100521;8125.5;1;10239380094;S
20240430;100521;8125.5;10;10239380095;S
20240430;100521;8125.5;2;10239380096;S
20240430;100521;8125.5;4;10239380097;S
20240430;100521;8125.5;3;10239380236;S
20240430;100522;8126.5;3;10239380338;B
20240430;100522;8125.5;5;10239380370;S
20240430;100522;8125.5;1;10239380385;S
20240430;100523;8125.5;41;10239380463;S
20240430;100523;8125;79;10239380464;S
20240430;100523;8125;17;10239380484;S
20240430;100523;8125;63;10239380549;S
20240430;100524;8125.5;10;10239380578;B
20240430;100524;8126;10;10239380629;B
20240430;100524;8126.5;5;10239380630;B
20240430;100524;8126.5;15;10239380631;B
20240430;100524;8126.5;1;10239380658;B
20240430;100526;8125.5;37;10239380851;S
20240430;100526;8125.5;10;10239380852;S
20240430;100526;8125.5;3;10239380853;S
20240430;100526;8125.5;13;10239380871;S
20240430;100526;8125.5;17;10239380872;S
20240430;100526;8125.5;10;10239380873;S
20240430;100526;8125;17;10239380874;S
20240430;100527;8125;40;10239380899;S
20240430;100527;8126;2;10239380911;B
20240430;100527;8126;16;10239380912;B
20240430;100527;8126.5;2;10239380913;B
20240430;100527;8125;48;10239380918;S
20240430;100527;8125.5;4;10239380941;B
20240430;100527;8126;10;10239380942;B
20240430;100527;8125.5;1;10239380943;S
20240430;100527;8125.5;1;10239380960;S
20240430;100527;8125.5;10;10239380970;S
20240430;100529;8125;74;10239381093;S
20240430;100529;8125;15;10239381100;S
20240430;100529;8125;20;10239381113;S
20240430;100529;8125;48;10239381169;S
20240430;100531;8125.5;17;10239381443;B
20240430;100531;8126.5;3;10239381444;B
20240430;100531;8125.5;7;10239381468;S
20240430;100531;8125;6;10239381479;S
20240430;100531;8125;10;10239381496;S
20240430;100531;8125.5;10;10239381527;B
20240430;100532;8125;63;10239381545;S
20240430;100532;8125;1;10239381546;S
20240430;100532;8125;5;10239381547;S
20240430;100532;8125;3;10239381548;S
20240430;100532;8125;100;10239381549;S
20240430;100532;8125;3;10239381550;S
20240430;100532;8125;15;10239381551;S
20240430;100532;8125;42;10239381552;S
20240430;100532;8125;1;10239381553;S
20240430;100532;8125;1;10239381554;S
20240430;100532;8124.5;17;10239381555;S
20240430;100532;8124.5;10;10239381556;S
20240430;100532;8124;99;10239381557;S
20240430;100532;8124;5;10239381558;S
20240430;100532;8124;30;10239381559;S
20240430;100532;8124;10;10239381560;S
20240430;100532;8123;2;10239381561;S
20240430;100532;8123;10;10239381562;S
20240430;100532;8123;1;10239381563;S
20240430;100532;8123;82;10239381564;S
20240430;100532;8123;9;10239381569;S
20240430;100532;8123;9;10239381572;S
20240430;100532;8123;3;10239381573;S
20240430;100532;8122.5;5;10239381574;S
20240430;100532;8122.5;8;10239381575;S
20240430;100532;8122.5;1;10239381576;S
20240430;100532;8122.5;20;10239381577;S
20240430;100532;8122;1;10239381578;S
20240430;100532;8122;1;10239381579;S
20240430;100532;8122;27;10239381580;S
20240430;100532;8122;63;10239381581;S
20240430;100532;8122;1;10239381582;S
20240430;100532;8122;1;10239381583;S
20240430;100532;8122;1;10239381584;S
20240430;100532;8121.5;1;10239381585;S
20240430;100532;8121.5;1;10239381586;S
20240430;100532;8121.5;3;10239381587;S
20240430;100532;8121;1;10239381589;S
20240430;100532;8121;10;10239381590;S
20240430;100532;8121;2;10239381591;S
20240430;100532;8121;3;10239381592;S
20240430;100532;8120.5;1;10239381608;S
20240430;100532;8120.5;18;10239381609;S
20240430;100532;8120.5;68;10239381617;S
20240430;100532;8120.5;55;10239381618;S
20240430;100532;8120;1;10239381619;S
20240430;100532;8120;55;10239381620;S
20240430;100532;8120;45;10239381621;S
20240430;100532;8120;1;10239381622;S
20240430;100532;8120;1;10239381623;S
20240430;100532;8120;5;10239381624;S
20240430;100532;8120;1;10239381625;S
20240430;100532;8120;1;10239381626;S
20240430;100532;8120;10;10239381627;S
20240430;100532;8120;20;10239381628;S
20240430;100532;8120;3;10239381629;S
20240430;100532;8120;1;10239381630;S
20240430;100532;8120;1;10239381631;S
20240430;100532;8120;1;10239381632;S
20240430;100532;8120;1;10239381633;S
20240430;100532;8120;200;10239381634;S
20240430;100532;8119.5;1;10239381644;S
20240430;100532;8119;10;10239381645;S
20240430;100532;8119;50;10239381646;S
20240430;100532;8119;50;10239381647;S
20240430;100532;8118.5;1;10239381648;S
20240430;100532;8118;1;10239381662;S
20240430;100532;8118;4;10239381663;S
20240430;100532;8118;17;10239381677;S
20240430;100532;8118;2;10239381678;S
20240430;100532;8118;1;10239381679;S
20240430;100532;8118;19;10239381690;S
20240430;100532;8118;37;10239381691;S
20240430;100532;8117.5;50;10239381693;S
20240430;100532;8117.5;1;10239381694;S
20240430;100532;8117.5;1;10239381717;B
20240430;100532;8117;1;10239381718;S
20240430;100532;8117;19;10239381719;S
20240430;100532;8117;1;10239381720;S
20240430;100532;8117;3;10239381747;S
20240430;100532;8117;10;10239381748;S
20240430;100532;8117;3;10239381761;S
20240430;100532;8117.5;3;10239381764;B
20240430;100532;8117.5;7;10239381765;B
20240430;100532;8117.5;1;10239381769;B
20240430;100532;8117;32;10239381770;S
20240430;100532;8117;25;10239381771;S
20240430;100532;8117;37;10239381772;S
20240430;100532;8117;37;10239381773;S
20240430;100532;8117;10;10239381774;S
20240430;100532;8117;23;10239381775;S
20240430;100532;8116.5;1;10239381776;S
20240430;100532;8116.5;3;10239381777;S
20240430;100532;8116.5;37;10239381778;S
20240430;100532;8116.5;50;10239381779;S
20240430;100532;8116.5;16;10239381780;S
20240430;100532;8116;143;10239381781;S
20240430;100532;8116.5;2;10239381784;S
20240430;100532;8116.5;5;10239381789;S
20240430;100532;8116;26;10239381790;S
20240430;100533;8116;1;10239381796;S
20240430;100533;8116;50;10239381797;S
20240430;100533;8117.5;1;10239381802;B
20240430;100533;8116;14;10239381838;S
20240430;100533;8116;76;10239381859;S
20240430;100533;8116;9;10239381862;S
20240430;100533;8116;13;10239381871;S
20240430;100533;8116;3;10239381879;S
20240430;100533;8116.5;20;10239381886;B
20240430;100533;8116;8;10239381901;S
20240430;100533;8116;10;10239381910;S
20240430;100534;8116;9;10239381963;S
20240430;100534;8116;5;10239381971;S
20240430;100534;8116;6;10239382011;S
20240430;100534;8116;8;10239382015;S
20240430;100534;8116;3;10239382064;S
20240430;100534;8116;15;10239382065;S
20240430;100535;8116.5;5;10239382083;B
20240430;100535;8116;1;10239382114;S
20240430;100535;8116;1;10239382115;S
20240430;100535;8115.5;1;10239382116;S
20240430;100535;8115.5;7;10239382117;S
20240430;100535;8115.5;37;10239382118;S
20240430;100535;8115.5;16;10239382119;S
20240430;100535;8115;1;10239382120;S
20240430;100535;8115;1;10239382121;S
20240430;100535;8115;7;10239382122;S
20240430;100535;8115.5;10;10239382127;B
20240430;100535;8115.5;2;10239382133;S
20240430;100535;8115.5;35;10239382134;S
20240430;100535;8115;23;10239382135;S
20240430;100535;8115;16;10239382136;S
20240430;100535;8115;17;10239382137;S
20240430;100535;8114.5;1;10239382138;S
20240430;100535;8114.5;71;10239382139;S
20240430;100535;8115;6;10239382140;S
20240430;100535;8115;5;10239382145;S
20240430;100535;8115;1;10239382147;B
20240430;100535;8115;10;10239382148;S
20240430;100535;8114.5;20;10239382149;S
20240430;100535;8115.5;6;10239382165;B
20240430;100535;8115.5;4;10239382200;B
20240430;100535;8115;1;10239382204;S
20240430;100535;8115;7;10239382206;S
20240430;100535;8115;8;10239382207;S
20240430;100535;8115;1;10239382208;S
20240430;100535;8114.5;113;10239382209;S
20240430;100535;8114.5;35;10239382211;S
20240430;100535;8114.5;1;10239382212;S
20240430;100535;8114.5;9;10239382214;S
20240430;100536;8115.5;1;10239382236;B
20240430;100536;8115;1;10239382267;S
20240430;100536;8114.5;1;10239382353;S
20240430;100537;8114.5;1;10239382417;S
20240430;100537;8114.5;20;10239382420;S
20240430;100537;8114.5;1;10239382475;S
20240430;100537;8114.5;2;10239382479;S
20240430;100538;8114.5;26;10239382483;S
20240430;100538;8114.5;2;10239382484;S
20240430;100538;8114;1;10239382485;S
20240430;100538;8114;1;10239382486;S
20240430;100538;8113.5;1;10239382504;S
20240430;100538;8114;10;10239382556;B
20240430;100538;8113.5;1;10239382557;S
20240430;100538;8113.5;2;10239382572;S
20240430;100538;8113.5;70;10239382573;S
20240430;100538;8113;1;10239382574;S
20240430;100538;8113;1;10239382575;S
20240430;100538;8112.5;1;10239382576;S
20240430;100538;8112.5;3;10239382577;S
20240430;100538;8112.5;1;10239382578;S
20240430;100538;8112.5;1;10239382579;S
20240430;100538;8112.5;10;10239382580;S
20240430;100538;8112.5;60;10239382581;S
20240430;100538;8112.5;3;10239382588;S
20240430;100538;8112.5;2;10239382612;S
20240430;100538;8112.5;5;10239382614;S
20240430;100538;8112;17;10239382615;S
20240430;100538;8112;1;10239382616;S
20240430;100538;8112;18;10239382617;S
20240430;100538;8112;1;10239382618;S
20240430;100538;8112;70;10239382619;S
20240430;100538;8111.5;36;10239382620;S
20240430;100538;8111.5;1;10239382621;S
20240430;100538;8111.5;1;10239382622;S
20240430;100539;8113;7;10239382638;S
20240430;100539;8113;23;10239382650;S
20240430;100539;8111.5;1;10239382651;S
20240430;100539;8111.5;2;10239382657;S
20240430;100539;8111.5;1;10239382671;S
20240430;100539;8111.5;6;10239382686;S
20240430;100539;8113;1;10239382722;S
20240430;100539;8112;10;10239382775;S
20240430;100539;8111.5;2;10239382776;S
20240430;100539;8111.5;12;10239382786;S
20240430;100540;8111.5;6;10239382794;S
20240430;100540;8111;1;10239382795;S
20240430;100540;8111;7;10239382844;S
20240430;100540;8111;28;10239382874;S
20240430;100540;8111;1;10239382875;S
20240430;100540;8111;6;10239382876;S
20240430;100541;8112;5;10239382985;B
20240430;100541;8111;1;10239383050;B
20240430;100541;8112;2;10239383061;B
20240430;100541;8110.5;1;10239383073;S
20240430;100541;8112;5;10239383166;B
20240430;100542;8110.5;35;10239383218;S
20240430;100542;8110.5;30;10239383219;S
20240430;100542;8110.5;1;10239383220;S
20240430;100542;8110.5;4;10239383221;S
20240430;100542;8110;1;10239383233;S
20240430;100542;8110;1;10239383234;S
20240430;100542;8110;35;10239383240;S
20240430;100542;8110;1;10239383241;S
20240430;100542;8110;1;10239383242;S
20240430;100542;8110;1;10239383243;S
20240430;100542;8110;3;10239383244;S
20240430;100542;8110;2;10239383245;S
20240430;100542;8109.5;36;10239383246;S
20240430;100542;8109.5;1;10239383247;S
20240430;100542;8109.5;10;10239383248;S
20240430;100542;8109;36;10239383249;S
20240430;100542;8109;10;10239383250;S
20240430;100542;8108.5;36;10239383251;S
20240430;100542;8108.5;1;10239383252;S
20240430;100542;8108;36;10239383253;S
20240430;100542;8108;21;10239383254;S
20240430;100542;8107.5;10;10239383255;S
20240430;100542;8108;6;10239383258;S
20240430;100542;8110;10;10239383259;B
20240430;100542;8108;4;10239383279;S
20240430;100542;8108;50;10239383280;S
20240430;100542;8107.5;36;10239383281;S
20240430;100542;8107.5;70;10239383282;S
20240430;100542;8107.5;24;10239383283;S
20240430;100542;8107.5;50;10239383284;S
20240430;100542;8107;1;10239383285;S
20240430;100542;8107;50;10239383286;S
20240430;100542;8106;30;10239383287;S
20240430;100542;8106;21;10239383288;S
20240430;100542;8105.5;1;10239383289;S
20240430;100542;8105.5;12;10239383290;S
20240430;100542;8105.5;14;10239383291;S
20240430;100542;8105.5;5;10239383292;S
20240430;100542;8106;8;10239383308;S
20240430;100542;8109;10;10239383309;B
20240430;100542;8109.5;4;10239383310;B
20240430;100542;8108;1;10239383311;B
20240430;100542;8106.5;1;10239383322;S
20240430;100542;8106;19;10239383323;S
20240430;100542;8106;31;10239383324;S
20240430;100542;8105.5;10;10239383325;S
20240430;100542;8105.5;49;10239383326;S
20240430;100542;8105.5;1;10239383329;S
20240430;100542;8105.5;1;10239383330;S
20240430;100542;8105.5;9;10239383331;S
20240430;100542;8105.5;40;10239383332;S
20240430;100542;8105;2;10239383333;S
20240430;100542;8105;1;10239383334;S
20240430;100542;8105;50;10239383335;S
20240430;100542;8104.5;1;10239383336;S
20240430;100542;8104.5;1;10239383340;S
20240430;100542;8104.5;1;10239383341;S
20240430;100542;8104.5;9;10239383342;S
20240430;100542;8104;1;10239383343;S
20240430;100542;8104;16;10239383344;S
20240430;100542;8103.5;26;10239383345;S
20240430;100542;8103.5;1;10239383352;S
20240430;100542;8103.5;2;10239383354;S
20240430;100542;8104.5;1;10239383356;B
20240430;100542;8103.5;6;10239383357;S
20240430;100543;8103.5;10;10239383360;S
20240430;100543;8103.5;5;10239383361;S
20240430;100543;8103;5;10239383362;S
20240430;100543;8103;7;10239383363;S
20240430;100543;8102.5;1;10239383364;S
20240430;100543;8102.5;1;10239383365;S
20240430;100543;8102.5;11;10239383366;S
20240430;100543;8102.5;1;10239383367;S
20240430;100543;8102.5;1;10239383368;S
20240430;100543;8102.5;10;10239383370;S
20240430;100543;8102.5;7;10239383371;S
20240430;100543;8102.5;6;10239383372;S
20240430;100543;8102.5;5;10239383375;S
20240430;100543;8104.5;3;10239383377;B
20240430;100543;8104.5;6;10239383379;B
20240430;100543;8104.5;3;10239383380;B
20240430;100543;8102.5;7;10239383395;S
20240430;100543;8102.5;3;10239383396;S
20240430;100543;8102.5;10;10239383407;S
20240430;100543;8102.5;12;10239383408;S
20240430;100543;8102;1;10239383409;S
20240430;100543;8102;40;10239383410;S
20240430;100543;8102;55;10239383411;S
20240430;100543;8102;2;10239383412;S
20240430;100543;8102;1;10239383413;S
20240430;100543;8102;100;10239383414;S
20240430;100543;8102;5;10239383415;S
20240430;100543;8102;16;10239383416;S
20240430;100543;8101.5;1;10239383417;S
20240430;100543;8101.5;50;10239383418;S
20240430;100543;8101.5;37;10239383419;S
20240430;100543;8101.5;5;10239383420;S
20240430;100543;8101.5;2;10239383423;S
20240430;100543;8103;3;10239383456;S
20240430;100543;8102.5;3;10239383457;B
20240430;100543;8101.5;2;10239383459;S
20240430;100543;8101.5;4;10239383463;S
20240430;100543;8101.5;1;10239383464;S
20240430;100543;8101.5;3;10239383466;S
20240430;100543;8103;13;10239383481;B
20240430;100543;8103;21;10239383482;B
20240430;100543;8103;10;10239383483;B
20240430;100543;8104.5;3;10239383490;S
20240430;100543;8104.5;1;10239383491;S
20240430;100543;8104.5;1;10239383493;S
20240430;100543;8104.5;5;10239383494;S
20240430;100544;8105;1;10239383503;B
20240430;100544;8104.5;2;10239383504;S
20240430;100544;8105;426;10239383517;B
20240430;100544;8105;35;10239383518;B
20240430;100544;8105;10;10239383519;B
20240430;100544;8105;21;10239383520;B
20240430;100544;8107;40;10239383521;B
20240430;100544;8107.5;23;10239383522;B
20240430;100544;8107.5;10;10239383526;B
20240430;100544;8108;4;10239383527;B
20240430;100544;8108;50;10239383528;B
20240430;100544;8108.5;21;10239383529;B
20240430;100544;8105;2;10239383590;S
20240430;100544;8105;8;10239383610;S
20240430;100544;8105;12;10239383611;S
20240430;100544;8105;4;10239383612;S
20240430;100544;8105;2;10239383613;S
20240430;100544;8105;8;10239383616;S
20240430;100544;8105;2;10239383617;S
20240430;100544;8104.5;41;10239383618;S
20240430;100544;8104.5;1;10239383620;S
20240430;100544;8104.5;2;10239383621;S
20240430;100544;8104.5;10;10239383622;S
20240430;100544;8104;40;10239383623;S
20240430;100544;8103.5;18;10239383624;S
20240430;100544;8104;1;10239383626;B
20240430;100544;8104;1;10239383647;S
20240430;100545;8104.5;2;10239383705;S
20240430;100545;8104.5;15;10239383706;S
20240430;100545;8104.5;10;10239383707;S
20240430;100545;8104;4;10239383708;S
20240430;100546;8107.5;1;10239383821;S
20240430;100546;8107;5;10239383822;S
20240430;100546;8106.5;5;10239383823;S
20240430;100546;8105;6;10239383824;S
20240430;100546;8104.5;2;10239383825;S
20240430;100546;8104;19;10239383826;S
20240430;100546;8105;8;10239383991;S
20240430;100546;8104.5;3;10239383992;S
