<DATE>;<TIME>;<LAST>;<VOL>;<ID>;<OPER>
20241102;095947;719;14;11375945555;S
20241102;095947;719;1;11375945556;S
20241102;095947;719;1;11375945557;S
20241102;095947;719;26;11375945558;S
20241102;095947;719;1;11375945559;B
20241102;095947;719;14;11375945560;B
20241102;095947;719;84;11375945561;B
20241102;095947;719;1;11375945562;B
20241102;095947;719;10;11375945563;B
20241102;095947;719;5;11375945564;B
20241102;095947;719;40;11375945565;S
20241102;095947;719;20;11375945566;S
20241102;095947;719;40;11375945567;S
20241102;095947;719;1;11375945568;S
20241102;095947;719;5;11375945569;B
20241102;095947;719;1;11375945570;B
20241102;095947;719;3;11375945571;B
20241102;095947;719;10;11375945572;S
20241102;100002;719.4;1;11375948347;B
20241102;100002;719.6;1;11375948348;B
20241102;100003;719.4;25;11375948536;S
20241102;100003;719.4;2;11375948964;B
20241102;100003;719.4;30;11375949065;B
20241102;100003;719.4;1;11375949252;B
20241102;100004;719.4;1;11375950414;B
20241102;100004;719.4;1;11375950419;B
20241102;100004;719.4;140;11375950613;B
20241102;100004;719.6;4;11375950614;B
20241102;100004;719.6;1;11375950615;B
20241102;100004;719.6;80;11375950616;B
20241102;100004;719.8;1;11375950617;B
20241102;100004;719.8;60;11375950618;B
20241102;100004;719.8;20;11375950619;B
20241102;100004;719.8;1;11375950620;B
20241102;100004;719.8;25;11375950621;B
20241102;100004;720;5;11375950622;B
20241102;100004;720;2;11375950623;B
20241102;100004;720;1;11375950624;B
20241102;100004;720;64;11375950625;B
20241102;100004;720;100;11375950626;B
20241102;100004;720;25;11375950627;B
20241102;100004;720;15;11375950628;B
20241102;100004;720.4;1;11375950629;B
20241102;100004;720.4;1;11375950630;B
20241102;100004;720.8;1;11375950631;B
20241102;100004;721;1;11375950632;B
20241102;100004;721;1;11375950633;B
20241102;100004;721.4;1;11375950634;B
20241102;100004;722;2;11375950635;B
20241102;100004;722;2;11375950636;B
20241102;100004;722;5;11375950637;B
20241102;100004;722.4;1;11375950638;B
20241102;100004;722.4;1;11375950639;B
20241102;100004;722.8;1;11375950640;B
20241102;100004;722.8;1;11375950641;B
20241102;100004;722.8;1;11375950642;B
20241102;100004;722.8;1;11375950643;B
20241102;100004;722.8;140;11375950644;B
20241102;100004;723;1;11375950645;B
20241102;100004;723;1;11375950646;B
20241102;100004;723;200;11375950647;B
20241102;100004;723;1;11375950648;B
20241102;100004;723;20;11375950649;B
20241102;100004;723;1;11375950650;B
20241102;100004;723;30;11375950651;B
20241102;100004;723;14;11375950652;B
20241102;100004;723.6;27;11375950653;B
20241102;100004;719.2;1;11375950657;S
20241102;100004;723.6;15;11375951166;B
20241102;100004;723.8;5;11375951167;B
20241102;100004;723.8;15;11375951168;B
20241102;100004;719.4;6;11375951170;S
20241102;100004;723.8;1;11375951187;B
20241102;100004;723.8;1;11375951312;B
20241102;100004;719.8;2;11375951482;S
20241102;100004;720;50;11375951487;S
20241102;100004;722;5;11375951501;B
20241102;100004;722.2;61;11375951502;B
20241102;100004;723;3;11375951506;S
20241102;100004;723.2;2;11375951509;B
20241102;100004;723.8;4;11375951510;B
20241102;100004;723;75;11375951537;S
20241102;100004;722.2;25;11375951538;S
20241102;100004;723.8;10;11375951539;B
20241102;100004;723;2;11375951771;S
20241102;100004;721.4;128;11375951772;S
20241102;100004;723.8;2;11375951776;B
20241102;100004;721.8;8;11375951891;S
20241102;100004;721.8;30;11375951909;S
20241102;100004;721.8;30;11375951911;S
20241102;100004;723.6;35;11375951917;B
20241102;100004;723.6;52;11375951918;B
20241102;100004;723.8;50;11375951919;B
20241102;100004;723.8;1;11375952070;B
20241102;100005;723.8;16;11375952460;B
20241102;100005;724;2;11375952461;B
20241102;100005;724;18;11375952462;B
20241102;100005;724;5;11375952476;B
20241102;100005;722.6;100;11375952579;S
20241102;100005;722.6;150;11375952607;S
20241102;100005;723.6;15;11375952669;B
20241102;100005;724;1;11375952670;B
20241102;100005;724.4;1;11375952671;B
20241102;100005;724.6;83;11375952672;B
20241102;100005;724.6;120;11375952715;B
20241102;100005;722.6;1;11375952741;S
20241102;100005;724.6;100;11375952782;B
20241102;100005;723;1;11375952823;S
20241102;100005;723;20;11375952825;S
20241102;100005;723;1;11375952932;S
20241102;100005;723;3;11375952935;S
20241102;100005;724.6;1;11375953114;B
20241102;100005;723;30;11375953131;S
20241102;100005;724.6;2;11375953196;B
20241102;100005;723;1;11375953199;S
20241102;100005;724.6;2;11375953200;B
20241102;100005;724.6;1;11375953201;B
20241102;100006;723.6;17;11375953360;S
20241102;100006;723.6;1;11375953439;S
20241102;100006;723.6;10;11375953458;S
20241102;100006;724;24;11375953571;B
20241102;100006;724.8;3;11375953572;B
20241102;100006;723.8;1;11375953577;S
20241102;100006;724.6;100;11375953701;B
20241102;100006;724.6;2;11375953702;B
20241102;100006;724.6;2;11375953704;B
20241102;100006;724.6;2;11375953705;B
20241102;100006;723.8;1;11375954153;S
20241102;100006;723.6;1;11375954611;S
20241102;100006;724.6;25;11375954696;B
20241102;100007;723.6;1;11375954727;S
20241102;100007;723.6;1;11375954728;S
20241102;100008;724.6;100;11375954913;B
20241102;100008;723.8;32;11375954914;S
20241102;100008;724.6;100;11375954930;B
20241102;100008;724.6;100;11375954941;B
20241102;100008;724.6;69;11375955011;B
20241102;100008;724.8;31;11375955012;B
20241102;100009;724.8;100;11375955105;B
20241102;100009;724.8;100;11375955133;B
20241102;100010;724.8;16;11375955198;B
20241102;100010;724.8;1;11375955199;B
20241102;100010;724.8;5;11375955200;B
20241102;100010;725;10;11375955300;B
20241102;100010;725;1;11375955301;B
20241102;100010;725;89;11375955302;B
20241102;100011;724.8;1;11375955498;B
20241102;100011;725;10;11375955499;B
20241102;100011;725;30;11375955500;B
20241102;100011;725;1;11375955501;B
20241102;100011;725;25;11375955502;B
20241102;100011;725;15;11375955503;B
20241102;100011;725;18;11375955504;B
20241102;100017;725;17;11375957058;B
20241102;100017;725;9;11375957059;B
20241102;100025;724.8;250;11375959395;S
20241102;100025;724;209;11375959396;B
20241102;100031;723.6;50;11375961499;S
20241102;100032;723.6;6;11375961663;S
20241102;100040;724;74;11375963483;B
20241102;100043;723.6;1;11375964202;S
20241102;100044;724;1467;11375964220;B
20241102;100044;724;1;11375964221;B
20241102;100044;724;1;11375964222;B
20241102;100046;724.2;76;11375964832;S
20241102;100046;724.2;74;11375964833;S
20241102;100050;724.8;10;11375965857;B
20241102;100051;724.8;10;11375966142;B
20241102;100051;724.2;5;11375966313;S
20241102;100053;725;41;11375966538;B
20241102;100053;725;15;11375966539;B
20241102;100053;725;255;11375966540;B
20241102;100054;725;45;11375966911;B
20241102;100054;725;10;11375966912;B
20241102;100054;725;50;11375966913;B
20241102;100054;725;127;11375966914;B
20241102;100056;725;146;11375967177;B
20241102;100056;725;1;11375967178;B
20241102;100056;725;3;11375967179;B
20241102;100105;724;1;11375969645;S
20241102;100106;724;4;11375969927;S
20241102;100111;724.8;30;11375971022;B
20241102;100112;724;138;11375971463;S
20241102;100113;724;15;11375971518;S
20241102;100114;724;10;11375971634;S
20241102;100114;724;527;11375971638;S
20241102;100114;724;114;11375971639;S
20241102;100124;724;13;11375973751;B
20241102;100128;723.6;10;11375974825;S
20241102;100128;723.4;5;11375974826;S
20241102;100134;723.8;40;11375976024;B
20241102;100144;723.4;1;11375977656;S
20241102;100148;723.4;1;11375978435;S
20241102;100157;723.4;10;11375979763;S
20241102;100201;723.6;2;11375980606;B
20241102;100205;723.4;50;11375981292;S
20241102;100206;723.6;47;11375981419;B
20241102;100207;723.4;933;11375981717;S
20241102;100212;723;50;11375982783;B
20241102;100213;723.4;10;11375982849;B
20241102;100219;723.4;2;11375984079;B
20241102;100226;723;50;11375985298;S
20241102;100240;723.4;10;11375988002;B
20241102;100242;723.4;9;11375988473;B
20241102;100258;723.4;2;11375990996;B
20241102;100319;723;2;11375994581;S
20241102;100327;723;40;11375996129;S
20241102;100331;723.4;2;11375996884;B
20241102;100340;723.4;32;11375998677;B
20241102;100340;723.4;1;11375998678;B
20241102;100340;723.4;1;11375998679;B
20241102;100340;723.4;3;11375998680;B
20241102;100340;723.4;63;11375998681;B
20241102;100347;723;58;11375999928;S
20241102;100347;723;20;11375999929;S
20241102;100347;722.8;18;11375999930;S
20241102;100347;722;2;11375999931;S
20241102;100347;721.4;44;11375999932;S
20241102;100347;721.4;1;11375999936;S
20241102;100355;721;1;11376001509;S
20241102;100423;721.2;44;11376005932;S
20241102;100429;720.8;43;11376006824;S
20241102;100432;721;2;11376007275;B
20241102;100435;721.2;30;11376007672;S
20241102;100442;721.6;3;11376009034;B
20241102;100445;722.8;12;11376009781;B
20241102;100445;723;12;11376009782;B
20241102;100445;723;6;11376009783;B
20241102;100500;722.2;13;11376012263;S
20241102;100500;722;4;11376012264;S
20241102;100503;722;500;11376012847;S
20241102;100504;722;996;11376012947;S
20241102;100509;721.6;5;11376013612;S
20241102;100509;721.2;2;11376013613;S
20241102;100511;721.2;2;11376014098;S
20241102;100516;721.6;30;11376014906;B
20241102;100535;721.2;14;11376017845;S
20241102;100535;720.6;1;11376017846;S
20241102;100556;720.4;1;11376020847;S
20241102;100558;720.4;3;11376021209;S
20241102;100558;720.2;17;11376021210;S
20241102;100559;720.2;1;11376021220;S
20241102;100559;720.2;15;11376021221;S
20241102;100559;720;34;11376021222;S
20241102;100559;720;30;11376021285;S
20241102;100559;720;50;11376021305;S
20241102;100600;720;1;11376021313;S
20241102;100600;720;455;11376021434;S
20241102;100600;720;345;11376021435;S
20241102;100602;720;155;11376021702;S
20241102;100602;720;50;11376021703;S
20241102;100602;720;24;11376021704;S
20241102;100602;720;25;11376021705;S
20241102;100602;720;5;11376021706;S
20241102;100602;720;50;11376021707;S
20241102;100602;720;1;11376021708;S
20241102;100602;719.8;62;11376021709;S
20241102;100602;719.8;12;11376021710;S
20241102;100602;719.6;49;11376021711;S
20241102;100602;719.2;67;11376021712;S
20241102;100616;719;17;11376023704;S
20241102;100616;719;18;11376023740;S
20241102;100619;720;17;11376024117;B
20241102;100626;720.4;1;11376025233;B
20241102;100631;719.2;1;11376025974;B
20241102;100645;719;15;11376028050;S
20241102;100646;719;1;11376028170;S
20241102;100650;719.2;10;11376028683;B
20241102;100650;719.2;1;11376028684;B
20241102;100706;719.2;25;11376030840;B
20241102;100711;719.2;10;11376031559;B
20241102;100741;720.4;1;11376035928;B
20241102;100811;719.4;1;11376040058;B
20241102;100812;719.4;1;11376040197;S
20241102;100814;719.6;1;11376040425;B
20241102;100814;719.6;1;11376040426;B
20241102;100825;720.4;23;11376042010;B
20241102;100839;720.6;50;11376044318;B
20241102;100839;720.8;250;11376044319;B
20241102;100841;720.4;6;11376044655;B
20241102;100847;721;100;11376045781;B
20241102;100902;720.6;1;11376048468;S
20241102;100902;720.4;6;11376048469;S
20241102;100908;720.6;1;11376049376;S
20241102;100908;720.2;10;11376049377;S
20241102;100921;720.4;1;11376051298;S
20241102;100921;720.2;2;11376051299;S
20241102;100936;721.4;1;11376053653;B
20241102;100936;721.4;4;11376053654;B
20241102;100942;720.2;11;11376054457;S
20241102;100942;720;18;11376054458;S
20241102;100942;720;1;11376054459;S
20241102;100942;720;11;11376054460;S
20241102;100942;719.6;140;11376054461;S
20241102;100942;719.6;110;11376054462;B
20241102;100952;719.6;300;11376055647;B
20241102;100957;719.6;1;11376056396;B
20241102;100959;719.6;150;11376056608;B
20241102;101000;719.2;1;11376056716;S
20241102;101000;719.2;33;11376056717;S
20241102;101020;719.4;1;11376058893;S
20241102;101021;719.6;8;11376059000;B
20241102;101028;719.4;1;11376059648;S
20241102;101049;719.4;15;11376061778;S
20241102;101049;719.4;239;11376061779;S
20241102;101101;719.6;1;11376063290;S
20241102;101128;719.8;2;11376065835;S
20241102;101159;720.2;1;11376070342;B
20241102;101209;720.6;5;11376071549;B
20241102;101209;721;5;11376071550;B
20241102;101209;720.8;10;11376071557;S
20241102;101209;720.6;40;11376071558;S
20241102;101209;720.6;10;11376071559;S
20241102;101209;720.2;11;11376071560;S
20241102;101209;720;29;11376071561;S
20241102;101259;721.4;150;11376076470;B
20241102;101259;721.4;40;11376076471;B
20241102;101259;721.4;20;11376076472;B
20241102;101259;721.6;50;11376076473;B
20241102;101259;721.6;40;11376076474;B
20241102;101306;721.6;7;11376077367;B
20241102;101306;721.6;1;11376077368;B
20241102;101306;721.8;3;11376077369;B
20241102;101306;721.8;92;11376077370;B
20241102;101306;722;14;11376077371;B
20241102;101306;722;200;11376077372;B
20241102;101306;722;3;11376077373;B
20241102;101306;722;40;11376077374;B
20241102;101306;722;8;11376077375;B
20241102;101308;722.2;1;11376077572;B
20241102;101308;722.4;40;11376077573;B
20241102;101308;722.6;54;11376077574;B
20241102;101308;722.6;120;11376077575;B
20241102;101308;722.6;50;11376077576;B
20241102;101308;722.6;8;11376077577;B
20241102;101313;722.8;6;11376078129;B
20241102;101313;722.8;40;11376078130;B
20241102;101313;723;454;11376078131;B
20241102;101314;723;46;11376078550;B
20241102;101314;723;40;11376078551;B
20241102;101314;723.2;23;11376078552;B
20241102;101314;723.4;20;11376078553;B
20241102;101314;723.4;6;11376078554;B
20241102;101314;723.4;1;11376078555;B
20241102;101314;723.4;6;11376078556;B
20241102;101314;723.4;23;11376078557;B
20241102;101314;723.4;48;11376078558;B
20241102;101314;723.6;1;11376078559;B
20241102;101314;723.6;40;11376078560;B
20241102;101323;723.4;6;11376079621;B
20241102;101323;723.6;6;11376079622;B
20241102;101326;723.4;94;11376079939;B
20241102;101326;723.4;106;11376079940;B
20241102;101330;721.2;135;11376080474;S
20241102;101335;721.4;10;11376080967;S
20241102;101356;721.8;1;11376082996;S
20241102;101359;722.6;3;11376083246;B
20241102;101359;722.6;9;11376083247;B
20241102;101414;722.8;254;11376084382;B
20241102;101414;722.8;17;11376084383;B
20241102;101414;722.8;39;11376084384;B
20241102;101421;723;71;11376084982;B
20241102;101438;722.8;1;11376087058;S
20241102;101440;722.8;10;11376087244;S
20241102;101448;722.8;192;11376088179;S
20241102;101459;722.8;200;11376089475;S
20241102;101500;722.8;34;11376089580;S
20241102;101514;723;200;11376092324;B
20241102;101521;723;2;11376093931;B
20241102;101521;723;1;11376093986;B
20241102;101521;723;5;11376093987;B
20241102;101521;723;8;11376093989;B
20241102;101521;723;1;11376093991;B
20241102;101521;723;6;11376093993;B
20241102;101521;723;6;11376093994;B
20241102;101521;723;8;11376093995;B
20241102;101521;723;1;11376093997;B
20241102;101521;723;5;11376093999;B
20241102;101521;723;3;11376094001;B
20241102;101521;723;2;11376094002;B
20241102;101521;723;9;11376094003;B
20241102;101521;723;5;11376094004;B
20241102;101521;723;6;11376094007;B
20241102;101532;722.8;98;11376096778;S
20241102;101601;723;1;11376102430;B
20241102;101612;723;2;11376104131;B
20241102;101630;722.8;7155;11376106593;S
20241102;101630;722.8;1;11376106594;S
20241102;101638;722;60;11376107554;S
20241102;101643;721.8;42;11376108158;S
20241102;101644;722;10;11376108289;B
20241102;101649;721.8;2;11376108866;S
20241102;101656;722;15;11376109803;B
20241102;101711;721.8;18;11376111984;S
20241102;101727;721.8;137;11376114084;S
20241102;101735;721;10;11376115372;S
20241102;101737;721.6;140;11376115754;B
20241102;101803;721.8;69;11376119965;B
20241102;101819;721.6;60;11376122078;S
20241102;101819;721;40;11376122079;S
20241102;101819;721;2;11376122080;S
20241102;101819;720.6;11;11376122081;S
20241102;101819;720.4;5;11376122082;S
20241102;101819;720.2;50;11376122083;S
20241102;101819;720.2;30;11376122084;S
20241102;101819;720;30;11376122085;S
20241102;101819;720;1;11376122086;S
20241102;101819;720;120;11376122087;S
20241102;101822;719.6;1;11376122388;S
20241102;101824;719.8;15;11376122495;B
20241102;101830;719.4;5;11376123240;S
20241102;101830;719.4;5;11376123241;S
20241102;101830;719.4;102;11376123242;S
20241102;101830;719.4;27;11376123243;S
20241102;101838;720;2;11376124003;B
20241102;101842;719.8;1;11376124360;B
20241102;101846;719.8;1;11376124792;B
20241102;101848;719.8;7;11376124963;B
20241102;101900;719.6;2;11376126439;B
20241102;101901;719.6;4;11376126532;B
20241102;101912;719.6;4;11376127735;B
20241102;101929;719.6;2;11376129808;B
20241102;101933;719.6;2;11376130332;B
20241102;101936;719.6;1;11376130681;B
20241102;101937;719.6;2;11376131230;B
20241102;101943;719.6;3;11376131960;B
20241102;101945;719.8;41;11376132058;B
20241102;101945;719.8;9;11376132059;B
20241102;101955;719.8;41;11376132685;B
20241102;101955;720;19;11376132686;B
20241102;101956;720;124;11376132726;B
20241102;101957;720;2;11376132794;B
20241102;102000;719.8;17;11376133237;S
20241102;102031;719.8;7;11376136639;S
20241102;102053;719.8;5;11376139470;S
20241102;102218;719.8;5;11376148896;S
20241102;102231;719.8;2;11376151131;S
20241102;102249;719.8;12;11376152783;S
20241102;102302;719.8;40;11376153910;S
20241102;102308;720;10;11376154684;B
20241102;102308;720;15;11376154685;B
20241102;102308;720;20;11376154716;B
20241102;102309;720;3;11376154754;B
20241102;102314;720.2;2;11376155444;S
20241102;102317;721;1;11376155947;B
20241102;102317;721;1;11376155951;B
20241102;102319;721;3;11376156091;B
20241102;102319;721.2;19;11376156092;B
20241102;102319;721.4;19;11376156093;B
20241102;102319;721.4;63;11376156094;B
20241102;102319;721.6;1;11376156095;B
20241102;102319;721.6;10;11376156096;B
20241102;102319;721.6;188;11376156097;B
20241102;102319;721.8;7;11376156098;B
20241102;102319;721.8;5;11376156099;B
20241102;102319;721.8;50;11376156100;B
20241102;102319;721.8;400;11376156101;B
20241102;102319;722;65;11376156102;B
20241102;102319;722;5;11376156103;B
20241102;102319;722;3;11376156104;B
20241102;102319;722;100;11376156105;B
20241102;102319;722;120;11376156106;B
20241102;102319;722.2;5;11376156107;B
20241102;102319;722.6;140;11376156108;B
20241102;102319;722.8;553;11376156109;B
20241102;102319;722.8;8;11376156110;B
20241102;102319;723;658;11376156111;B
20241102;102319;723;10;11376156112;B
20241102;102319;723;20;11376156113;B
20241102;102319;723;1;11376156114;B
20241102;102319;723.2;239;11376156115;B
20241102;102319;723.4;569;11376156116;B
20241102;102340;721;12;11376158724;S
20241102;102357;721;1;11376161080;S
20241102;102357;721;1;11376161081;S
20241102;102357;721;8;11376161082;S
20241102;102417;721;5;11376163641;S
20241102;102451;721;1;11376168893;S
20241102;102500;721;17;11376170061;S
20241102;102502;722;10;11376170337;B
20241102;102502;722;8;11376170338;B
20241102;102502;722;16;11376170339;B
20241102;102502;722;25;11376170340;B
20241102;102502;722.2;25;11376170341;B
20241102;102502;722.2;140;11376170342;B
20241102;102502;722.4;10;11376170343;B
20241102;102502;722.4;3;11376170344;B
20241102;102502;722.4;5;11376170345;B
20241102;102502;722.4;146;11376170346;B
20241102;102513;721;22;11376172026;S
20241102;102513;721;33;11376172027;S
20241102;102513;721;16;11376172028;S
20241102;102513;720.8;40;11376172029;S
20241102;102513;720.8;27;11376172030;S
20241102;102513;720.6;120;11376172031;S
20241102;102513;720.6;27;11376172032;S
20241102;102513;720.4;390;11376172033;S
20241102;102513;720.4;390;11376172034;S
20241102;102513;720.4;140;11376172035;S
20241102;102513;720.2;400;11376172036;S
20241102;102513;720.2;18;11376172037;S
20241102;102513;720;200;11376172038;S
20241102;102513;720;14;11376172039;S
20241102;102513;720;1;11376172040;S
20241102;102513;720;662;11376172041;S
20241102;102514;720;1278;11376172138;S
20241102;102514;720;40;11376172139;S
20241102;102523;720;276;11376173099;B
20241102;102524;720;124;11376173120;B
20241102;102524;720;3;11376173159;B
20241102;102530;719.8;29;11376173819;S
20241102;102530;719.8;1;11376173820;S
20241102;102530;719.8;100;11376173821;S
20241102;102530;719.8;20;11376173822;S
20241102;102530;719.8;48;11376173823;S
20241102;102530;719.6;1604;11376173824;S
20241102;102531;719.4;2;11376173868;S
20241102;102531;719.2;50;11376173869;S
20241102;102531;719.2;30;11376173870;S
20241102;102531;719.2;1;11376173871;S
20241102;102531;719.2;140;11376173872;S
20241102;102531;719.2;86;11376173873;S
20241102;102531;719;186;11376173874;S
20241102;102531;719;2;11376173875;S
20241102;102531;719;19;11376173876;S
20241102;102531;719;50;11376173877;S
20241102;102531;719;20;11376173878;S
20241102;102531;719;1914;11376173879;S
20241102;102531;719;86;11376173880;S
20241102;102531;719;86;11376173881;S
20241102;102532;719;6;11376173915;S
20241102;102532;719;228;11376173945;S
20241102;102532;719;80;11376173951;S
20241102;102532;719;4;11376174033;S
20241102;102537;719;50;11376174471;S
20241102;102541;719.6;15;11376174847;B
20241102;102624;719;46;11376180255;S
20241102;102624;719;30;11376180256;S
20241102;102624;719;200;11376180257;S
20241102;102624;719;10;11376180258;S
20241102;102627;718.4;4;11376180733;S
20241102;102627;718.4;1;11376180734;S
20241102;102627;718.4;14;11376180735;S
20241102;102627;718.2;63;11376180736;S
20241102;102627;718;8;11376180737;S
20241102;102627;718;20;11376180738;S
20241102;102627;718;1;11376180739;S
20241102;102627;718;500;11376180740;S
20241102;102627;718;32;11376180741;S
20241102;102627;718;40;11376180742;S
20241102;102627;718;400;11376180743;S
20241102;102627;717.6;4;11376180761;S
20241102;102628;718;1;11376180878;B
20241102;102659;717.4;5;11376184653;S
20241102;102659;717.2;2;11376184654;S
20241102;102659;717;1;11376184655;S
20241102;102659;717;50;11376184656;S
20241102;102659;717;2;11376184657;S
20241102;102659;717;18;11376184658;S
20241102;102659;717;40;11376184659;S
20241102;102659;716.4;4;11376184660;S
20241102;102659;716.2;300;11376184661;S
20241102;102659;716;1;11376184662;S
20241102;102659;716;24;11376184663;S
20241102;102659;716;100;11376184664;S
20241102;102659;716;500;11376184665;S
20241102;102659;716;1;11376184666;S
20241102;102659;715.8;140;11376184667;S
20241102;102659;715.6;5;11376184668;S
20241102;102659;715.6;1000;11376184669;S
20241102;102659;715.2;20;11376184670;S
20241102;102659;715.2;2;11376184671;S
20241102;102659;715;1;11376184672;S
20241102;102659;715;1;11376184673;S
20241102;102659;715;8;11376184674;S
20241102;102659;715;300;11376184675;S
20241102;102659;715;1;11376184676;S
20241102;102659;715;25;11376184677;S
20241102;102659;715;3;11376184678;S
20241102;102659;715;41;11376184679;S
20241102;102659;715;1;11376184680;S
20241102;102659;715;1;11376184681;S
20241102;102659;715;200;11376184682;S
20241102;102659;714.8;75;11376184683;S
20241102;102659;714.4;1;11376184684;S
20241102;102659;714.4;10;11376184685;S
20241102;102659;714.4;4;11376184686;S
20241102;102659;714.2;800;11376184687;S
20241102;102659;714;1;11376184688;S
20241102;102659;714;300;11376184689;S
20241102;102659;714;1;11376184690;S
20241102;102659;714;150;11376184691;S
20241102;102659;713.6;90;11376184692;S
20241102;102659;713.6;6;11376184693;S
20241102;102659;713.6;65;11376184694;S
20241102;102700;715.8;20;11376184715;S
20241102;102700;715.8;1;11376184716;S
20241102;102700;717.6;1;11376184773;B
20241102;102700;716;17;11376184825;S
20241102;102700;716;33;11376184826;S
20241102;102701;717;1;11376184932;B
20241102;102701;716.8;1;11376184964;B
20241102;102708;715.8;50;11376185644;S
20241102;102717;716;1;11376186613;B
20241102;102717;716;2;11376186698;B
20241102;102718;715.8;11;11376186725;S
20241102;102718;715.8;40;11376186726;S
20241102;102718;715.8;2;11376186727;S
20241102;102718;715.8;5;11376186728;S
20241102;102718;715.8;2;11376186729;S
20241102;102718;715.8;14;11376186730;S
20241102;102718;715.4;65;11376186731;S
20241102;102720;715.4;1;11376187016;S
20241102;102723;715.6;15;11376187293;B
20241102;102724;715.4;1;11376187389;S
20241102;102724;715.4;1;11376187390;S
20241102;102724;715.6;10;11376187393;B
20241102;102732;715.2;125;11376188430;S
20241102;102732;715.2;40;11376188431;S
20241102;102732;715.2;2;11376188432;S
20241102;102732;715;300;11376188433;S
20241102;102732;715;20;11376188434;S
20241102;102733;714.6;1;11376188563;S
20241102;102734;714.6;46;11376188622;S
20241102;102734;714.6;40;11376188623;S
20241102;102734;714.4;20;11376188624;S
20241102;102734;714.4;42;11376188625;B
20241102;102734;714.4;82;11376188640;B
20241102;102736;714.8;19;11376188852;B
20241102;102736;714.6;20;11376188868;S
20241102;102736;714.6;40;11376188869;S
20241102;102736;714.4;140;11376188870;S
20241102;102736;714.4;24;11376188871;S
20241102;102736;714.2;400;11376188872;S
20241102;102736;714.2;2;11376188873;S
20241102;102736;714;4;11376188874;S
20241102;102736;714;2;11376188875;S
20241102;102736;714;2;11376188876;S
20241102;102736;713.8;60;11376188877;S
20241102;102736;713.8;6;11376188878;B
20241102;102736;713.8;18;11376188879;B
20241102;102738;713.6;25;11376189076;S
20241102;102738;713.6;90;11376189077;S
20241102;102738;713.6;5;11376189078;S
20241102;102738;714.2;11;11376189109;S
20241102;102738;714;40;11376189110;S
20241102;102738;714;11;11376189111;S
20241102;102740;713.6;25;11376189251;S
20241102;102740;713.6;40;11376189252;S
20241102;102740;713.6;140;11376189253;S
20241102;102740;713.6;2;11376189254;S
20241102;102740;713.4;743;11376189255;S
20241102;102741;713.6;1;11376189395;S
20241102;102741;713.6;40;11376189396;S
20241102;102741;713.4;1779;11376189397;S
20241102;102741;713.2;47;11376189398;S
20241102;102741;713.2;33;11376189399;B
20241102;102742;713;1;11376189460;S
20241102;102742;713;1;11376189461;S
20241102;102742;713;4;11376189462;S
20241102;102743;713.2;1;11376189518;B
20241102;102744;713;3;11376189661;S
20241102;102746;713.2;99;11376189836;B
20241102;102747;713.2;5;11376190105;B
20241102;102748;713.2;55;11376190283;B
20241102;102749;713.2;40;11376190447;B
20241102;102752;713.2;100;11376190794;B
20241102;102753;713.2;14;11376190808;B
20241102;102753;713;20;11376190988;S
20241102;102756;713;1;11376191368;S
20241102;102759;713.2;10;11376191650;B
20241102;102801;713.2;10;11376191895;B
20241102;102802;713.2;30;11376191957;B
20241102;102802;713.2;30;11376191975;B
20241102;102802;713.2;6;11376191976;B
20241102;102802;713;2;11376191992;S
20241102;102803;713.2;14;11376192061;B
20241102;102804;713.2;100;11376192219;B
20241102;102807;713.2;1;11376192578;B
20241102;102809;713.2;6;11376192720;B
20241102;102809;713.2;10;11376192795;B
20241102;102809;713.2;16;11376192796;B
20241102;102825;714.4;45;11376194027;B
20241102;102825;714.6;8;11376194028;B
20241102;102825;714.6;50;11376194029;B
20241102;102825;714.6;45;11376194030;B
20241102;102825;714.8;40;11376194031;B
20241102;102828;715;2;11376194250;B
20241102;102828;715;48;11376194265;B
20241102;102828;715.2;2;11376194266;B
20241102;102828;715.2;10;11376194267;B
20241102;102829;715.2;10;11376194341;B
20241102;102830;715.2;3;11376194428;B
20241102;102901;715.2;2;11376197662;B
20241102;102901;715.2;10;11376197663;B
20241102;102901;715.4;25;11376197664;B
20241102;102901;715.4;25;11376197665;B
20241102;102901;715.6;59;11376197666;B
20241102;102901;715.6;25;11376197667;B
20241102;102901;715.6;12;11376197668;B
20241102;102901;715.8;25;11376197669;B
20241102;102901;715.8;59;11376197670;B
20241102;102901;716;25;11376197671;B
20241102;102901;716;16;11376197672;B
20241102;102913;716;9;11376198865;B
20241102;102913;716;11;11376198866;B
20241102;102921;715.8;25;11376199682;B
20241102;102921;716;16;11376199683;B
20241102;102921;716;10;11376199684;B
20241102;102921;716;12;11376199685;B
20241102;102921;716.2;14;11376199686;B
20241102;102921;716.2;9;11376199687;B
20241102;102921;716.2;25;11376199688;B
20241102;102921;716.4;16;11376199689;B
20241102;102921;716.4;25;11376199690;B
20241102;102921;716.4;10;11376199691;B
20241102;102921;716.4;276;11376199692;S
20241102;102923;716.6;25;11376199910;B
20241102;102923;716.6;30;11376199911;B
20241102;102923;716.8;5;11376199912;B
20241102;102923;716.8;25;11376199913;B
20241102;102923;716.8;13;11376199914;B
20241102;102925;716.4;34;11376200131;S
20241102;102933;716.4;10;11376200788;S
20241102;102942;716.4;18;11376201431;S
20241102;102942;716.4;1;11376201432;S
20241102;103000;715.2;16;11376202814;S
20241102;103023;715.8;4;11376205635;B
20241102;103034;715.2;2;11376206917;S
20241102;103034;715.2;1;11376206927;S
20241102;103112;715.2;20;11376211203;S
20241102;103125;715.4;1;11376212620;B
20241102;103135;715.2;21;11376213623;S
20241102;103140;715.2;31;11376214216;S
20241102;103151;715.4;1;11376215338;B
20241102;103152;715.4;8;11376215417;B
20241102;103152;715.8;3;11376215418;B
20241102;103158;715.2;1;11376215998;S
20241102;103243;715.2;2;11376219740;S
20241102;103317;715.6;10;11376223065;B
20241102;103318;715.6;50;11376223164;S
20241102;103352;715.6;1;11376226639;S
20241102;103359;715.6;6;11376227186;S
20241102;103410;715.8;3;11376228072;B
20241102;103410;715.8;30;11376228073;B
20241102;103410;715.8;1;11376228074;B
20241102;103410;716;50;11376228075;B
20241102;103410;716;189;11376228076;B
20241102;103444;715.6;1;11376231518;S
20241102;103444;715.6;1;11376231519;S
20241102;103444;715.6;13;11376231520;S
20241102;103454;716;11;11376232608;B
20241102;103454;716;20;11376232609;B
20241102;103506;716;2;11376233729;S
20241102;103513;716.2;1;11376234417;B
20241102;103623;716.2;1;11376241987;B
20241102;103647;716.2;8;11376244588;B
20241102;103647;716.2;40;11376244589;B
20241102;103647;716.2;12;11376244590;B
20241102;103647;716.4;12;11376244591;B
20241102;103650;716.4;25;11376244898;S
20241102;103716;716.4;3;11376247516;S
20241102;103921;716;1;11376259955;B
20241102;103921;716;5;11376259956;B
20241102;103925;716;2;11376260223;S
20241102;103926;716;12;11376260259;S
20241102;103952;716;3;11376261895;S
20241102;104017;716;1;11376263952;S
20241102;104021;716.2;1;11376264278;B
20241102;104040;716;1;11376265993;S
20241102;104049;716.2;5;11376266731;B
20241102;104122;716;50;11376269422;S
20241102;104129;716;1;11376269947;S
20241102;104153;716;6;11376272615;S
20241102;104156;716.2;2;11376272880;B
20241102;104217;716.2;2;11376274560;B
20241102;104217;716.2;5;11376274561;B
20241102;104217;716.2;94;11376274562;B
20241102;104438;716.2;1;11376286553;B
20241102;104519;716.2;35;11376290220;B
20241102;104519;716.2;1;11376290221;B
20241102;104524;716.2;1;11376290542;S
20241102;104544;716.2;13;11376292382;S
20241102;104544;716.2;5;11376292383;S
20241102;104544;716.2;1;11376292384;S
20241102;104544;716.2;50;11376292385;S
20241102;104544;716;18;11376292386;S
20241102;104544;716;606;11376292387;S
20241102;104544;716;10;11376292388;S
20241102;104544;716;5;11376292389;S
20241102;104544;716;40;11376292390;S
20241102;104544;716;1;11376292391;S
20241102;104544;715.4;1;11376292392;S
20241102;104544;715.2;5;11376292393;S
20241102;104544;715.2;5;11376292394;S
20241102;104544;715.2;1;11376292395;S
20241102;104544;715.2;3;11376292396;S
20241102;104544;715.2;140;11376292397;S
20241102;104544;715.2;12;11376292398;S
20241102;104544;715;100;11376292399;S
20241102;104544;715;1756;11376292400;S
20241102;104544;714.8;78;11376292401;S
20241102;104641;716.2;2;11376297457;B
20241102;104729;716.4;3;11376301965;B
20241102;104738;716.6;9;11376302901;B
20241102;104738;716.6;1;11376302902;B
20241102;104754;716.6;4;11376304351;B
20241102;104818;716.6;16;11376305930;S
20241102;104849;716.8;28;11376308663;B
20241102;104902;717;3;11376310093;B
20241102;104902;717;1;11376310094;B
20241102;104905;717.2;1;11376310349;B
20241102;104905;717.4;5;11376310369;B
20241102;104905;717.4;44;11376310370;B
20241102;104905;717.4;1;11376310406;B
20241102;104906;717.4;15;11376310514;B
20241102;104906;717.6;35;11376310515;B
20241102;104917;717.4;19;11376311540;S
20241102;104917;717.4;1;11376311541;S
20241102;104917;717.2;19;11376311542;S
20241102;104917;717.2;11;11376311543;S
20241102;104934;717.6;20;11376313103;B
20241102;104935;717.4;6;11376313214;S
20241102;104959;717.8;15;11376315465;B
20241102;105015;717.8;3;11376317102;B
20241102;105044;717.6;4;11376319782;B
20241102;105044;717.6;28;11376319783;B
20241102;105044;717.8;18;11376319784;B
20241102;105058;717.8;50;11376320844;B
20241102;105123;717.4;1;11376322313;S
20241102;105125;717.8;1;11376322443;B
20241102;105133;717.8;20;11376323093;B
20241102;105230;717.6;30;11376328060;B
20241102;105230;717.8;50;11376328061;B
20241102;105323;717.6;4;11376332738;B
20241102;105323;717.6;40;11376332739;B
20241102;105323;717.6;13;11376332740;B
20241102;105323;717.8;10;11376332741;B
20241102;105439;717.8;1;11376338945;B
20241102;105451;717.8;15;11376340096;B
20241102;105600;717.4;1;11376346342;S
20241102;105600;717.2;1;11376346343;S
20241102;105600;717;11;11376346344;S
20241102;105600;716.8;40;11376346345;S
20241102;105600;716.8;11;11376346346;S
20241102;105600;716.4;1;11376346347;S
20241102;105600;715.4;18;11376346348;S
20241102;105600;715.4;50;11376346349;S
20241102;105600;715.4;16;11376346350;S
20241102;105600;715.2;140;11376346351;S
20241102;105600;715;208;11376346352;S
20241102;105600;715;5;11376346353;S
20241102;105600;714.8;498;11376346354;S
20241102;105629;715.8;3;11376348788;S
20241102;105724;716.4;1;11376352122;B
20241102;105815;716;2;11376357000;S
20241102;105815;715.8;1;11376357001;S
20241102;105908;716.4;4;11376362699;S
20241102;110053;716.4;1;11376373031;S
20241102;110053;716.4;6;11376373032;S
20241102;110107;716.4;8;11376377884;B
20241102;110107;716.6;6;11376377885;B
20241102;110107;716.6;95;11376377886;B
20241102;110107;716.8;12;11376377887;B
20241102;110107;716.8;40;11376377888;B
20241102;110107;717;12;11376377889;B
20241102;110107;717.2;6;11376377890;B
20241102;110107;717.4;5;11376377891;B
20241102;110107;717.6;16;11376377892;B
20241102;110202;717.2;12;11376388648;B
20241102;110202;717.2;40;11376388649;B
20241102;110202;717.4;12;11376388650;B
20241102;110202;717.6;1;11376388651;B
20241102;110202;717.6;34;11376388652;B
20241102;110202;717.8;17;11376388653;B
20241102;110202;717.8;5;11376388654;B
20241102;110202;717.8;1;11376388655;B
20241102;110202;717.8;90;11376388656;B
20241102;110202;718;390;11376388657;B
20241102;110202;718.2;54;11376388658;B
20241102;110202;718.2;120;11376388659;B
20241102;110202;718.4;1;11376388660;B
20241102;110202;718.4;223;11376388661;B
20241102;110203;716.6;2;11376388840;S
20241102;110204;716.6;38;11376388977;S
20241102;110204;716.6;14;11376388978;S
20241102;110204;716.4;14;11376388979;S
20241102;110204;716.2;10;11376388980;S
20241102;110204;716.2;12;11376388981;S
20241102;110204;716;16;11376388982;S
20241102;110204;715.8;28;11376388983;S
20241102;110204;715.8;2;11376388984;S
20241102;110204;715.8;5;11376388985;S
20241102;110204;715.8;390;11376388986;S
20241102;110204;715.6;120;11376388987;S
20241102;110204;715.4;223;11376388988;S
20241102;110204;715.2;16;11376388989;S
20241102;110204;715;112;11376388990;S
20241102;110307;716.2;10;11376399078;B
20241102;110539;715.8;6;11376429603;B
20241102;110539;716;50;11376429604;B
20241102;110539;716;10;11376429608;S
20241102;110609;716;3;11376435273;S
20241102;110609;716;8;11376435274;S
20241102;110609;715.8;4;11376435275;S
20241102;110651;715.8;1;11376445690;S
20241102;110735;716;12;11376454580;S
20241102;110735;716;4;11376454581;S
20241102;110735;715.8;100;11376454582;S
20241102;110735;715.8;40;11376454583;S
20241102;110752;715.6;2;11376457190;S
20241102;110757;715.6;18;11376458046;S
20241102;110757;715.4;10;11376458047;S
20241102;110757;715.4;11;11376458048;S
20241102;110757;715.4;11;11376458049;S
20241102;110848;715.4;1;11376465912;S
20241102;111022;715.6;1;11376480807;B
20241102;111030;715.2;2;11376481855;S
20241102;111030;715.2;34;11376481856;S
20241102;111030;715.2;14;11376481857;S
20241102;111111;715.2;1;11376488298;S
20241102;111307;715.6;2;11376503293;B
20241102;111535;715.2;9;11376520568;S
20241102;111603;715.6;1;11376523798;B
20241102;111603;715.6;9;11376523799;B
20241102;111603;715.8;44;11376523800;B
20241102;111603;715.8;9;11376523801;B
20241102;111603;715.8;40;11376523802;B
20241102;111603;716;6;11376523803;B
20241102;111641;716;50;11376528250;S
20241102;111700;716.6;1;11376530602;B
20241102;111917;716;10;11376544845;S
20241102;112012;717;10;11376548404;B
20241102;112012;717;46;11376548405;B
20241102;112012;717;40;11376548406;B
20241102;112012;717.2;1;11376548407;B
20241102;112012;717.2;3;11376548408;B
20241102;112012;717.2;2;11376548409;B
20241102;112012;717.4;50;11376548410;B
20241102;112012;717.4;82;11376548411;B
20241102;112012;718;1;11376548412;B
20241102;112012;718;12;11376548413;B
20241102;112012;718;3;11376548414;B
20241102;112012;718.2;140;11376548415;B
20241102;112012;718.2;10;11376548416;B
20241102;112141;717;1;11376554679;S
20241102;112150;717.8;140;11376555194;B
20241102;112150;717.8;40;11376555195;B
20241102;112150;718;78;11376555196;B
20241102;112150;718.2;1;11376555197;B
20241102;112150;718.2;380;11376555198;B
20241102;112151;718.2;15;11376555218;S
20241102;112211;718.6;24;11376556562;B
20241102;112211;718.6;4;11376556563;B
20241102;112211;718.6;40;11376556564;B
20241102;112211;718.8;400;11376556565;B
20241102;112211;718.8;126;11376556566;B
20241102;112211;719;50;11376556567;B
20241102;112211;719;50;11376556568;B
20241102;112211;719;1;11376556569;B
20241102;112211;719;5;11376556570;B
20241102;112211;719;4;11376556571;B
20241102;112211;719.6;390;11376556572;B
20241102;112211;719.6;7;11376556573;B
20241102;112211;719.6;140;11376556574;B
20241102;112211;719.6;400;11376556575;B
20241102;112211;719.8;1;11376556576;B
20241102;112211;719.8;1;11376556577;B
20241102;112211;719.8;12;11376556578;B
20241102;112211;719.8;2;11376556579;B
20241102;112211;719.8;1000;11376556580;B
20241102;112211;720;25;11376556581;B
20241102;112211;720;1;11376556582;B
20241102;112211;720;3;11376556583;B
20241102;112211;720;2;11376556584;B
20241102;112211;720;4;11376556585;B
20241102;112211;720;10;11376556586;B
20241102;112211;720;1298;11376556587;B
20241102;112606;718.4;1;11376572593;S
20241102;112606;718.4;7;11376572594;S
20241102;112734;719;1;11376579671;B
20241102;112747;719;9;11376580388;B
20241102;112747;719;40;11376580389;B
20241102;112747;719.2;1;11376580390;B
20241102;112924;719;10;11376587952;S
20241102;113004;719;1;11376590264;S
20241102;113048;719.4;2;11376594391;B
20241102;113048;719.4;4;11376594392;B
20241102;113048;719.6;140;11376594393;B
20241102;113048;719.6;40;11376594394;B
20241102;113048;719.8;314;11376594395;B
20241102;113121;719.6;140;11376596799;B
20241102;113121;719.8;160;11376596800;B
20241102;113202;719.8;50;11376599317;B
20241102;113234;719.8;976;11376601938;B
20241102;113234;719.8;1;11376601939;B
20241102;113234;720;143;11376601940;B
20241102;113234;720;1;11376601941;B
20241102;113234;720;3;11376601942;B
20241102;113234;720;10;11376601943;B
20241102;113234;720;1;11376601944;B
20241102;113234;720;70;11376601945;B
20241102;113234;720;670;11376601946;B
20241102;113234;720;10;11376601947;B
20241102;113234;720;1;11376601948;B
20241102;113234;720;20;11376601949;B
20241102;113234;720;24;11376601950;B
20241102;113234;720;40;11376601951;B
20241102;113234;720.2;200;11376601952;B
20241102;113237;720.2;9;11376602734;S
20241102;113242;720.4;4;11376603081;B
20241102;113242;720.4;21;11376603082;B
20241102;113242;721;51;11376603083;B
20241102;113242;721.2;140;11376603084;B
20241102;113242;721.4;130;11376603085;B
20241102;113335;721;1;11376606450;B
20241102;113336;721;1;11376606494;B
20241102;113336;721;1;11376606509;B
20241102;113439;720.6;7;11376610294;S
20241102;113439;720.4;40;11376610295;S
20241102;113439;720.4;11;11376610296;S
20241102;113439;720.2;361;11376610297;S
20241102;113457;720.2;7;11376611504;S
20241102;113521;720.4;1;11376613677;B
20241102;113521;720.8;11;11376613678;B
20241102;113521;720.8;40;11376613679;B
20241102;113521;721;54;11376613680;B
20241102;113521;721;16;11376613681;B
20241102;113521;721.2;78;11376613682;B
20241102;113543;720.2;14;11376615184;S
20241102;113550;721;90;11376615775;B
20241102;113739;720.4;4;11376623284;B
20241102;113804;721;1;11376625042;B
20241102;113804;721;1;11376625043;B
20241102;113804;721;58;11376625044;B
20241102;113813;721;2;11376625574;B
20241102;113840;720.6;5;11376627306;S
20241102;113900;720.6;8;11376628648;S
20241102;113904;721;200;11376628783;B
20241102;113914;720.6;17;11376629610;S
20241102;113914;720.6;40;11376629611;S
20241102;113914;720.4;1;11376629612;S
20241102;113914;720.4;84;11376629613;S
20241102;113914;720.2;1439;11376629614;S
20241102;113914;720.2;58;11376629615;S
20241102;113914;719.2;61;11376629616;S
20241102;113938;719.4;2;11376630994;S
20241102;114029;719.4;10;11376634089;S
20241102;114043;719.4;19;11376634946;S
20241102;114046;719.2;10;11376635153;S
20241102;114104;719.2;50;11376636354;S
20241102;114104;719.2;21;11376636355;S
20241102;114104;719.2;1;11376636356;S
20241102;114104;719.2;1;11376636357;S
20241102;114104;719;90;11376636358;S
20241102;114104;719;6;11376636359;S
20241102;114104;719;40;11376636360;S
20241102;114104;719;16;11376636361;S
20241102;114104;718.6;20;11376636362;S
20241102;114104;718.2;346;11376636363;S
20241102;114104;718.2;2;11376636364;S
20241102;114104;718;12;11376636365;S
20241102;114104;718;1;11376636366;S
20241102;114104;717.2;388;11376636367;S
20241102;114104;717.2;390;11376636368;S
20241102;114104;717.2;140;11376636369;S
20241102;114104;717;400;11376636370;S
20241102;114104;716.6;76;11376636371;S
20241102;114109;716.6;10;11376636698;S
20241102;114203;719.2;1;11376640840;B
20241102;114207;717;420;11376641146;S
20241102;114207;717;40;11376641147;S
20241102;114207;717;50;11376641148;S
20241102;114213;716.6;17;11376642121;S
20241102;114213;716.6;2;11376642122;S
20241102;114213;716.6;20;11376642123;S
20241102;114213;716.6;11;11376642124;S
20241102;114225;717;1;11376643508;B
20241102;114244;717;1;11376645131;B
20241102;114352;717;140;11376649805;B
20241102;114359;716.6;1;11376650383;S
20241102;114421;716.6;1;11376651898;S
20241102;114434;717;2;11376652801;B
20241102;114516;717;26;11376655580;B
20241102;114543;716.6;1;11376657420;S
20241102;114630;716.6;1;11376660466;S
20241102;114754;717;10;11376665955;B
20241102;114805;717;10;11376666675;B
20241102;114810;717;10;11376667010;B
20241102;114837;717;10;11376669025;B
20241102;114923;717;280;11376672800;B
20241102;115004;716.6;5;11376676217;S
20241102;115033;717;15;11376678764;B
20241102;115133;716.6;1;11376684039;S
20241102;115133;716.6;1;11376684040;S
20241102;115133;716.6;1;11376684041;S
20241102;115133;716.6;2;11376684042;S
20241102;115133;716.6;10;11376684043;S
20241102;115133;716.6;2;11376684044;S
20241102;115137;716.4;14;11376684267;S
20241102;115137;716.2;3;11376684268;S
20241102;115137;716.2;10;11376684269;S
20241102;115301;717;2;11376691028;B
20241102;115357;716.2;220;11376695351;S
20241102;115357;716;285;11376695352;S
20241102;115357;716;15;11376695405;S
20241102;115425;716;1;11376697480;S
20241102;115616;716;1;11376704204;S
20241102;115706;716.6;1;11376707157;S
20241102;115729;716.8;14;11376708745;B
20241102;120315;716.4;1;11376730077;S
20241102;120316;716.4;1;11376730083;B
20241102;120324;716.4;5;11376730482;B
20241102;120324;716.6;45;11376730483;B
20241102;120632;716.8;2;11376742095;B
20241102;120826;716.8;1;11376749599;B
20241102;120846;716.6;7;11376750804;S
20241102;120846;716.6;2;11376750805;S
20241102;120926;716.4;20;11376753175;S
20241102;120941;716.6;358;11376753986;B
20241102;120941;716.6;24;11376753987;B
20241102;120941;716.6;10;11376753991;S
20241102;120943;716.6;83;11376754037;S
20241102;121054;716.6;18;11376758513;S
20241102;121109;716.6;1;11376759447;S
20241102;121252;716.8;1;11376765455;B
20241102;121252;716.8;4;11376765456;B
20241102;121254;716.6;6;11376765541;S
20241102;121314;716.6;2;11376766550;B
20241102;121332;716.6;1;11376767570;B
20241102;121345;716.4;1;11376768198;S
20241102;121403;716.6;1;11376769113;B
20241102;121411;716.6;20;11376769575;B
20241102;121413;716.4;15;11376769664;S
20241102;121439;716.4;250;11376771228;S
20241102;121448;716.6;3;11376771641;B
20241102;121607;716.6;2;11376776320;B
20241102;121704;716.4;5;11376779722;S
20241102;121849;716.4;2;11376785828;S
20241102;121855;716.6;8;11376786231;B
20241102;121855;716.6;2;11376786232;B
20241102;121956;716.6;6;11376789937;B
20241102;122042;716.8;1;11376792784;B
20241102;122226;716.4;118;11376799650;S
20241102;122226;716.4;40;11376799651;S
20241102;122226;716.4;12;11376799652;S
20241102;122226;716.4;29;11376799653;S
20241102;122338;716.4;1;11376803391;B
20241102;122338;716.6;29;11376803392;B
20241102;122338;716.8;95;11376803393;B
20241102;122338;716.8;1;11376803394;B
20241102;122338;716.8;29;11376803395;B
20241102;122338;716.8;40;11376803396;B
20241102;122338;717.4;18;11376803397;B
20241102;122338;717.6;390;11376803398;B
20241102;122338;717.6;50;11376803399;B
20241102;122338;717.8;100;11376803400;B
20241102;122338;718;140;11376803401;B
20241102;122338;718.2;120;11376803402;B
20241102;122338;718.2;55;11376803403;B
20241102;122339;718.2;200;11376803495;B
20241102;122424;717.2;6;11376805924;S
20241102;122529;717.4;6;11376809824;S
20241102;122600;717.2;10;11376811627;S
20241102;122600;717.2;1;11376811628;S
20241102;122735;717.6;30;11376817633;B
20241102;122735;717.8;40;11376817634;B
20241102;122735;717.8;21;11376817635;B
20241102;122735;718;100;11376817636;B
20241102;122735;718;22;11376817637;B
20241102;122735;718.4;47;11376817638;B
20241102;122735;718.6;145;11376817639;B
20241102;122735;718.8;63;11376817640;B
20241102;122813;717.4;1;11376819548;S
20241102;123123;717.6;2;11376829894;S
20241102;123123;717.6;25;11376829895;S
20241102;123123;717.6;40;11376829896;S
20241102;123210;717.6;1;11376832585;B
20241102;123211;717.6;7;11376832640;B
20241102;123225;717.4;1;11376833379;S
20241102;123242;717.2;1;11376834456;S
20241102;123252;717.6;25;11376835085;B
20241102;123252;717.6;1;11376835086;B
20241102;123252;717.8;3;11376835087;B
20241102;123252;718;40;11376835088;B
20241102;123252;718;2;11376835089;B
20241102;123252;718.4;16;11376835090;B
20241102;123252;718.4;114;11376835091;B
20241102;123252;718.6;100;11376835092;B
20241102;123252;718.8;2;11376835093;B
20241102;123252;718.8;5;11376835094;B
20241102;123252;719;1;11376835095;B
20241102;123252;719;100;11376835096;B
20241102;123252;719.2;1;11376835097;B
20241102;123252;719.2;290;11376835098;B
20241102;123252;719.4;1;11376835099;B
20241102;123252;719.8;1;11376835100;B
20241102;123252;719.8;140;11376835101;B
20241102;123252;719.8;327;11376835102;B
20241102;123252;719.8;147;11376835103;B
20241102;123252;720;1;11376835104;B
20241102;123252;720;12;11376835105;B
20241102;123252;720;5;11376835106;B
20241102;123252;720;1;11376835107;B
20241102;123252;720;10;11376835108;B
20241102;123252;720;226;11376835109;B
20241102;123354;719.4;1;11376838386;B
20241102;123354;719.4;4;11376838387;B
20241102;123416;718.4;16;11376839642;S
20241102;123446;718.2;54;11376841483;S
20241102;123614;719;328;11376846538;B
20241102;123614;719;40;11376846539;B
20241102;123614;719;16;11376846540;B
20241102;123614;719.2;100;11376846541;B
20241102;123614;719.8;140;11376846542;B
20241102;123614;720;774;11376846543;B
20241102;123614;720;1;11376846544;B
20241102;123614;720;30;11376846545;B
20241102;123614;720;2;11376846546;B
20241102;123614;720;10;11376846547;B
20241102;123614;720;100;11376846548;B
20241102;123614;720;4;11376846549;B
20241102;123614;720;380;11376846550;B
20241102;123614;720.2;1;11376846551;B
20241102;123614;720.2;18;11376846552;S
20241102;123614;720.2;162;11376846553;S
20241102;123616;720.2;2;11376846727;S
20241102;123621;720.2;1;11376847017;S
20241102;123637;720.2;150;11376847862;S
20241102;123730;720.2;1;11376850527;S
20241102;123749;720.2;1;11376852047;S
20241102;123756;720.2;21;11376852485;S
20241102;123806;720;20;11376853112;S
20241102;123836;720;46;11376854884;B
20241102;123836;720;40;11376854885;B
20241102;123836;720;1;11376854886;B
20241102;123837;720;9;11376854949;S
20241102;123849;720;20;11376855662;S
20241102;123858;720;24;11376856012;S
20241102;124308;719.8;5;11376873084;B
20241102;124308;719.8;25;11376873085;B
20241102;124425;719.8;1;11376878158;S
20241102;124609;719;2;11376885364;B
20241102;124802;719;7;11376893413;B
20241102;124838;718.8;16;11376895932;S
20241102;124838;718.6;1;11376895933;S
20241102;124838;718.6;40;11376895934;S
20241102;124838;718.4;20;11376895935;S
20241102;124838;718.2;22;11376895936;S
20241102;124838;718;12;11376895937;S
20241102;124838;718;50;11376895938;S
20241102;124838;717.8;336;11376895939;S
20241102;124838;717.8;140;11376895940;S
20241102;124838;717.6;54;11376895941;S
20241102;124838;717.6;120;11376895942;S
20241102;124838;717.4;189;11376895943;S
20241102;124848;718.2;7;11376896748;B
20241102;125031;717.2;1;11376902987;S
20241102;125031;717.2;1;11376902988;S
20241102;125031;717.2;18;11376902989;S
20241102;125242;718;1;11376911287;B
20241102;125519;717.4;1;11376922521;S
20241102;125519;717.4;1;11376922522;S
20241102;125519;717.2;2;11376922523;S
20241102;125519;717;40;11376922524;S
20241102;125519;717;40;11376922525;S
20241102;125535;717;1;11376923504;B
20241102;125607;717;5;11376925627;B
20241102;125607;717;150;11376925628;B
20241102;125607;717.2;5;11376925629;B
20241102;125607;717.4;40;11376925630;B
20241102;125607;717.4;7;11376925631;B
20241102;125607;717.6;14;11376925632;B
20241102;125607;717.8;9;11376925633;B
20241102;125607;718;4;11376925634;B
20241102;125607;718;10;11376925635;B
20241102;125607;718;20;11376925636;B
20241102;125607;718.2;30;11376925637;B
20241102;125607;718.4;6;11376925638;B
20241102;125607;718.8;120;11376925639;B
20241102;125607;719;43;11376925640;B
20241102;125607;719;25;11376925641;B
20241102;125607;719;1;11376925642;B
20241102;125607;719.2;189;11376925643;B
20241102;125607;719.4;1;11376925644;B
20241102;125607;719.6;243;11376925645;B
20241102;125745;717.8;1;11376931309;S
20241102;130222;718;1;11376949323;S
20241102;130228;718;1;11376949729;S
20241102;130229;718.8;40;11376949827;B
20241102;130229;718.8;5;11376949828;B
20241102;130229;719;5;11376949829;B
20241102;130232;719.4;7;11376950051;B
20241102;130315;719.4;6;11376952906;B
20241102;130520;719.2;3;11376960258;B
20241102;130545;719;10;11376961683;S
20241102;130659;719;465;11376966412;S
20241102;130713;719;1;11376967290;B
20241102;130756;718.8;1;11376970493;B
20241102;130809;718.8;2;11376971260;B
20241102;130956;718;1;11376978765;S
20241102;130956;718;36;11376978766;S
20241102;131039;718;1;11376982031;S
20241102;131228;717.8;6;11376989280;B
20241102;131228;717.8;1;11376989281;B
20241102;131258;718;10;11376991311;B
20241102;131302;718;1;11376991588;B
20241102;131302;718.8;1;11376991589;B
20241102;131605;718.2;1;11377002629;S
20241102;131605;718.2;1;11377002630;S
20241102;131657;718.6;6;11377005902;B
20241102;131657;718.8;6;11377005903;B
20241102;131845;719;2;11377012454;B
20241102;131845;719.2;10;11377012455;B
20241102;131845;719.2;2;11377012456;B
20241102;131845;719.2;40;11377012457;B
20241102;131845;719.2;6;11377012458;B
20241102;131845;719.4;1;11377012459;B
20241102;131845;719.4;3;11377012460;B
20241102;131845;719.4;43;11377012461;B
20241102;131845;719.4;93;11377012462;B
20241102;131925;719.6;20;11377014740;B
20241102;131929;719.6;20;11377015002;B
20241102;131932;719.6;1;11377015232;B
20241102;131932;719.6;1;11377015233;B
20241102;131932;719.6;1;11377015234;B
20241102;131932;719.6;1;11377015235;B
20241102;131932;719.6;1;11377015236;B
20241102;131939;719.8;20;11377015644;B
20241102;131942;719.8;20;11377015791;B
20241102;131945;719.8;20;11377015943;B
20241102;131953;719.8;100;11377016467;B
20241102;131956;719.8;100;11377016602;B
20241102;131958;719.8;40;11377016776;B
20241102;131958;719.8;5;11377016777;B
20241102;131958;719.8;20;11377016778;B
20241102;131958;719.8;5;11377016779;B
20241102;131958;719.8;30;11377016780;B
20241102;132002;719.8;69;11377017003;B
20241102;132008;719.8;10;11377017347;S
20241102;132031;720;150;11377018893;B
20241102;132031;720;1;11377018894;B
20241102;132031;720;40;11377018895;B
20241102;132031;720;3;11377018896;B
20241102;132031;720;6;11377018897;B
20241102;132033;719.8;21;11377019039;S
20241102;132033;719.8;29;11377019040;S
20241102;132035;720;9;11377019116;B
20241102;132035;720;1;11377019117;B
20241102;132035;720;190;11377019118;B
20241102;132036;720;2;11377019196;B
20241102;132039;720;200;11377019339;B
20241102;132044;720;200;11377020527;B
20241102;132048;720;200;11377020728;B
20241102;132058;720;40;11377021319;B
20241102;132116;720;31;11377022447;B
20241102;132126;720;1417;11377023076;B
20241102;132128;720;1;11377023200;B
20241102;132128;720;1;11377023206;B
20241102;132128;720;1;11377023209;B
20241102;132129;720;1;11377023230;B
20241102;132141;720;1;11377023867;B
20241102;132222;719.8;12;11377026184;S
20241102;132331;719.8;5;11377029875;S
20241102;132358;719.8;24;11377031296;S
20241102;132413;719.8;30;11377032103;S
20241102;132413;719.6;15;11377032104;S
20241102;132413;719.6;30;11377032105;S
20241102;132527;720;700;11377036328;B
20241102;132527;720;15;11377036329;B
20241102;132527;720;7;11377036330;B
20241102;132527;720;8;11377036331;B
20241102;132527;720;42;11377036332;B
20241102;132527;720;20;11377036333;B
20241102;132652;720.2;2;11377041363;B
20241102;132652;720.2;6;11377041366;B
20241102;132957;720;17;11377050806;S
20241102;133043;720.2;1;11377053207;B
20241102;133201;720;2;11377057253;S
20241102;133243;720;2;11377058977;S
20241102;133359;720;1;11377063710;S
20241102;133430;720;27;11377065546;S
20241102;133430;720;1;11377065547;S
20241102;133634;719.4;2;11377072961;S
20241102;133715;719.4;2;11377076066;S
20241102;133804;719.4;1;11377079334;S
20241102;133827;719.4;1;11377081034;S
20241102;133830;719.4;4;11377081159;S
20241102;133840;719.4;5;11377081847;S
20241102;133909;719.6;22;11377083655;B
20241102;133909;719.8;4;11377083656;B
20241102;134327;719.8;1;11377099535;B
20241102;134546;719.4;1;11377108101;S
20241102;134652;719.8;1;11377111758;B
20241102;134807;719.8;15;11377115576;B
20241102;134840;719.4;4;11377117367;S
20241102;134840;719.4;1;11377117368;S
20241102;134916;719.4;19;11377119321;S
20241102;134916;719.4;17;11377119322;S
20241102;134916;719.4;2;11377119341;B
20241102;134923;719.4;3;11377119780;B
20241102;134940;719.4;2;11377120940;B
20241102;135041;719.2;20;11377126136;S
20241102;135041;719.2;1;11377126137;S
20241102;135119;719;20;11377128389;S
20241102;135119;719;1;11377128390;S
20241102;135119;719;5;11377128391;S
20241102;135119;719;1;11377128392;S
20241102;135119;719;15;11377128393;S
20241102;135301;719;1;11377135135;B
20241102;135303;718.8;7;11377135251;S
20241102;135308;719;15;11377135541;B
20241102;135453;719;93;11377142360;B
20241102;135453;719;1;11377142361;B
20241102;135453;719;2;11377142362;B
20241102;135516;719.2;4;11377143650;B
20241102;135535;718.8;13;11377144590;S
20241102;135535;718.8;2;11377144591;S
20241102;135600;719.2;36;11377146207;B
20241102;135600;719.4;57;11377146208;B
20241102;135600;719.4;13;11377146209;B
20241102;135600;719.6;5;11377146210;B
20241102;135600;719.6;14;11377146211;B
20241102;135600;719.6;40;11377146212;B
20241102;135600;719.8;29;11377146213;B
20241102;135600;719.8;50;11377146214;B
20241102;135600;719.8;5;11377146215;B
20241102;135600;719.8;1;11377146216;B
20241102;135600;719.8;2;11377146217;B
20241102;135714;719.6;1;11377151004;B
20241102;140242;719.6;2;11377168917;B
20241102;140242;719.6;1;11377168918;B
20241102;140242;719.6;1;11377168942;B
20241102;140244;719.6;1;11377169046;B
20241102;140301;718.8;1;11377170130;S
20241102;140303;718.8;2;11377170220;S
20241102;140520;719.4;4;11377181859;B
20241102;140520;719.4;4;11377181861;B
20241102;140520;719.6;4;11377181864;B
20241102;140520;719.6;4;11377181867;B
20241102;140520;719.6;4;11377181877;B
20241102;140520;719.6;4;11377181883;B
20241102;140520;719.6;4;11377181889;B
20241102;140521;719.6;3;11377181907;B
20241102;140521;719.6;1;11377181908;B
20241102;140521;719.6;4;11377181914;B
20241102;140521;719.6;4;11377181916;B
20241102;140521;719.6;4;11377181919;B
20241102;140525;719.6;2;11377182225;B
20241102;140525;719.6;2;11377182228;B
20241102;140525;719.6;2;11377182230;B
20241102;140525;719.6;2;11377182234;B
20241102;140525;719.6;2;11377182248;B
20241102;140525;719.6;2;11377182259;B
20241102;140525;719.6;2;11377182279;B
20241102;140525;719.6;2;11377182290;B
20241102;140525;719.6;2;11377182291;B
20241102;140525;719.6;1;11377182295;B
20241102;140527;719.6;2;11377182354;B
20241102;140527;719.6;3;11377182355;B
20241102;140527;719.6;2;11377182356;B
20241102;140527;719.6;4;11377182357;B
20241102;140527;719.6;4;11377182358;B
20241102;140527;719.6;5;11377182359;B
20241102;140527;719.6;3;11377182360;B
20241102;140527;719.6;4;11377182361;B
20241102;140527;719.8;1;11377182362;B
20241102;140527;719.8;2;11377182363;B
20241102;140527;719.8;4;11377182364;B
20241102;140527;719.8;2;11377182365;B
20241102;140527;719.8;2;11377182366;B
20241102;140527;719.8;3;11377182367;B
20241102;140527;719.8;2;11377182368;B
20241102;140527;719.8;4;11377182369;B
20241102;140527;719.8;2;11377182370;B
20241102;140527;719.8;4;11377182371;B
20241102;140527;719.8;2;11377182372;B
20241102;140527;719.8;4;11377182373;B
20241102;140527;719.8;3;11377182374;B
20241102;140527;719.8;4;11377182375;B
20241102;140527;719.8;4;11377182376;B
20241102;140527;719.8;5;11377182377;B
20241102;140527;719.8;2;11377182378;B
20241102;140527;719.8;8;11377182379;B
20241102;140527;719.8;4;11377182380;B
20241102;140527;719.8;2;11377182381;B
20241102;140527;719.8;2;11377182382;B
20241102;140527;719.8;3;11377182383;B
20241102;140527;719.8;2;11377182384;B
20241102;140527;719.8;4;11377182385;B
20241102;140527;719.8;2;11377182386;B
20241102;140527;719.8;4;11377182387;B
20241102;140527;719.8;2;11377182389;B
20241102;140527;719.8;4;11377182390;B
20241102;140527;719.8;3;11377182391;B
20241102;140527;719.8;4;11377182392;B
20241102;140527;719.8;4;11377182393;B
20241102;140527;719.8;5;11377182394;B
20241102;140527;719.8;2;11377182395;B
20241102;140527;719.8;8;11377182396;B
20241102;140527;719.8;4;11377182397;B
20241102;140527;719.8;2;11377182398;B
20241102;140527;719.8;2;11377182399;B
20241102;140527;719.8;3;11377182400;B
20241102;140527;719.8;2;11377182401;B
20241102;140527;719.8;4;11377182402;B
20241102;140527;719.8;2;11377182403;B
20241102;140527;719.8;4;11377182404;B
20241102;140527;719.8;1;11377182406;B
20241102;140527;719.8;1;11377182407;B
20241102;140527;719.8;2;11377182408;B
20241102;140527;719.8;2;11377182409;B
20241102;140527;719.8;2;11377182410;B
20241102;140527;719.8;3;11377182411;B
20241102;140528;719.8;2;11377182492;S
20241102;140536;720;2;11377182941;B
20241102;140559;720;3;11377184212;B
20241102;140700;720;2;11377187952;B
20241102;140700;720;3;11377187953;B
20241102;140700;720;2;11377187957;B
20241102;140700;720;8;11377187960;B
20241102;140700;720;3;11377187962;B
20241102;140700;720;7;11377187963;B
20241102;140700;720;4;11377187965;B
20241102;140700;720;5;11377187967;B
20241102;140700;720;2;11377187983;B
20241102;140700;720;3;11377187985;B
20241102;140700;720;2;11377187986;B
20241102;140700;720;2;11377187987;B
20241102;140700;720;8;11377187988;B
20241102;140700;720;7;11377187989;B
20241102;140700;720;1;11377187990;B
20241102;140700;720;4;11377187991;B
20241102;140700;720;5;11377187992;B
20241102;140700;720;4;11377187993;B
20241102;140700;720;3;11377187994;B
20241102;140700;720;3;11377187996;B
20241102;140700;720;2;11377187997;B
20241102;140700;720;2;11377187998;B
20241102;140700;720;2;11377187999;B
20241102;140700;720;2;11377188000;B
20241102;140700;720;2;11377188006;B
20241102;140700;720;3;11377188007;B
20241102;140700;720;10;11377188008;B
20241102;140700;720;2;11377188009;B
20241102;140700;720;8;11377188010;B
20241102;140700;720;4;11377188011;B
20241102;140700;720;5;11377188012;B
20241102;140700;720;4;11377188013;B
20241102;140700;720;3;11377188014;B
20241102;140700;720;3;11377188015;B
20241102;140700;720;2;11377188017;B
20241102;140700;720;2;11377188018;B
20241102;140700;720;2;11377188019;B
20241102;140700;720;2;11377188020;B
20241102;140700;720;4;11377188021;B
20241102;140700;720;2;11377188022;B
20241102;140700;720;3;11377188023;B
20241102;140700;720;10;11377188024;B
20241102;140700;720;2;11377188025;B
20241102;140700;720;4;11377188026;B
20241102;140700;720;5;11377188027;B
20241102;140700;720;4;11377188028;B
20241102;140700;720;8;11377188029;B
20241102;140700;720;3;11377188030;B
20241102;140700;720;3;11377188031;B
20241102;140700;720;2;11377188033;B
20241102;140700;720;2;11377188034;B
20241102;140700;720;2;11377188035;B
20241102;140700;720;2;11377188036;B
20241102;140700;720;4;11377188037;B
20241102;140700;720;2;11377188040;B
20241102;140700;720;3;11377188041;B
20241102;140700;720;2;11377188042;B
20241102;140700;720;10;11377188043;B
20241102;140700;720;4;11377188044;B
20241102;140700;720;4;11377188045;B
20241102;140700;720;8;11377188046;B
20241102;140700;720;5;11377188047;B
20241102;140700;720;3;11377188048;B
20241102;140700;720;3;11377188049;B
20241102;140701;720;2;11377188052;B
20241102;140701;720;2;11377188053;B
20241102;140701;720;2;11377188054;B
20241102;140701;720;4;11377188055;B
20241102;140701;720;2;11377188056;B
20241102;140701;720;1;11377188057;B
20241102;140701;720;3;11377188058;B
20241102;140701;720;10;11377188060;B
20241102;140701;720;4;11377188061;B
20241102;140701;720;4;11377188062;B
20241102;140701;720;8;11377188063;B
20241102;140701;720;5;11377188064;B
20241102;140701;720;3;11377188065;B
20241102;140701;720;3;11377188066;B
20241102;140701;720;23;11377188067;B
20241102;140701;720;4;11377188068;B
20241102;140701;720;2;11377188069;B
20241102;140701;720;2;11377188070;B
20241102;140701;720;2;11377188071;B
20241102;140701;720;4;11377188072;B
20241102;140701;720;2;11377188073;B
20241102;140701;720;2;11377188074;B
20241102;140701;720;2;11377188075;B
20241102;140701;720;10;11377188078;B
20241102;140701;720;4;11377188079;B
20241102;140701;720;4;11377188080;B
20241102;140701;720;8;11377188081;B
20241102;140701;720;23;11377188082;B
20241102;140701;720;5;11377188083;B
20241102;140701;720;3;11377188084;B
20241102;140701;720;2;11377188085;B
20241102;140701;720;3;11377188086;B
20241102;140701;720;2;11377188087;B
20241102;140701;720;2;11377188088;B
20241102;140701;720;4;11377188089;B
20241102;140701;720;2;11377188091;B
20241102;140701;720;4;11377188092;B
20241102;140701;720;2;11377188093;B
20241102;140701;720;2;11377188094;B
20241102;140701;720;2;11377188095;B
20241102;140701;720;10;11377188097;B
20241102;140701;720;4;11377188098;B
20241102;140701;720;4;11377188099;B
20241102;140701;720;8;11377188100;B
20241102;140701;720;23;11377188101;B
20241102;140701;720;5;11377188102;B
20241102;140701;720;2;11377188103;B
20241102;140701;720;3;11377188104;B
20241102;140701;720;2;11377188106;B
20241102;140701;720;2;11377188107;B
20241102;140701;720;4;11377188108;B
20241102;140701;720;3;11377188109;B
20241102;140701;720;2;11377188127;B
20241102;140701;720;4;11377188128;B
20241102;140701;720;2;11377188129;B
20241102;140701;720;2;11377188130;B
20241102;140701;720;2;11377188131;B
20241102;140701;720;10;11377188132;B
20241102;140701;720;4;11377188133;B
20241102;140701;720;8;11377188134;B
20241102;140701;720;23;11377188135;B
20241102;140701;720;5;11377188136;B
20241102;140701;720;4;11377188137;B
20241102;140701;720;2;11377188138;B
20241102;140701;720;3;11377188139;B
20241102;140701;720;3;11377188140;B
20241102;140701;720;4;11377188142;B
20241102;140701;720;2;11377188143;B
20241102;140701;720;2;11377188144;B
20241102;140701;720;2;11377188158;B
20241102;140701;720;4;11377188159;B
20241102;140701;720;2;11377188160;B
20241102;140701;720;2;11377188161;B
20241102;140701;720;2;11377188162;B
20241102;140701;720;9;11377188163;B
20241102;140701;720;8;11377188164;B
20241102;140701;720;23;11377188165;B
20241102;140701;720;2;11377188166;B
20241102;140701;720;1;11377188167;B
20241102;140701;720;2;11377188168;B
20241102;140701;720;4;11377188170;B
20241102;140701;720;2;11377188171;B
20241102;140701;720;2;11377188172;B
20241102;140701;720;4;11377188173;B
20241102;140701;720;2;11377188174;B
20241102;140701;720;3;11377188175;B
20241102;140701;720;2;11377188177;B
20241102;140701;720;4;11377188178;B
20241102;140701;720;2;11377188179;B
20241102;140701;720;2;11377188180;B
20241102;140701;720;2;11377188181;B
20241102;140701;720;23;11377188183;B
20241102;140701;720;2;11377188184;B
20241102;140701;720;1;11377188185;B
20241102;140701;720;2;11377188186;B
20241102;140701;720;4;11377188187;B
20241102;140701;720;3;11377188188;B
20241102;140701;720;2;11377188189;B
20241102;140701;720;4;11377188192;B
20241102;140701;720;2;11377188193;B
20241102;140701;720;1;11377188194;B
20241102;140701;720;1;11377188195;B
20241102;140701;720;23;11377188199;B
20241102;140701;720;2;11377188200;B
20241102;140701;720;2;11377188201;B
20241102;140701;720;4;11377188202;B
20241102;140701;720;3;11377188203;B
20241102;140701;720;2;11377188204;B
20241102;140701;720;1;11377188205;B
20241102;140701;720;23;11377188206;B
20241102;140701;720;2;11377188208;B
20241102;140701;720;2;11377188209;B
20241102;140701;720;4;11377188210;B
20241102;140701;720;2;11377188211;B
20241102;140701;720;23;11377188212;B
20241102;140701;720;2;11377188214;B
20241102;140701;720;2;11377188215;B
20241102;140701;720;4;11377188216;B
20241102;140701;720;2;11377188217;B
20241102;140701;720;19;11377188218;B
20241102;140701;720;1;11377188220;B
20241102;140701;720;2;11377188221;B
20241102;140701;720;4;11377188222;B
20241102;140701;720;2;11377188223;B
20241102;140701;720;4;11377188231;B
20241102;140701;720;1;11377188232;B
20241102;140701;720;1;11377188233;B
20241102;140702;720;2;11377188259;B
20241102;140702;720;2;11377188260;B
20241102;140702;720;2;11377188262;B
20241102;140702;720;2;11377188264;B
20241102;140702;720;2;11377188266;B
20241102;140702;720;2;11377188267;B
20241102;140702;720;2;11377188270;B
20241102;140702;720;2;11377188271;B
20241102;140702;720;2;11377188273;B
20241102;140702;720;2;11377188274;B
20241102;140702;720;2;11377188280;B
20241102;140702;720;2;11377188281;B
20241102;140702;720;2;11377188283;B
20241102;140702;720;2;11377188284;B
20241102;140702;720;2;11377188286;B
20241102;140702;720;2;11377188287;B
20241102;140703;720;2;11377188288;B
20241102;140703;720;2;11377188289;B
20241102;140703;720;2;11377188296;B
20241102;140703;720;2;11377188297;B
20241102;140703;720;2;11377188299;B
20241102;140703;720;2;11377188301;B
20241102;140703;720;3;11377188328;B
20241102;140704;720;3;11377188349;B
20241102;140704;720;5;11377188350;B
20241102;140704;720;6;11377188351;B
20241102;140704;720;2;11377188352;B
20241102;140704;720;11;11377188353;B
20241102;140704;720;2;11377188354;B
20241102;140704;720;2;11377188355;B
20241102;140704;720;7;11377188356;B
20241102;140704;720;2;11377188357;B
20241102;140704;720;4;11377188380;B
20241102;140704;720;2;11377188381;B
20241102;140704;720;4;11377188382;B
20241102;140704;720;3;11377188385;B
20241102;140704;720;5;11377188386;B
20241102;140704;720;6;11377188387;B
20241102;140704;720;2;11377188388;B
20241102;140704;720;11;11377188389;B
20241102;140704;720;2;11377188390;B
20241102;140704;720;2;11377188391;B
20241102;140704;720;2;11377188392;B
20241102;140704;720;7;11377188393;B
20241102;140704;720;2;11377188396;B
20241102;140704;720;5;11377188397;B
20241102;140704;720;10;11377188398;B
20241102;140704;720;3;11377188399;B
20241102;140704;720;3;11377188400;B
20241102;140704;720;4;11377188407;B
20241102;140704;720;2;11377188408;B
20241102;140704;720;4;11377188410;B
20241102;140704;720;66;11377188411;B
20241102;140704;720;3;11377188412;B
20241102;140704;720;5;11377188413;B
20241102;140704;720;6;11377188414;B
20241102;140704;720;2;11377188415;B
20241102;140704;720;11;11377188416;B
20241102;140704;720;2;11377188417;B
20241102;140704;720;2;11377188418;B
20241102;140704;720;2;11377188419;B
20241102;140704;720;7;11377188420;B
20241102;140704;720;2;11377188422;B
20241102;140704;720;5;11377188423;B
20241102;140704;720;10;11377188424;B
20241102;140704;720;3;11377188425;B
20241102;140704;720;3;11377188426;B
20241102;140704;720;4;11377188427;B
20241102;140704;720;2;11377188430;B
20241102;140704;720;4;11377188431;B
20241102;140704;720;66;11377188432;B
20241102;140704;720;2;11377188433;B
20241102;140704;720;6;11377188434;B
20241102;140704;720;3;11377188436;B
20241102;140704;720;5;11377188437;B
20241102;140704;720;11;11377188438;B
20241102;140704;720;2;11377188439;B
20241102;140704;720;2;11377188440;B
20241102;140704;720;2;11377188441;B
20241102;140704;720;7;11377188442;B
20241102;140704;720;2;11377188443;B
20241102;140704;720;5;11377188450;B
20241102;140704;720;10;11377188451;B
20241102;140704;720;3;11377188452;B
20241102;140704;720;3;11377188453;B
20241102;140704;720;4;11377188454;B
20241102;140704;720;2;11377188455;B
20241102;140704;720;66;11377188456;B
20241102;140704;720;2;11377188457;B
20241102;140704;720;6;11377188458;B
20241102;140704;720;71;11377188459;B
20241102;140704;720;3;11377188460;B
20241102;140704;720;4;11377188461;B
20241102;140704;720;18;11377188462;B
20241102;140704;720;11;11377188463;B
20241102;140704;720;2;11377188464;B
20241102;140704;720;2;11377188465;B
20241102;140704;720;2;11377188466;B
20241102;140704;720;5;11377188467;B
20241102;140704;720;7;11377188468;B
20241102;140704;720;2;11377188469;B
20241102;140704;720;71;11377188470;B
20241102;140704;720;2;11377188474;B
20241102;140711;720;1;11377188852;S
20241102;140716;720.2;1;11377189163;B
20241102;140716;720.2;14;11377189164;B
20241102;140716;720.2;15;11377189169;B
20241102;140716;720.2;15;11377189182;B
20241102;140717;720.2;15;11377189196;B
20241102;140717;720.2;11;11377189201;B
20241102;140717;720.2;4;11377189202;B
20241102;140717;720.2;13;11377189207;B
20241102;140717;720.2;1;11377189208;B
20241102;140717;720.2;1;11377189209;B
20241102;140717;720.2;15;11377189221;B
20241102;140717;720.2;15;11377189225;B
20241102;140717;720.2;149;11377189229;B
20241102;140717;720.2;2;11377189230;B
20241102;140717;720.4;14;11377189236;B
20241102;140717;720.4;1;11377189237;B
20241102;140718;720.6;15;11377189251;B
20241102;140718;720.6;5;11377189316;B
20241102;140718;720.6;1;11377189317;B
20241102;140718;720.6;9;11377189318;B
20241102;140718;720.6;15;11377189329;B
20241102;140718;720.6;15;11377189334;B
20241102;140719;720.6;15;11377189348;B
20241102;140719;720.6;15;11377189353;B
20241102;140719;720.6;15;11377189358;B
20241102;140719;720.6;15;11377189360;B
20241102;140719;720.6;25;11377189364;B
20241102;140719;720.6;8;11377189366;B
20241102;140719;720.8;7;11377189367;B
20241102;140719;720.8;15;11377189374;B
20241102;140720;720.8;15;11377189381;B
20241102;140720;720.8;13;11377189391;B
20241102;140720;720.8;2;11377189392;B
20241102;140720;720.8;1;11377189393;B
20241102;140720;721;24;11377189394;B
20241102;140720;721;10;11377189403;B
20241102;140720;721;15;11377189404;B
20241102;140720;721;25;11377189427;B
20241102;140720;721;15;11377189428;B
20241102;140720;721;11;11377189431;B
20241102;140720;721;10;11377189432;B
20241102;140720;721;4;11377189433;B
20241102;140720;720.8;31;11377189436;S
20241102;140720;720.6;40;11377189437;S
20241102;140720;720.6;32;11377189438;S
20241102;140720;720.2;49;11377189439;S
20241102;140720;720.2;1;11377189440;S
20241102;140720;720.2;140;11377189441;S
20241102;140720;720;2;11377189442;S
20241102;140720;720;5;11377189443;S
20241102;140720;721;15;11377189445;B
20241102;140720;721;25;11377189448;B
20241102;140720;721;15;11377189466;B
20241102;140721;721;25;11377189473;B
20241102;140721;721;15;11377189475;B
20241102;140721;721;1;11377189478;B
20241102;140721;721;2;11377189479;B
20241102;140721;721;22;11377189480;B
20241102;140721;721;15;11377189485;B
20241102;140721;721;25;11377189487;B
20241102;140721;721;15;11377189499;B
20241102;140721;721;25;11377189500;B
20241102;140723;721;15;11377189630;B
20241102;140724;721;15;11377189691;B
20241102;140724;721;15;11377189695;B
20241102;140724;721;15;11377189735;B
20241102;140724;721;15;11377189752;B
20241102;140741;721;7;11377190806;B
20241102;140806;721;4;11377192382;B
20241102;140806;721;2;11377192383;B
20241102;140806;721;7;11377192385;B
20241102;140806;721;2;11377192386;B
20241102;140806;721;2;11377192387;B
20241102;140806;721;3;11377192388;B
20241102;140806;721;11;11377192389;B
20241102;140806;721;4;11377192390;B
20241102;140806;721;2;11377192391;B
20241102;140806;721;2;11377192393;B
20241102;140806;721;6;11377192394;B
20241102;140806;721;5;11377192395;B
20241102;140806;721;4;11377192396;B
20241102;140806;721;4;11377192397;B
20241102;140806;721;7;11377192400;B
20241102;140806;721;2;11377192401;B
20241102;140806;721;2;11377192402;B
20241102;140806;721;3;11377192403;B
20241102;140806;721;11;11377192404;B
20241102;140806;721;4;11377192405;B
20241102;140806;721;2;11377192409;B
20241102;140806;721;2;11377192410;B
20241102;140806;721;6;11377192411;B
20241102;140806;721;5;11377192412;B
20241102;140806;721;4;11377192413;B
20241102;140806;721;4;11377192414;B
20241102;140806;721;5;11377192415;B
20241102;140806;721;1;11377192416;B
20241102;140806;721;1;11377192417;B
20241102;140806;721;1;11377192418;B
20241102;140806;721;1;11377192419;B
20241102;140806;721;1;11377192420;B
20241102;140806;721.2;2;11377192421;B
20241102;140806;721.2;1;11377192422;B
20241102;140806;721.2;4;11377192423;B
20241102;140806;721.2;2;11377192424;B
20241102;140806;721.4;4;11377192425;B
20241102;140806;721.4;2;11377192426;B
20241102;140806;721.4;7;11377192429;B
20241102;140806;721.4;2;11377192430;B
20241102;140806;721.4;2;11377192431;B
20241102;140806;721.4;3;11377192432;B
20241102;140806;721.4;11;11377192433;B
20241102;140806;721.4;4;11377192434;B
20241102;140806;721.4;2;11377192435;B
20241102;140806;721.4;4;11377192436;B
20241102;140806;721.4;2;11377192443;B
20241102;140806;721.4;2;11377192445;B
20241102;140806;721.4;6;11377192446;B
20241102;140806;721.4;5;11377192447;B
20241102;140806;721.4;4;11377192448;B
20241102;140806;721.4;4;11377192449;B
20241102;140806;721.4;5;11377192450;B
20241102;140806;721.4;8;11377192451;B
20241102;140806;721.4;4;11377192452;B
20241102;140806;721.4;2;11377192453;B
20241102;140806;721.4;4;11377192454;B
20241102;140806;721.4;2;11377192455;B
20241102;140806;721.4;7;11377192458;B
20241102;140806;721.4;2;11377192460;B
20241102;140806;721.4;2;11377192461;B
20241102;140806;721.4;1;11377192462;B
20241102;140806;721.4;11;11377192463;B
20241102;140806;721.4;2;11377192464;B
20241102;140806;721.4;4;11377192465;B
20241102;140806;721.4;4;11377192466;B
20241102;140806;721.4;2;11377192467;B
20241102;140806;721.4;2;11377192470;B
20241102;140806;721.4;6;11377192471;B
20241102;140806;721.4;5;11377192472;B
20241102;140806;721.4;4;11377192473;B
20241102;140806;721.4;4;11377192474;B
20241102;140806;721.4;5;11377192475;B
20241102;140806;721.4;8;11377192476;B
20241102;140806;721.4;4;11377192477;B
20241102;140806;721.4;2;11377192478;B
20241102;140806;721.4;4;11377192479;B
20241102;140806;721.4;2;11377192481;B
20241102;140806;721.4;5;11377192482;B
20241102;140806;721.4;2;11377192484;B
20241102;140806;721.4;2;11377192485;B
20241102;140806;721.4;10;11377192486;B
20241102;140806;721.4;2;11377192487;B
20241102;140806;721.4;4;11377192488;B
20241102;140806;721.4;4;11377192489;B
20241102;140806;721.4;2;11377192490;B
20241102;140806;721.4;2;11377192491;B
20241102;140806;721.4;6;11377192492;B
20241102;140806;721.4;5;11377192493;B
20241102;140806;721.4;4;11377192494;B
20241102;140806;721.4;4;11377192495;B
20241102;140806;721.4;5;11377192496;B
20241102;140806;721.4;8;11377192498;B
20241102;140806;721.4;4;11377192499;B
20241102;140806;721.4;2;11377192500;B
20241102;140806;721.4;4;11377192501;B
20241102;140806;721.4;2;11377192503;B
20241102;140806;721.4;2;11377192511;B
20241102;140806;721.4;4;11377192513;B
20241102;140806;721.4;2;11377192514;B
20241102;140806;721.4;1;11377192515;B
20241102;140806;721.4;1;11377192516;B
20241102;140806;721.4;2;11377192517;B
20241102;140806;721.4;3;11377192518;B
20241102;140806;721.4;4;11377192519;B
20241102;140806;721.4;5;11377192520;B
20241102;140806;721.4;8;11377192521;B
20241102;140806;721.4;4;11377192522;B
20241102;140806;721.4;2;11377192523;B
20241102;140806;721.4;4;11377192524;B
20241102;140806;721.4;2;11377192525;B
20241102;140806;721.4;2;11377192531;B
20241102;140806;721.4;4;11377192532;B
20241102;140806;721.4;1;11377192534;B
20241102;140806;721.4;5;11377192535;B
20241102;140806;721.4;8;11377192536;B
20241102;140806;721.4;4;11377192537;B
20241102;140806;721.4;2;11377192539;B
20241102;140806;721.4;4;11377192541;B
20241102;140806;721.4;2;11377192542;B
20241102;140806;721.4;2;11377192544;B
20241102;140806;721.4;4;11377192546;B
20241102;140806;721.4;4;11377192547;B
20241102;140806;721.4;7;11377192548;B
20241102;140806;721.4;4;11377192549;B
20241102;140806;721.4;1;11377192550;B
20241102;140806;721.4;4;11377192551;B
20241102;140806;721.4;2;11377192553;B
20241102;140806;721.4;2;11377192554;B
20241102;140806;721.4;1;11377192556;B
20241102;140807;721.4;1;11377192558;B
20241102;140807;721.4;2;11377192559;B
20241102;140807;721.4;2;11377192563;B
20241102;140808;721.2;1;11377192607;S
20241102;140808;721.4;3;11377192610;B
20241102;140808;721.4;4;11377192611;B
20241102;140808;721.4;3;11377192614;B
20241102;140808;721.4;4;11377192616;B
20241102;140808;721.4;3;11377192617;B
20241102;140808;721.4;4;11377192618;B
20241102;140808;721.4;3;11377192623;B
20241102;140808;721.4;4;11377192624;B
20241102;140808;721.4;3;11377192625;B
20241102;140808;721.4;4;11377192626;B
20241102;140808;721.4;3;11377192629;B
20241102;140808;721.4;4;11377192630;B
20241102;140808;721.4;3;11377192633;B
20241102;140808;721.4;3;11377192634;B
20241102;140808;721.4;1;11377192636;B
20241102;140808;721.4;25;11377192662;B
20241102;140808;721.4;25;11377192716;B
20241102;140809;721.4;25;11377192725;B
20241102;140809;721.4;1;11377192749;B
20241102;140809;721.4;2;11377192750;B
20241102;140809;721.4;3;11377192751;B
20241102;140809;721.4;1;11377192752;B
20241102;140809;721.6;1;11377192753;B
20241102;140809;721.6;1;11377192754;B
20241102;140809;722;1;11377192791;B
20241102;140809;722;10;11377192792;B
20241102;140809;722;1;11377192793;B
20241102;140809;722;1;11377192794;B
20241102;140809;722;2;11377192795;B
20241102;140809;722;15;11377192818;B
20241102;140809;722;5;11377192823;B
20241102;140809;722;10;11377192824;B
20241102;140810;722;3;11377192831;B
20241102;140810;722;12;11377192832;B
20241102;140810;722;15;11377192843;B
20241102;140810;722;3;11377192849;B
20241102;140810;722;12;11377192850;B
20241102;140810;722;15;11377192857;B
20241102;140810;722;73;11377192858;B
20241102;140810;722;20;11377192859;B
20241102;140810;722;5;11377192860;B
20241102;140810;722;1;11377192861;B
20241102;140810;722;3;11377192862;B
20241102;140810;722;12;11377192863;B
20241102;140810;722.2;1;11377192864;B
20241102;140810;722.2;6;11377192865;B
20241102;140810;722.2;1;11377192866;B
20241102;140810;722.2;54;11377192867;B
20241102;140810;722.2;24;11377192868;B
20241102;140810;722.2;15;11377192876;B
20241102;140810;722;15;11377192882;B
20241102;140810;722;5;11377192883;B
20241102;140810;722.2;1;11377192884;B
20241102;140810;722.2;19;11377192885;B
20241102;140811;722.4;4;11377192905;B
20241102;140811;722.4;11;11377192906;B
20241102;140811;722.4;15;11377192913;B
20241102;140811;722.4;15;11377192916;B
20241102;140811;722.4;15;11377192932;B
20241102;140811;722.4;15;11377192961;B
20241102;140811;722.4;15;11377192976;B
20241102;140812;722.4;14;11377193007;B
20241102;140812;722.4;1;11377193008;B
20241102;140812;722.6;15;11377193012;B
20241102;140812;722.6;15;11377193015;B
20241102;140812;722.6;15;11377193022;B
20241102;140812;722.6;15;11377193029;B
20241102;140812;722.6;15;11377193030;B
20241102;140813;722.6;15;11377193042;B
20241102;140813;722.6;15;11377193073;B
20241102;140813;722.6;15;11377193080;B
20241102;140813;722.6;15;11377193081;B
20241102;140813;722.6;15;11377193097;B
20241102;140814;722.6;15;11377193121;B
20241102;140814;722.6;15;11377193126;B
20241102;140814;722.6;15;11377193146;B
20241102;140814;722.6;15;11377193171;B
20241102;140815;722.6;15;11377193220;B
20241102;140815;722.6;15;11377193230;B
20241102;140815;722.6;15;11377193237;B
20241102;140819;722.6;45;11377193618;B
20241102;140819;722.6;1;11377193619;B
20241102;140819;722.6;4;11377193620;B
20241102;140819;722.6;40;11377193621;B
20241102;140819;722.6;110;11377193644;S
20241102;140856;722.6;7;11377196199;B
20241102;140856;722.6;7;11377196204;B
20241102;140856;722.6;7;11377196206;B
20241102;140856;722.6;2;11377196271;B
20241102;140856;722.6;7;11377196272;B
20241102;140856;722.6;4;11377196282;B
20241102;140856;722.6;2;11377196395;B
20241102;140856;722.6;7;11377196402;B
20241102;140856;722.6;4;11377196406;B
20241102;140856;722.6;2;11377196544;B
20241102;140856;722.6;5;11377196554;B
20241102;140856;722.6;2;11377196555;B
20241102;140856;722.6;4;11377196556;B
20241102;140856;722.6;2;11377196619;B
20241102;140856;722.6;7;11377196635;B
20241102;140856;722.6;4;11377196636;B
20241102;140856;722.6;2;11377196710;B
20241102;140856;722.6;7;11377196717;B
20241102;140856;722.6;4;11377196721;B
20241102;140856;722.6;2;11377196822;B
20241102;140856;722.6;6;11377196832;B
20241102;140856;722.6;1;11377196833;B
20241102;140856;722.6;2;11377196834;B
20241102;140856;722.6;2;11377196835;B
20241102;140856;722.6;2;11377196936;B
20241102;140856;722.6;6;11377196943;B
20241102;140856;722.6;1;11377196944;B
20241102;140856;722.6;1;11377196945;B
20241102;140856;722.6;3;11377196946;B
20241102;140856;722.6;2;11377197031;B
20241102;140856;722.6;2;11377197036;B
20241102;140856;722.6;1;11377197037;B
20241102;140856;722.8;4;11377197038;B
20241102;140856;722.8;1;11377197042;B
20241102;140856;722.8;4;11377197056;B
20241102;140856;722.8;2;11377197060;B
20241102;140856;722.8;2;11377197139;B
20241102;140856;722.8;4;11377197161;B
20241102;140856;722.8;1;11377197162;B
20241102;140856;722.8;2;11377197166;B
20241102;140856;722.8;4;11377197167;B
20241102;140856;722.8;1;11377197261;B
20241102;140856;722.8;1;11377197266;B
20241102;140856;722.8;2;11377197268;B
20241102;140856;722.8;4;11377197272;B
20241102;140856;722.8;1;11377197342;B
20241102;140856;722.8;2;11377197346;B
20241102;140856;722.8;4;11377197347;B
20241102;140856;722.8;1;11377197415;B
20241102;140856;722.8;2;11377197486;B
20241102;140856;722.8;4;11377197496;B
20241102;140857;722.8;1;11377197539;B
20241102;140857;722.8;2;11377197619;B
20241102;140857;722.8;1;11377197626;B
20241102;140857;722.8;1;11377197627;B
20241102;140857;722.8;2;11377197628;B
20241102;140857;722.8;1;11377197695;B
20241102;140857;722.8;2;11377197741;B
20241102;140857;722.8;4;11377197749;B
20241102;140857;722.8;1;11377197804;B
20241102;140857;722.8;5;11377197854;B
20241102;140857;722.8;2;11377197858;B
20241102;140857;722.8;4;11377197880;B
20241102;140857;722.8;1;11377197890;B
20241102;140857;722.8;2;11377197969;B
20241102;140857;722.8;3;11377197970;B
20241102;140857;722.8;2;11377197983;B
20241102;140857;722.8;4;11377198014;B
20241102;140857;722.8;1;11377198024;B
20241102;140857;722.8;5;11377198102;B
20241102;140857;722.8;2;11377198124;B
20241102;140858;722.8;3;11377198977;S
20241102;140858;722.8;1;11377198978;S
20241102;140858;722.8;5;11377198979;S
20241102;140858;722.8;1;11377199131;B
20241102;140858;722.8;5;11377199137;B
20241102;140858;722.8;1;11377199186;B
20241102;140858;722.8;5;11377199257;B
20241102;140858;722.8;5;11377199333;B
20241102;140858;722.8;5;11377199385;B
20241102;140858;722.8;5;11377199437;B
20241102;140858;722.8;2;11377199490;B
20241102;140901;722.4;67;11377200825;B
20241102;140901;722.4;33;11377200831;B
20241102;140901;722.4;34;11377200832;B
20241102;140901;722.4;6;11377200834;B
20241102;140901;722.6;61;11377200835;B
20241102;140902;722.6;67;11377200861;B
20241102;140902;722.6;67;11377200867;B
20241102;140902;722.6;3;11377200869;B
20241102;140902;722.6;2;11377200870;B
20241102;140902;722.6;3;11377200872;B
20241102;140902;722.6;22;11377200873;B
20241102;140902;722.6;45;11377200874;B
20241102;140902;722.6;2;11377200876;B
20241102;140902;722.6;2;11377200877;B
20241102;140902;722.6;5;11377200879;B
20241102;140902;722.8;2;11377200880;B
20241102;140902;722.8;20;11377200881;B
20241102;140902;722.8;6;11377200882;B
20241102;140902;722.8;7;11377200883;B
20241102;140902;722.8;3;11377200884;B
20241102;140902;722.8;2;11377200885;B
20241102;140902;722.8;3;11377200886;B
20241102;140902;722.8;59;11377200887;B
20241102;140902;722.8;8;11377200888;B
20241102;140902;722.8;2;11377200889;B
20241102;140902;722.8;1;11377200890;B
20241102;140902;722.8;3;11377200891;S
20241102;140905;722.8;5;11377201085;S
20241102;140905;722.8;1;11377201086;S
20241102;140917;723;2;11377201889;B
20241102;140920;722.8;1;11377202067;S
20241102;140920;722.8;2;11377202068;S
20241102;140920;722.8;2;11377202069;S
20241102;140920;722.8;6;11377202070;S
20241102;140920;722.8;2;11377202071;S
20241102;140927;723;3;11377202488;B
20241102;140927;723;1;11377202489;B
20241102;140927;723;200;11377202490;B
20241102;140927;723;3;11377202491;B
20241102;140927;723;20;11377202492;B
20241102;140927;723;20;11377202493;B
20241102;140927;723;20;11377202494;B
20241102;140927;723;100;11377202495;B
20241102;140927;723;2;11377202496;B
20241102;140927;723;1;11377202509;S
20241102;140934;723.2;1;11377203059;B
20241102;140934;723.2;1;11377203121;S
20241102;140954;723.2;1;11377204552;S
20241102;141039;723.4;1;11377209368;B
20241102;141039;723.6;1;11377209369;B
20241102;141039;723.6;2;11377209370;B
20241102;141039;723.6;1;11377209371;B
20241102;141039;723.6;12;11377209372;B
20241102;141039;723.6;10;11377209386;S
20241102;141103;723.8;5;11377211122;B
20241102;141103;723.8;20;11377211123;B
20241102;141108;723.6;12;11377211402;S
20241102;141110;723.6;1;11377211591;S
20241102;141112;723.6;1;11377211752;S
20241102;141122;723.8;25;11377212429;B
20241102;141132;723.8;19;11377213087;B
20241102;141132;723.8;2;11377213096;B
20241102;141132;723.8;11;11377213097;B
20241102;141132;723.8;2;11377213098;B
20241102;141132;723.8;2;11377213099;B
20241102;141132;723.8;2;11377213100;B
20241102;141132;723.8;19;11377213103;B
20241102;141132;723.8;2;11377213104;B
20241102;141132;723.8;11;11377213105;B
20241102;141132;723.8;2;11377213106;B
20241102;141132;723.8;2;11377213107;B
20241102;141132;723.8;2;11377213108;B
20241102;141132;723.8;2;11377213109;B
20241102;141132;723.8;4;11377213110;B
20241102;141132;723.8;3;11377213111;B
20241102;141132;723.8;6;11377213112;B
20241102;141132;723.8;4;11377213113;B
20241102;141132;723.8;19;11377213116;B
20241102;141132;723.8;3;11377213117;B
20241102;141132;723.8;3;11377213118;B
20241102;141132;723.8;3;11377213119;B
20241102;141132;723.8;67;11377213120;B
20241102;141132;723.8;7;11377213121;B
20241102;141132;723.8;2;11377213128;B
20241102;141132;723.8;11;11377213129;B
20241102;141132;723.8;2;11377213130;B
20241102;141132;723.8;2;11377213131;B
20241102;141132;723.8;2;11377213132;B
20241102;141132;723.8;2;11377213133;B
20241102;141132;723.8;4;11377213134;B
20241102;141132;723.8;3;11377213135;B
20241102;141132;723.8;6;11377213136;B
20241102;141132;723.8;4;11377213137;B
20241102;141132;723.8;2;11377213138;B
20241102;141132;723.8;4;11377213139;B
20241102;141132;723.8;2;11377213140;B
20241102;141132;723.8;7;11377213141;B
20241102;141132;723.8;19;11377213142;B
20241102;141132;723.8;3;11377213143;B
20241102;141132;723.8;3;11377213144;B
20241102;141132;723.8;1;11377213145;B
20241102;141132;723.8;1;11377213146;B
20241102;141132;723.8;1;11377213147;B
20241102;141132;723.8;19;11377213148;B
20241102;141132;723.8;1;11377213149;B
20241102;141132;723.8;1;11377213150;B
20241102;141132;723.8;1;11377213151;B
20241102;141132;723.8;1;11377213152;B
20241102;141132;723.8;5;11377213153;B
20241102;141132;723.8;2;11377213154;B
20241102;141132;723.8;1;11377213155;B
20241102;141132;723.8;36;11377213156;B
20241102;141132;723.8;7;11377213157;B
20241102;141132;723.8;2;11377213158;B
20241102;141132;723.8;11;11377213159;B
20241102;141132;723.8;2;11377213160;B
20241102;141132;723.8;2;11377213161;B
20241102;141132;723.8;2;11377213162;B
20241102;141132;723.8;2;11377213163;B
20241102;141132;723.8;4;11377213165;B
20241102;141132;723.8;3;11377213166;B
20241102;141132;723.8;6;11377213167;B
20241102;141132;723.8;4;11377213168;B
20241102;141132;723.8;2;11377213169;B
20241102;141132;723.8;4;11377213170;B
20241102;141132;723.8;2;11377213171;B
20241102;141132;723.8;7;11377213172;B
20241102;141132;723.8;19;11377213173;B
20241102;141132;723.8;3;11377213175;B
20241102;141132;723.8;3;11377213176;B
20241102;141132;723.8;3;11377213177;B
20241102;141132;723.8;65;11377213178;B
20241102;141132;723.8;7;11377213179;B
20241102;141132;723.8;2;11377213181;B
20241102;141132;723.8;11;11377213182;B
20241102;141132;723.8;2;11377213183;B
20241102;141132;723.8;2;11377213184;B
20241102;141132;723.8;2;11377213185;B
20241102;141132;723.8;2;11377213186;B
20241102;141132;723.8;4;11377213187;B
20241102;141132;723.8;3;11377213188;B
20241102;141132;723.8;6;11377213189;B
20241102;141132;723.8;4;11377213190;B
20241102;141132;723.8;2;11377213191;B
20241102;141132;723.8;4;11377213192;B
20241102;141132;723.8;2;11377213193;B
20241102;141132;723.8;7;11377213194;B
20241102;141132;723.8;19;11377213195;B
20241102;141132;723.8;3;11377213198;B
20241102;141132;723.8;3;11377213199;B
20241102;141132;723.8;3;11377213200;B
20241102;141132;723.8;7;11377213201;B
20241102;141132;723.8;2;11377213202;B
20241102;141132;723.8;11;11377213203;B
20241102;141132;723.8;2;11377213204;B
20241102;141132;723.8;1;11377213206;B
20241102;141132;724;1;11377213207;B
20241102;141132;724;1;11377213208;B
20241102;141132;724;1;11377213209;B
20241102;141132;724;1;11377213210;B
20241102;141132;724;1;11377213211;B
20241102;141132;724;1;11377213212;B
20241102;141132;724;3;11377213213;B
20241102;141132;724;2;11377213214;B
20241102;141132;724;1;11377213215;B
20241102;141132;724;1;11377213216;B
20241102;141132;724;5;11377213217;B
20241102;141132;724;1;11377213218;B
20241102;141132;724;3;11377213219;B
20241102;141132;724;2;11377213220;B
20241102;141132;724;1;11377213221;B
20241102;141132;724;3;11377213222;B
20241102;141132;724;2;11377213223;B
20241102;141132;724;7;11377213224;B
20241102;141132;724;19;11377213225;B
20241102;141133;724;3;11377213227;B
20241102;141133;724;3;11377213228;B
20241102;141133;724;3;11377213229;B
20241102;141133;724;7;11377213230;B
20241102;141133;724;2;11377213231;B
20241102;141133;724;1;11377213232;B
20241102;141133;724;10;11377213233;B
20241102;141133;724;2;11377213234;B
20241102;141133;724;2;11377213235;B
20241102;141133;724;2;11377213236;B
20241102;141133;724;2;11377213237;B
20241102;141133;724;4;11377213238;B
20241102;141133;724;3;11377213239;B
20241102;141133;724;6;11377213240;B
20241102;141133;724;4;11377213241;B
20241102;141133;724;2;11377213242;B
20241102;141133;724;4;11377213243;B
20241102;141133;724;2;11377213244;B
20241102;141133;724;7;11377213245;B
20241102;141133;724;19;11377213246;B
20241102;141133;724;3;11377213247;B
20241102;141133;724;3;11377213248;B
20241102;141133;724;3;11377213249;B
20241102;141133;724;7;11377213250;B
20241102;141133;724;2;11377213251;B
20241102;141133;724;11;11377213254;B
20241102;141133;724;1;11377213255;B
20241102;141133;724;1;11377213256;B
20241102;141133;724;1;11377213257;B
20241102;141133;724;2;11377213258;B
20241102;141133;724;2;11377213259;B
20241102;141133;724;4;11377213260;B
20241102;141133;724;3;11377213261;B
20241102;141133;724;6;11377213262;B
20241102;141133;724;4;11377213263;B
20241102;141133;724;2;11377213264;B
20241102;141133;724;4;11377213265;B
20241102;141133;724;2;11377213266;B
20241102;141133;724;7;11377213267;B
20241102;141133;724;19;11377213268;B
20241102;141133;724;3;11377213269;B
20241102;141133;724;3;11377213270;B
20241102;141133;724;3;11377213271;B
20241102;141133;724;2;11377213272;B
20241102;141133;724;7;11377213273;B
20241102;141133;724;11;11377213280;B
20241102;141133;724;2;11377213282;B
20241102;141133;724;2;11377213283;B
20241102;141133;724;4;11377213284;B
20241102;141133;724;3;11377213285;B
20241102;141133;724;5;11377213286;B
20241102;141133;724;1;11377213287;B
20241102;141133;724;1;11377213288;B
20241102;141133;724;2;11377213289;B
20241102;141133;724;1;11377213290;B
20241102;141133;724;2;11377213291;B
20241102;141133;724;4;11377213292;B
20241102;141133;724;2;11377213293;B
20241102;141133;724;7;11377213294;B
20241102;141133;724;16;11377213295;B
20241102;141133;724;2;11377213296;B
20241102;141133;724;3;11377213297;B
20241102;141133;724;3;11377213298;B
20241102;141133;724;1;11377213370;S
20241102;141134;724;1;11377213408;S
20241102;141134;724;7;11377213409;S
20241102;141134;724;11;11377213410;S
20241102;141134;724;2;11377213411;S
20241102;141134;724;2;11377213412;S
20241102;141134;724;4;11377213413;S
20241102;141134;724;6;11377213414;S
20241102;141134;724;3;11377213415;S
20241102;141134;724;2;11377213416;S
20241102;141134;724;4;11377213417;S
20241102;141134;724;2;11377213418;S
20241102;141134;724;7;11377213419;S
20241102;141134;724;3;11377213420;S
20241102;141134;724;1;11377213421;S
20241102;141134;723.8;40;11377213422;S
20241102;141134;723.6;21;11377213423;S
20241102;141134;723.6;2;11377213424;S
20241102;141134;723.6;9;11377213425;S
20241102;141134;723.6;4;11377213426;S
20241102;141134;723.6;4;11377213427;S
20241102;141134;723.6;4;11377213428;S
20241102;141134;723.6;2;11377213429;S
20241102;141134;723.6;2;11377213430;S
20241102;141134;723.6;3;11377213431;S
20241102;141134;723.6;2;11377213432;S
20241102;141134;723.6;6;11377213433;S
20241102;141134;723.6;2;11377213434;S
20241102;141134;723.6;2;11377213435;S
20241102;141134;723.6;4;11377213436;S
20241102;141134;723.6;2;11377213437;S
20241102;141134;723.6;6;11377213438;S
20241102;141134;723.6;27;11377213439;S
20241102;141134;723.6;46;11377213440;S
20241102;141134;723.6;2;11377213441;S
20241102;141134;723.6;2;11377213442;S
20241102;141134;723.6;88;11377213443;S
20241102;141134;723.6;52;11377213444;S
20241102;141134;723.6;2;11377213445;S
20241102;141134;723.6;2;11377213446;S
20241102;141134;723.6;2;11377213447;S
20241102;141134;723.6;6;11377213448;S
20241102;141134;723.6;4;11377213449;S
20241102;141134;723.6;2;11377213450;S
20241102;141134;723.6;3;11377213451;S
20241102;141134;723.6;2;11377213452;S
20241102;141134;723.6;2;11377213453;S
20241102;141134;723.6;4;11377213454;S
20241102;141134;723.6;2;11377213455;S
20241102;141134;723.6;9;11377213456;S
20241102;141134;723.6;4;11377213457;S
20241102;141134;723.6;4;11377213458;S
20241102;141134;723.6;2;11377213459;S
20241102;141134;723.6;4;11377213460;S
20241102;141134;723.6;3;11377213461;S
20241102;141134;723.6;1;11377213462;S
20241102;141134;723.6;3;11377213463;S
20241102;141134;723.6;2;11377213464;S
20241102;141141;724;2;11377213886;S
20241102;141141;724;7;11377213887;S
20241102;141141;724;2;11377213888;S
20241102;141141;724;1;11377213889;S
20241102;141141;724;1;11377213890;S
20241102;141150;724;5;11377219195;S
20241102;141202;724;2;11377220000;S
20241102;141202;724;4;11377220001;S
20241102;141202;724;2;11377220002;S
20241102;141202;724;2;11377220003;S
20241102;141208;724;1;11377220483;S
20241102;141229;724;1;11377222199;S
20241102;141248;724;1;11377223847;S
20241102;141250;724.2;1;11377224051;B
20241102;141250;724.2;2;11377224052;B
20241102;141250;724.2;1;11377224053;B
20241102;141306;724.2;1;11377225388;S
20241102;141306;724.2;40;11377225389;S
20241102;141306;724.2;9;11377225390;S
20241102;141307;724;1;11377225457;S
20241102;141315;724.2;1;11377226253;B
20241102;141320;724.4;1;11377226529;B
20241102;141320;724.4;2;11377226563;B
20241102;141320;724.4;3;11377226564;B
20241102;141320;724.4;2;11377226565;B
20241102;141320;724.4;2;11377226566;B
20241102;141320;724.4;2;11377226567;B
20241102;141320;724.4;3;11377226568;B
20241102;141320;724.4;1;11377226573;B
20241102;141320;724.4;2;11377226574;B
20241102;141320;724.4;1;11377226577;B
20241102;141320;724.4;1;11377226578;B
20241102;141320;724.4;3;11377226579;B
20241102;141320;724.4;1;11377226580;B
20241102;141320;724.4;1;11377226581;B
20241102;141320;724.4;36;11377226582;B
20241102;141320;724.4;1;11377226583;B
20241102;141320;724.6;1;11377226584;B
20241102;141320;724.6;13;11377226585;B
20241102;141320;724.6;2;11377226586;B
20241102;141320;724.6;9;11377226587;B
20241102;141320;724.6;9;11377226589;B
20241102;141320;724.6;1;11377226591;B
20241102;141320;724.6;2;11377226592;B
20241102;141320;724.6;2;11377226593;B
20241102;141320;724.6;3;11377226594;B
20241102;141320;724.6;2;11377226595;B
20241102;141320;724.6;3;11377226596;B
20241102;141320;724.6;3;11377226601;B
20241102;141320;724.6;2;11377226602;B
20241102;141320;724.6;2;11377226604;B
20241102;141320;724.6;3;11377226605;B
20241102;141320;724.6;6;11377226606;B
20241102;141320;724.6;4;11377226607;B
20241102;141320;724.6;58;11377226608;B
20241102;141320;724.6;2;11377226609;B
20241102;141320;724.6;9;11377226610;B
20241102;141320;724.6;9;11377226611;B
20241102;141320;724.6;2;11377226613;B
20241102;141320;724.6;2;11377226614;B
20241102;141320;724.6;2;11377226615;B
20241102;141320;724.6;3;11377226616;B
20241102;141320;724.6;3;11377226617;B
20241102;141320;724.6;2;11377226618;B
20241102;141320;724.6;4;11377226619;B
20241102;141321;724.6;38;11377226620;B
20241102;141321;724.6;1;11377226621;B
20241102;141321;724.6;5;11377226622;B
20241102;141321;724.6;1;11377226623;B
20241102;141321;724.6;1;11377226624;B
20241102;141321;724.6;10;11377226625;B
20241102;141321;724.6;2;11377226626;B
20241102;141321;724.6;1;11377226627;B
20241102;141321;724.6;14;11377226628;B
20241102;141321;724.6;3;11377226629;B
20241102;141321;724.6;2;11377226630;B
20241102;141321;724.6;2;11377226631;B
20241102;141321;724.6;3;11377226632;B
20241102;141321;724.6;6;11377226633;B
20241102;141321;724.6;4;11377226634;B
20241102;141321;724.6;8;11377226635;B
20241102;141321;724.8;9;11377226636;B
20241102;141321;724.8;1;11377226637;B
20241102;141321;724.8;1;11377226638;B
20241102;141321;724.8;20;11377226639;B
20241102;141321;724.8;1;11377226640;B
20241102;141321;724.8;10;11377226641;B
20241102;141321;724.8;8;11377226642;B
20241102;141321;724.8;2;11377226643;B
20241102;141321;724.8;9;11377226644;B
20241102;141321;724.8;9;11377226645;B
20241102;141321;724.8;2;11377226647;B
20241102;141321;724.8;2;11377226648;B
20241102;141321;724.8;2;11377226649;B
20241102;141321;724.8;3;11377226650;B
20241102;141321;724.8;3;11377226651;B
20241102;141321;724.8;2;11377226652;B
20241102;141321;724.8;4;11377226653;B
20241102;141321;724.8;46;11377226654;B
20241102;141321;724.8;27;11377226655;B
20241102;141321;724.8;3;11377226656;B
20241102;141321;724.8;2;11377226657;B
20241102;141321;724.8;2;11377226658;B
20241102;141321;724.8;1;11377226659;B
20241102;141321;724.8;6;11377226660;B
20241102;141321;724.8;4;11377226661;B
20241102;141321;724.8;58;11377226662;B
