<DATE>;<TIME>;<LAST>;<VOL>;<ID>;<OPER>
20241028;095950;690;25;11344966567;S
20241028;095950;690;1;11344966568;S
20241028;095950;690;10;11344966569;S
20241028;095950;690;1;11344966570;S
20241028;095950;690;1;11344966571;S
20241028;095950;690;1;11344966572;S
20241028;095950;690;61;11344966573;S
20241028;095950;690;139;11344966574;S
20241028;095950;690;15;11344966575;S
20241028;095950;690;3;11344966576;S
20241028;095950;690;1;11344966577;S
20241028;095950;690;40;11344966578;S
20241028;095950;690;1;11344966579;S
20241028;095950;690;201;11344966580;S
20241028;095950;690;7;11344966581;S
20241028;095950;690;53;11344966582;S
20241028;095950;690;10;11344966583;S
20241028;095950;690;229;11344966584;S
20241028;095950;690;145;11344966585;S
20241028;095950;690;200;11344966586;S
20241028;095950;690;59;11344966587;S
20241028;095950;690;115;11344966588;S
20241028;095950;690;115;11344966589;S
20241028;095950;690;2;11344966590;S
20241028;095950;690;115;11344966591;S
20241028;095950;690;1;11344966592;S
20241028;095950;690;115;11344966593;S
20241028;095950;690;50;11344966594;S
20241028;095950;690;83;11344966595;S
20241028;095950;690;31;11344966596;S
20241028;095950;690;1;11344966597;S
20241028;095950;690;1;11344966598;S
20241028;095950;690;1;11344966599;S
20241028;095950;690;2;11344966600;S
20241028;095950;690;97;11344966601;S
20241028;095950;690;50;11344966602;S
20241028;095950;690;53;11344966603;S
20241028;095950;690;1;11344966604;S
20241028;095950;690;1;11344966605;S
20241028;095950;690;1;11344966606;S
20241028;095950;690;1;11344966607;S
20241028;095950;690;1;11344966608;B
20241028;095950;690;2;11344966609;S
20241028;095950;690;115;11344966610;S
20241028;095950;690;1;11344966611;S
20241028;095950;690;1;11344966612;S
20241028;095950;690;50;11344966613;S
20241028;095950;690;1;11344966614;S
20241028;095950;690;22;11344966615;S
20241028;095950;690;278;11344966616;S
20241028;095950;690;22;11344966617;S
20241028;095950;690;37;11344966618;S
20241028;095950;690;3;11344966619;S
20241028;095950;690;53;11344966620;S
20241028;095950;690;7;11344966621;S
20241028;095950;690;1;11344966622;S
20241028;095950;690;1;11344966623;S
20241028;095950;690;1;11344966624;S
20241028;095950;690;37;11344966625;S
20241028;095950;690;163;11344966626;S
20241028;095950;690;1;11344966627;S
20241028;095950;690;1;11344966628;S
20241028;095950;690;5;11344966629;S
20241028;095950;690;1;11344966630;S
20241028;095950;690;1;11344966631;S
20241028;095950;690;115;11344966632;S
20241028;095950;690;13;11344966633;S
20241028;095950;690;151;11344966634;S
20241028;095950;690;62;11344966635;S
20241028;100001;691;4;11344974966;B
20241028;100001;692.4;7;11344974967;B
20241028;100001;690.8;9;11344975204;S
20241028;100001;690.6;6;11344975205;S
20241028;100002;691;20;11344975497;S
20241028;100002;691;12;11344975506;S
20241028;100002;691;18;11344975646;S
20241028;100002;690.6;21;11344975647;S
20241028;100002;692.4;11;11344976480;B
20241028;100002;690.6;78;11344976958;S
20241028;100002;690.6;191;11344977032;S
20241028;100002;690.6;143;11344977033;S
20241028;100002;690.4;121;11344977034;S
20241028;100002;690.4;2;11344977035;S
20241028;100002;690.4;20;11344977036;S
20241028;100002;690.2;400;11344977037;S
20241028;100002;690.2;20;11344977038;S
20241028;100002;690;474;11344977039;S
20241028;100002;690;21;11344977040;S
20241028;100002;689.8;115;11344977041;S
20241028;100002;689.8;103;11344977042;S
20241028;100002;689.6;2;11344977043;S
20241028;100002;689.6;26;11344977044;S
20241028;100002;689.2;50;11344977045;S
20241028;100002;689.2;1;11344977046;S
20241028;100002;689;60;11344977047;S
20241028;100002;689;1;11344977048;S
20241028;100002;689;1;11344977049;S
20241028;100002;689;1;11344977050;S
20241028;100002;689;1;11344977051;S
20241028;100002;689;1;11344977052;S
20241028;100002;688;1;11344977053;S
20241028;100002;688;1;11344977054;S
20241028;100002;688;100;11344977055;S
20241028;100002;688;100;11344977056;S
20241028;100002;687.2;201;11344977057;S
20241028;100002;687;1;11344977058;S
20241028;100002;687;1;11344977059;S
20241028;100002;687;1;11344977060;S
20241028;100002;687;60;11344977061;S
20241028;100002;687;50;11344977062;S
20241028;100002;687;730;11344977063;S
20241028;100003;687.2;100;11344977573;S
20241028;100003;687;1;11344977592;S
20241028;100003;687;2;11344977597;S
20241028;100003;687.2;2;11344977637;S
20241028;100003;687.2;10;11344977736;S
20241028;100003;687.2;50;11344978125;S
20241028;100003;687.2;14;11344978128;S
20241028;100003;688;7;11344978191;B
20241028;100003;687.4;1;11344978259;S
20241028;100003;688;10;11344978412;B
20241028;100004;688;283;11344978670;B
20241028;100004;688.4;15;11344978671;B
20241028;100004;688.4;144;11344978672;B
20241028;100004;688.6;39;11344978673;B
20241028;100004;688.8;39;11344978674;B
20241028;100004;690;1;11344978863;B
20241028;100004;690.2;8;11344979378;S
20241028;100004;690.2;8;11344979390;S
20241028;100004;690.2;8;11344979397;S
20241028;100004;690.2;119;11344979676;S
20241028;100004;690;81;11344979677;S
20241028;100004;690.2;2;11344979717;S
20241028;100005;690.2;100;11344980707;S
20241028;100005;690.2;15;11344980717;S
20241028;100005;690;15;11344980750;S
20241028;100005;690;15;11344980784;S
20241028;100005;690;15;11344980891;S
20241028;100005;690;30;11344981855;S
20241028;100006;690;20;11344983739;S
20241028;100006;691.4;15;11344983958;B
20241028;100006;690;2;11344984372;S
20241028;100007;690;11;11344987257;S
20241028;100007;691;1;11344987279;B
20241028;100007;690;216;11344987288;S
20241028;100007;689.8;136;11344987289;S
20241028;100007;689.8;35;11344987304;S
20241028;100007;691;1;11344987316;B
20241028;100007;690;8;11344988318;S
20241028;100007;691.4;2;11344990207;B
20241028;100008;691.2;1;11344991591;S
20241028;100008;691.2;4;11344991654;S
20241028;100008;691.2;3;11344991655;S
20241028;100008;691.2;2;11344991664;S
20241028;100008;690;5;11344991665;S
20241028;100008;690;120;11344991981;S
20241028;100008;690;64;11344992101;S
20241028;100008;690.6;1;11344992303;B
20241028;100008;690;3;11344992306;S
20241028;100008;690;4;11344992309;S
20241028;100008;690;4;11344992639;S
20241028;100008;690;44;11344993049;S
20241028;100008;689.8;56;11344993050;S
20241028;100008;689.8;80;11344993051;S
20241028;100008;690;1;11344993530;S
20241028;100008;690.6;1;11344994223;B
20241028;100009;689.8;2;11344995876;S
20241028;100009;690;1;11344996651;S
20241028;100009;690;173;11344996652;S
20241028;100009;689.8;126;11344996653;S
20241028;100009;690;3;11344996918;S
20241028;100009;690;2;11344996994;S
20241028;100009;690.6;1;11344997185;B
20241028;100009;690.6;1;11344997205;B
20241028;100009;690;1;11344997245;S
20241028;100009;690;20;11344997517;S
20241028;100009;690;16;11344998527;S
20241028;100009;689.8;19;11344998528;S
20241028;100010;689.8;3;11344999048;S
20241028;100010;689.8;1;11344999204;S
20241028;100010;689.8;2;11344999582;S
20241028;100010;689.8;10;11344999591;S
20241028;100010;689.8;20;11344999598;S
20241028;100010;690;1;11344999851;B
20241028;100010;690;1;11345000487;B
20241028;100010;690;20;11345001730;B
20241028;100010;689.8;1;11345002196;S
20241028;100011;689.8;50;11345002383;S
20241028;100011;689.8;70;11345002440;S
20241028;100011;690;19;11345002860;B
20241028;100011;690.6;6;11345002861;B
20241028;100011;690.6;1;11345003321;B
20241028;100011;689.8;3;11345004676;S
20241028;100011;689.8;5;11345005544;S
20241028;100011;689.8;9;11345005681;S
20241028;100012;690;4;11345006691;B
20241028;100012;690;25;11345006696;B
20241028;100012;689.8;11;11345006862;S
20241028;100012;690;3;11345006866;B
20241028;100012;689.8;150;11345007032;S
20241028;100012;689.8;119;11345007134;S
20241028;100012;690;1;11345008037;B
20241028;100012;689.8;1;11345008042;S
20241028;100012;690;25;11345008429;B
20241028;100012;690;1;11345008850;B
20241028;100012;689.8;2;11345009105;S
20241028;100013;690;25;11345010156;B
20241028;100013;689;3;11345010291;S
20241028;100013;689;2;11345010292;S
20241028;100014;689;3;11345012128;S
20241028;100014;688.4;17;11345012129;S
20241028;100014;688.4;132;11345012130;S
20241028;100014;688.4;50;11345013029;S
20241028;100014;688.4;11;11345013063;S
20241028;100014;688.4;3;11345013078;S
20241028;100014;689.4;16;11345013250;B
20241028;100014;689.8;50;11345013251;B
20241028;100014;690;116;11345013252;B
20241028;100014;690.4;120;11345013253;B
20241028;100014;690.6;9;11345013254;B
20241028;100014;691;402;11345013255;B
20241028;100014;691.2;143;11345013256;B
20241028;100014;691.2;400;11345013257;B
20241028;100014;691.4;148;11345013258;B
20241028;100014;691.4;25;11345013259;B
20241028;100014;691.6;4;11345013260;B
20241028;100014;691.8;2;11345013261;B
20241028;100014;691.8;1;11345013262;B
20241028;100014;692.4;26;11345013263;B
20241028;100014;692.6;402;11345013264;B
20241028;100014;692.8;66;11345013265;B
20241028;100014;692.8;156;11345013266;B
20241028;100014;693;100;11345013267;B
20241028;100014;693;214;11345013268;B
20241028;100016;690;50;11345014327;S
20241028;100018;689.6;4;11345015170;S
20241028;100018;689.6;120;11345015171;S
20241028;100018;688.6;206;11345015172;S
20241028;100019;689.4;196;11345015915;S
20241028;100019;689.2;4;11345015916;S
20241028;100020;688.4;2;11345016464;S
20241028;100020;688.4;1;11345016465;S
20241028;100020;688.4;4;11345016551;S
20241028;100020;688.4;3;11345016605;S
20241028;100021;690.2;120;11345016842;B
20241028;100021;690.8;10;11345016843;B
20241028;100021;690;15;11345017268;S
20241028;100021;690;10;11345017273;S
20241028;100021;690;25;11345017274;S
20241028;100021;690;90;11345017275;B
20241028;100021;690.6;10;11345017276;B
20241028;100022;689;1;11345017947;S
20241028;100022;689.2;16;11345017971;S
20241028;100022;688.6;134;11345017972;S
20241028;100023;689.4;100;11345018311;B
20241028;100023;688.4;74;11345018346;S
20241028;100023;688.4;120;11345018347;S
20241028;100023;688.4;10;11345018348;S
20241028;100023;688.4;118;11345018349;S
20241028;100026;690;2;11345020581;S
20241028;100027;689.6;4;11345020711;B
20241028;100027;689.6;14;11345020712;B
20241028;100028;689.4;24;11345021131;S
20241028;100028;690;22;11345021280;B
20241028;100033;689.2;2;11345023487;S
20241028;100033;688.8;51;11345023488;S
20241028;100033;688.4;143;11345023489;S
20241028;100033;688.4;54;11345023490;S
20241028;100033;688.4;197;11345023491;S
20241028;100039;688.6;3;11345026274;S
20241028;100040;689;6;11345026349;B
20241028;100040;688.6;50;11345027128;S
20241028;100043;688.6;4;11345028987;S
20241028;100044;688.6;4;11345029211;S
20241028;100045;689;24;11345029762;B
20241028;100045;689.2;30;11345029763;B
20241028;100045;689.6;50;11345029764;B
20241028;100045;689.6;1;11345029765;B
20241028;100045;689.8;402;11345029766;B
20241028;100045;689.8;120;11345029767;B
20241028;100045;689.8;6;11345029768;B
20241028;100045;690;2;11345029769;B
20241028;100045;690;1327;11345029770;B
20241028;100046;689.4;50;11345030422;S
20241028;100046;689.4;85;11345030423;S
20241028;100046;688.8;365;11345030424;S
20241028;100057;689.6;3;11345034804;B
20241028;100100;688.8;40;11345035946;S
20241028;100100;688.8;103;11345036240;S
20241028;100100;688.8;30;11345036241;S
20241028;100106;689;143;11345038806;S
20241028;100106;689;90;11345038807;S
20241028;100106;688.8;39;11345038808;S
20241028;100106;688.6;21;11345038809;S
20241028;100115;689;300;11345043560;S
20241028;100116;689;10;11345043878;S
20241028;100117;689;48;11345044114;S
20241028;100122;689;1;11345045866;S
20241028;100125;689;122;11345047333;S
20241028;100127;689;1;11345048597;S
20241028;100128;689;58;11345048672;S
20241028;100128;689;60;11345048673;S
20241028;100132;689;1;11345050369;S
20241028;100135;689;19;11345051033;B
20241028;100135;689;31;11345051070;S
20241028;100135;688.6;69;11345051071;S
20241028;100138;688.6;3;11345052177;S
20241028;100147;689;9;11345055601;B
20241028;100147;689;1;11345055602;B
20241028;100147;689.4;4;11345055603;B
20241028;100149;688.8;1;11345056268;S
20241028;100149;688.6;46;11345056518;S
20241028;100151;688.6;550;11345057525;S
20241028;100151;688.6;10;11345057526;S
20241028;100151;688.6;10;11345057527;S
20241028;100151;688.2;180;11345057528;S
20241028;100202;688.4;1;11345061293;S
20241028;100202;688.4;1;11345061331;S
20241028;100202;688.2;1;11345061332;S
20241028;100203;688.4;1;11345061838;S
20241028;100203;688.2;119;11345061839;S
20241028;100203;688.2;5;11345061840;S
20241028;100203;688.2;126;11345061841;S
20241028;100206;688.8;7;11345063384;B
20241028;100206;688.8;1;11345063385;B
20241028;100206;688.8;1;11345063386;B
20241028;100206;689.4;41;11345063387;B
20241028;100212;688.4;2;11345065630;S
20241028;100212;688.4;4;11345065631;S
20241028;100212;688.2;94;11345065632;S
20241028;100213;688.2;361;11345066206;S
20241028;100213;688.2;2;11345066207;S
20241028;100215;688.2;10;11345067403;S
20241028;100217;688;1;11345068327;S
20241028;100217;688;25;11345068328;S
20241028;100217;688;474;11345068329;S
20241028;100218;688;500;11345068859;S
20241028;100218;688;26;11345068861;S
20241028;100218;688;1;11345068863;S
20241028;100218;688;25;11345068864;S
20241028;100218;688;25;11345068865;S
20241028;100218;687.8;2;11345068866;S
20241028;100218;687.8;343;11345068867;S
20241028;100222;687.8;10;11345070392;S
20241028;100222;687.8;147;11345070455;S
20241028;100222;687.6;1;11345070456;S
20241028;100222;687.6;500;11345070457;S
20241028;100222;687.6;100;11345070458;S
20241028;100222;687.4;122;11345070459;S
20241028;100223;688;50;11345070704;B
20241028;100225;687.8;200;11345071365;S
20241028;100230;688;20;11345073527;B
20241028;100230;688.4;43;11345073528;B
20241028;100230;688.6;150;11345073529;B
20241028;100230;689.6;1;11345073530;B
20241028;100230;689.6;143;11345073531;B
20241028;100230;689.6;365;11345073532;B
20241028;100230;689.8;49;11345073533;B
20241028;100230;689.8;120;11345073534;B
20241028;100230;689.8;400;11345073535;B
20241028;100230;690;209;11345073536;B
20241028;100230;690;32;11345073537;B
20241028;100230;690;32;11345073538;B
20241028;100230;690;15;11345073539;B
20241028;100231;688.4;120;11345074018;S
20241028;100231;688;400;11345074019;S
20241028;100231;687.8;151;11345074020;S
20241028;100231;687.4;329;11345074021;S
20241028;100232;690.6;1;11345074365;B
20241028;100232;691.6;143;11345074366;B
20241028;100232;691.8;1;11345074367;B
20241028;100232;691.8;50;11345074368;B
20241028;100232;691.8;105;11345074369;B
20241028;100235;688.4;20;11345075774;S
20241028;100236;688.4;41;11345076004;S
20241028;100237;687.8;14;11345076783;S
20241028;100238;687.8;9;11345076928;S
20241028;100238;687.6;141;11345076929;S
20241028;100238;687.6;90;11345076997;S
20241028;100245;688;1;11345079611;B
20241028;100247;687.8;20;11345080646;S
20241028;100248;688;20;11345080849;B
20241028;100248;690.2;20;11345080850;B
20241028;100248;690.4;96;11345080851;B
20241028;100248;690.6;163;11345080852;B
20241028;100248;690.6;21;11345080853;B
20241028;100248;691;50;11345080854;B
20241028;100248;691.6;231;11345080855;B
20241028;100248;691.8;400;11345080856;B
20241028;100248;691.8;120;11345080857;B
20241028;100248;692;200;11345080858;B
20241028;100248;692;103;11345080859;B
20241028;100248;693;471;11345080860;B
20241028;100248;693;1;11345080861;B
20241028;100248;693;5;11345080862;B
20241028;100248;693;10;11345080863;B
20241028;100248;693;30;11345080864;B
20241028;100248;693;42;11345080865;B
20241028;100248;693;100;11345080866;B
20241028;100248;693;1;11345080867;B
20241028;100248;693.2;143;11345080868;B
20241028;100248;693.4;3;11345080869;B
20241028;100248;694;7;11345080870;B
20241028;100248;694.2;300;11345080871;B
20241028;100248;694.4;700;11345080872;B
20241028;100248;694.8;50;11345080873;B
20241028;100248;695;200;11345080874;B
20241028;100248;695;50;11345080875;B
20241028;100248;695.8;100;11345080876;B
20241028;100248;696;100;11345080877;B
20241028;100248;696;400;11345080878;B
20241028;100248;696;113;11345080881;S
20241028;100248;696;500;11345080884;S
20241028;100248;696;500;11345080885;S
20241028;100248;696;152;11345080887;S
20241028;100248;696.2;400;11345081007;B
20241028;100251;696;150;11345082102;S
20241028;100251;696;500;11345082229;S
20241028;100252;696;500;11345082428;S
20241028;100252;696;132;11345082610;S
20241028;100253;696;100;11345082848;S
20241028;100253;696;500;11345083068;S
20241028;100254;696;500;11345083362;S
20241028;100255;696;10;11345083570;S
20241028;100255;696;1000;11345083729;S
20241028;100255;696;40;11345083777;S
20241028;100255;696;500;11345083913;S
20241028;100255;696;142;11345083920;S
20241028;100255;696;55;11345083921;S
20241028;100256;696;1;11345083947;S
20241028;100256;696;2;11345084003;S
20241028;100256;696;3;11345084013;S
20241028;100256;696;187;11345084022;S
20241028;100256;696;200;11345084023;S
20241028;100256;696;50;11345084025;S
20241028;100256;696;26;11345084056;S
20241028;100257;694.2;81;11345084284;S
20241028;100257;694;119;11345084285;S
20241028;100301;694.4;1;11345085626;S
20241028;100302;694.2;50;11345086242;S
20241028;100302;694.2;1;11345086243;S
20241028;100304;694.2;10;11345086942;S
20241028;100306;694.2;9;11345087497;S
20241028;100306;694;91;11345087498;S
20241028;100310;694.2;19;11345089498;S
20241028;100312;694.2;1;11345090130;S
20241028;100312;694.2;41;11345090131;S
20241028;100312;694.2;8;11345090132;S
20241028;100312;694.4;2;11345090198;B
20241028;100312;694.2;41;11345090490;S
20241028;100313;694.2;21;11345090972;S
20241028;100314;694.2;5;11345091307;S
20241028;100318;694.2;25;11345092695;S
20241028;100318;694.2;20;11345092696;S
20241028;100318;694.2;20;11345092697;S
20241028;100318;694.2;20;11345092698;S
20241028;100318;693.6;115;11345092699;S
20241028;100322;694;10;11345093951;S
20241028;100322;693.8;90;11345093952;S
20241028;100331;694.4;20;11345097555;B
20241028;100333;694;20;11345098176;S
20241028;100333;693.8;30;11345098177;S
20241028;100335;693.8;200;11345098940;S
20241028;100336;694;1;11345099381;S
20241028;100337;694;19;11345099733;S
20241028;100348;693.4;36;11345103545;S
20241028;100352;693.6;145;11345105297;B
20241028;100353;693.6;58;11345105818;B
20241028;100354;693.4;100;11345106075;S
20241028;100356;693.4;38;11345106909;S
20241028;100356;693.2;12;11345106910;S
20241028;100359;693.4;50;11345107966;B
20241028;100359;693.4;74;11345107967;B
20241028;100359;693.6;376;11345107968;B
20241028;100359;693.6;2;11345107969;B
20241028;100359;693.6;2;11345107970;B
20241028;100402;693.2;88;11345109181;S
20241028;100402;693.2;20;11345109182;S
20241028;100402;693;92;11345109183;S
20241028;100403;693.8;143;11345109700;B
20241028;100403;693.8;1;11345109701;B
20241028;100403;693.8;50;11345109702;B
20241028;100403;694;50;11345109703;B
20241028;100403;694;20;11345109704;B
20241028;100403;694;736;11345109705;B
20241028;100406;693.8;143;11345111722;B
20241028;100406;694;264;11345111723;B
20241028;100406;694;90;11345111724;B
20241028;100411;694;14;11345113769;S
20241028;100412;694;489;11345113943;S
20241028;100412;694;20;11345113944;S
20241028;100416;693.6;2;11345115777;B
20241028;100417;693;8;11345115917;S
20241028;100417;693;20;11345115918;S
20241028;100417;692.8;22;11345115919;S
20241028;100418;692.8;28;11345116185;S
20241028;100418;692.8;27;11345116186;S
20241028;100424;693;7;11345118274;S
20241028;100424;692.8;73;11345118275;S
20241028;100428;693;10;11345119478;B
20241028;100428;693.4;100;11345119479;B
20241028;100428;693.6;141;11345119480;B
20241028;100428;693.6;119;11345119481;B
20241028;100428;693.8;20;11345119482;B
20241028;100430;692.4;100;11345120584;S
20241028;100430;692.2;1;11345120585;S
20241028;100430;692.2;99;11345120586;S
20241028;100431;693;100;11345120852;B
20241028;100447;693;10;11345127663;S
20241028;100448;693;50;11345128222;S
20241028;100449;693;7;11345128997;S
20241028;100451;693;33;11345130029;S
20241028;100451;693;1;11345130030;S
20241028;100454;692.2;1;11345131110;S
20241028;100454;692.2;1;11345131111;S
20241028;100454;692.2;48;11345131112;S
20241028;100455;692;20;11345131842;S
20241028;100456;692.2;2;11345132161;S
20241028;100457;692;100;11345132723;S
20241028;100459;691.8;16;11345133473;S
20241028;100500;691.8;4;11345133721;S
20241028;100501;692.2;20;11345134853;S
20241028;100502;692.4;20;11345135842;S
20241028;100507;692.8;20;11345138680;B
20241028;100507;692.4;2;11345138733;S
20241028;100507;692.4;10;11345138769;S
20241028;100507;692.4;4;11345138772;S
20241028;100512;693;19;11345141009;B
20241028;100514;692.8;4;11345141792;S
20241028;100515;693;147;11345142640;B
20241028;100515;693;5;11345142641;B
20241028;100515;693;5;11345142642;B
20241028;100515;693;20;11345142643;B
20241028;100515;693.4;4;11345142644;B
20241028;100515;693.6;25;11345142645;B
20241028;100515;693.6;20;11345142646;B
20241028;100516;693.8;471;11345142930;B
20241028;100516;694;20;11345142931;B
20241028;100516;694;199;11345142932;B
20241028;100516;694.4;77;11345142933;B
20241028;100516;694.4;20;11345142934;B
20241028;100517;695.4;2;11345143912;B
20241028;100517;695.4;9;11345143913;B
20241028;100517;695.6;15;11345143914;B
20241028;100518;695.6;1;11345144080;B
20241028;100518;695.6;7;11345144145;B
20241028;100519;695.6;27;11345144828;B
20241028;100519;695.8;158;11345144829;B
20241028;100519;696;72;11345144830;B
20241028;100519;696;300;11345144831;B
20241028;100520;696;50;11345145184;S
20241028;100520;696;20;11345145235;S
20241028;100522;696;10;11345146191;B
20241028;100531;693.8;70;11345149387;B
20241028;100532;693.8;4;11345149911;B
20241028;100536;693.8;155;11345151558;B
20241028;100536;694;227;11345151559;B
20241028;100536;694;38;11345151560;B
20241028;100536;695.6;50;11345151561;B
20241028;100536;695.6;12;11345151562;B
20241028;100536;695.8;157;11345151563;B
20241028;100536;696;143;11345151564;B
20241028;100536;696.2;100;11345151565;B
20241028;100536;696.2;500;11345151566;B
20241028;100536;696.8;400;11345151567;B
20241028;100536;697;5;11345151568;B
20241028;100536;697;100;11345151569;B
20241028;100536;697;1;11345151570;B
20241028;100536;697.2;300;11345151571;B
20241028;100536;698;100;11345151572;B
20241028;100536;698;1;11345151573;B
20241028;100536;699;77;11345151574;B
20241028;100536;699;1;11345151575;B
20241028;100536;699;25;11345151576;B
20241028;100536;699.2;500;11345151577;B
20241028;100536;699.2;500;11345151578;B
20241028;100536;699.4;500;11345151579;B
20241028;100536;699.4;700;11345151580;B
20241028;100536;699.6;500;11345151581;B
20241028;100536;699.6;100;11345151582;B
20241028;100536;699.8;1;11345151583;B
20241028;100536;699.8;1000;11345151584;B
20241028;100536;699.8;4;11345151585;B
20241028;100536;699.8;500;11345151586;B
20241028;100536;700;8;11345151587;B
20241028;100536;700;3;11345151588;B
20241028;100536;700;70;11345151589;B
20241028;100536;700;87;11345151590;B
20241028;100536;700;469;11345151591;B
20241028;100536;700;137;11345151592;B
20241028;100536;700;100;11345151593;B
20241028;100536;700;2;11345151594;B
20241028;100536;700;2;11345151595;B
20241028;100536;700;10;11345151596;B
20241028;100536;700;200;11345151597;B
20241028;100536;700;3;11345151598;B
20241028;100536;700;2;11345151599;B
20241028;100536;700;98;11345151600;B
20241028;100536;700;38;11345151601;S
20241028;100536;700;12;11345151604;S
20241028;100536;700;72;11345151605;S
20241028;100536;700;144;11345151609;S
20241028;100536;700;126;11345151610;S
20241028;100536;700.2;11;11345151700;B
20241028;100536;700.2;1;11345151701;B
20241028;100536;700.2;66;11345151707;S
20241028;100536;700.6;6;11345151822;B
20241028;100536;700.6;2;11345151823;B
20241028;100537;700.8;17;11345151866;B
20241028;100537;701;1;11345151867;B
20241028;100537;701;3;11345151868;B
20241028;100537;701;1;11345151869;B
20241028;100537;701.6;1;11345151870;B
20241028;100537;701.8;16;11345151871;B
20241028;100537;701.8;53;11345151872;B
20241028;100537;702;100;11345151873;B
20241028;100537;702;7;11345151874;B
20241028;100537;702.4;72;11345151875;B
20241028;100537;703;100;11345151876;B
20241028;100537;703.6;11;11345151877;B
20241028;100537;703.8;157;11345151878;B
20241028;100537;704;300;11345151879;B
20241028;100537;704;31;11345151880;B
20241028;100537;703.4;16;11345151908;B
20241028;100537;703.4;127;11345152023;B
20241028;100537;703.6;67;11345152024;B
20241028;100537;703.8;8;11345152025;B
20241028;100537;704;69;11345152026;B
20241028;100537;704.4;1;11345152027;B
20241028;100537;704.4;21;11345152028;B
20241028;100537;703.6;1;11345152087;B
20241028;100537;703.6;2;11345152095;B
20241028;100537;704.2;2;11345152096;B
20241028;100537;700.8;100;11345152143;S
20241028;100538;701.2;150;11345152314;S
20241028;100538;701.4;3;11345152369;S
20241028;100538;701;3;11345152438;S
20241028;100540;698.6;70;11345153219;S
20241028;100543;699.2;100;11345154299;S
20241028;100543;698.2;400;11345154300;S
20241028;100547;696.6;2;11345155392;S
20241028;100547;698;3;11345155815;B
20241028;100547;698.2;50;11345155816;B
20241028;100547;700.4;1;11345155817;B
20241028;100547;700.6;143;11345155818;B
20241028;100547;700.6;203;11345155819;B
20241028;100552;698.6;20;11345157697;S
20241028;100556;698.6;100;11345159016;S
20241028;100557;698.4;280;11345159356;S
20241028;100557;698.2;38;11345159357;S
20241028;100557;698;23;11345159358;S
20241028;100557;697.8;61;11345159359;S
20241028;100557;696.4;98;11345159360;S
20241028;100559;698;10;11345159931;S
20241028;100602;696.4;50;11345160788;S
20241028;100602;698.4;2;11345160795;B
20241028;100603;696.4;16;11345161136;S
20241028;100605;696.2;19;11345161770;B
20241028;100607;696;7;11345162421;S
20241028;100607;696;10;11345162422;S
20241028;100607;695.4;33;11345162423;S
20241028;100607;696.2;10;11345162424;B
20241028;100611;695.6;2;11345163890;S
20241028;100611;695.6;3;11345163891;S
20241028;100611;695.4;5;11345163892;S
20241028;100612;696.2;2;11345164263;B
20241028;100612;696.2;2;11345164293;B
20241028;100612;696;2;11345164310;B
20241028;100615;695.4;12;11345165315;S
20241028;100615;695.4;120;11345165316;S
20241028;100615;695.4;68;11345165317;S
20241028;100616;696;10;11345165601;B
20241028;100616;696;138;11345165687;B
20241028;100616;696.2;17;11345165688;B
20241028;100616;696.2;10;11345165689;B
20241028;100616;696.4;12;11345165690;B
20241028;100616;696.6;12;11345165691;B
20241028;100616;696.6;99;11345165692;B
20241028;100616;697.8;286;11345165693;B
20241028;100616;697.8;143;11345165694;B
20241028;100616;698;50;11345165695;B
20241028;100616;698;120;11345165696;B
20241028;100616;698.4;113;11345165697;B
20241028;100619;698.2;143;11345166495;B
20241028;100619;698.4;187;11345166496;B
20241028;100619;698.4;19;11345166497;B
20241028;100619;698.4;79;11345166498;S
20241028;100619;698.4;2;11345166614;S
20241028;100619;698.4;2;11345166654;S
20241028;100621;698.4;300;11345167368;S
20241028;100622;696.6;1;11345167549;S
20241028;100624;696.8;1;11345168238;S
20241028;100625;696.8;1;11345168533;S
20241028;100625;696.6;3;11345168534;S
20241028;100625;696.4;120;11345168535;S
20241028;100625;695.6;26;11345168536;S
20241028;100626;696.2;10;11345169049;S
20241028;100635;698.8;4;11345172534;B
20241028;100635;699;4;11345172535;B
20241028;100635;699;10;11345172536;B
20241028;100635;699;3;11345172537;B
20241028;100635;699.2;46;11345172538;B
20241028;100639;697.2;4;11345173597;S
20241028;100639;696.8;50;11345173598;S
20241028;100639;696.8;16;11345173599;S
20241028;100639;696.4;376;11345173600;S
20241028;100639;696.2;54;11345173601;S
20241028;100639;696.2;69;11345173819;S
20241028;100640;696.2;225;11345173908;S
20241028;100640;696.2;32;11345173909;S
20241028;100640;696.2;6;11345173923;S
20241028;100652;696;1;11345177950;S
20241028;100653;696.2;8;11345178230;B
20241028;100658;696.2;143;11345179975;S
20241028;100658;696.2;104;11345179976;S
20241028;100659;696.2;50;11345180114;S
20241028;100659;696.2;205;11345180166;S
20241028;100659;696.2;37;11345180167;S
20241028;100659;696;1;11345180168;S
20241028;100659;696;359;11345180169;S
20241028;100659;696;359;11345180170;S
20241028;100659;696;37;11345180171;S
20241028;100659;695.4;100;11345180172;S
20241028;100659;695.2;12;11345180173;S
20241028;100659;695;143;11345180174;S
20241028;100659;694.8;100;11345180175;S
20241028;100659;694.6;100;11345180176;S
20241028;100659;694.4;100;11345180177;S
20241028;100659;694.2;21;11345180178;S
20241028;100659;694.2;222;11345180179;S
20241028;100706;694;1;11345181765;S
20241028;100706;694;10;11345181766;S
20241028;100706;694;24;11345181767;S
20241028;100706;694;90;11345181768;S
20241028;100706;693.8;100;11345181769;S
20241028;100706;693.6;14;11345181770;S
20241028;100706;693.2;111;11345181771;S
20241028;100709;694.4;2;11345182427;S
20241028;100717;694.4;10;11345184207;S
20241028;100717;696.8;1;11345184328;B
20241028;100717;698;2;11345184329;B
20241028;100717;698.2;55;11345184330;B
20241028;100720;694.6;14;11345185092;S
20241028;100722;697.2;135;11345185500;B
20241028;100729;696.4;5;11345187374;B
20241028;100747;694.6;1;11345193117;S
20241028;100758;694.6;50;11345196855;B
20241028;100802;695.8;1;11345198012;B
20241028;100802;696.4;1;11345198013;B
20241028;100803;695.8;50;11345198436;B
20241028;100803;695.8;120;11345198437;B
20241028;100803;695.8;36;11345198438;B
20241028;100803;695.8;12;11345198439;B
20241028;100803;696;32;11345198440;B
20241028;100805;695.8;7;11345199151;B
20241028;100816;694.6;50;11345202469;S
20241028;100818;694.6;52;11345203479;S
20241028;100818;694.6;48;11345203481;B
20241028;100819;694.6;50;11345203691;B
20241028;100823;694.6;1;11345204754;S
20241028;100826;695.4;70;11345205686;S
20241028;100827;695.4;10;11345205742;S
20241028;100848;695.2;8;11345211444;S
20241028;100850;695.2;30;11345211932;S
20241028;100850;695.2;9;11345211980;S
20241028;100856;695.2;8;11345213809;S
20241028;100858;695.2;445;11345214277;S
20241028;100858;695.2;1;11345214278;S
20241028;100904;694.4;40;11345216225;S
20241028;100905;694.4;237;11345216687;S
20241028;100925;693.8;11;11345222550;S
20241028;100929;693.8;9;11345223670;S
20241028;100933;694.2;100;11345224763;B
20241028;100935;694.2;10;11345225549;B
20241028;100935;694.2;143;11345225550;B
20241028;100935;694.4;13;11345225551;B
20241028;100935;694.4;800;11345225552;B
20241028;100935;694.4;48;11345225553;B
20241028;100935;694.4;9;11345225554;B
20241028;100935;694.6;300;11345225555;B
20241028;100935;694.6;1;11345225556;B
20241028;100935;694.6;50;11345225557;B
20241028;100935;694.6;49;11345225558;B
20241028;100935;694.8;402;11345225559;B
20241028;100935;695;9554;11345225560;B
20241028;100935;695;30;11345225561;B
20241028;100935;695.2;10;11345225562;B
20241028;100935;695.8;339;11345225563;B
20241028;100935;696;150;11345225564;B
20241028;100935;696;2;11345225565;B
20241028;100935;696.4;2;11345225566;B
20241028;100935;696.6;1;11345225567;B
20241028;100935;696.6;100;11345225568;B
20241028;100935;696.8;18;11345225569;B
20241028;100935;696.8;1;11345225570;B
20241028;100935;697;4;11345225571;B
20241028;100935;697;2000;11345225572;B
20241028;100935;697;5964;11345225573;B
20241028;100947;694.4;400;11345229210;S
20241028;100947;694.4;2;11345229215;S
20241028;100947;696.6;6;11345229361;B
20241028;100947;696.6;3;11345229362;B
20241028;100947;696.6;2;11345229363;B
20241028;100947;696.6;12;11345229364;B
20241028;100951;693.8;10;11345230622;S
20241028;100951;693.4;40;11345230623;S
20241028;100951;693.2;30;11345230712;S
20241028;100951;693.2;10;11345230713;S
20241028;100951;693.2;116;11345230714;S
20241028;100951;693.2;44;11345230715;S
20241028;100957;695.4;50;11345232640;B
20241028;100957;695.4;8;11345232641;B
20241028;100957;695.6;2;11345232642;B
20241028;100957;695.8;40;11345232643;B
20241028;101010;694.2;2;11345237049;S
20241028;101010;694;12;11345237050;S
20241028;101010;693.8;12;11345237051;S
20241028;101010;693.6;40;11345237052;S
20241028;101010;693.4;20;11345237053;S
20241028;101022;695.4;2;11345241068;B
20241028;101022;695.4;16;11345241069;B
20241028;101022;695.4;17;11345241070;B
20241028;101022;695.6;143;11345241071;B
20241028;101022;695.6;172;11345241072;B
20241028;101028;694.6;1;11345242962;S
20241028;101105;694.4;2;11345256001;S
20241028;101124;694.6;15;11345260507;S
20241028;101127;694.2;2;11345261166;S
20241028;101134;694.2;12;11345262335;S
20241028;101139;694.2;96;11345263162;S
20241028;101148;694.2;100;11345265408;S
20241028;101156;694.2;10;11345267366;S
20241028;101157;694.2;100;11345267525;S
20241028;101158;694.2;7;11345267922;S
20241028;101158;694.2;30;11345267950;S
20241028;101200;694.2;2;11345268363;S
20241028;101207;694.2;22;11345269982;S
20241028;101207;694.2;19;11345269983;S
20241028;101207;694.2;50;11345269984;S
20241028;101207;694;2;11345269985;S
20241028;101207;694;6;11345269986;S
20241028;101207;694;10;11345269987;S
20241028;101214;693.8;30;11345271482;S
20241028;101214;693.8;16;11345271483;S
20241028;101214;693.6;354;11345271484;S
20241028;101214;693.6;400;11345271583;S
20241028;101216;693.6;246;11345271899;S
20241028;101216;693.6;6;11345271900;S
20241028;101216;693.4;40;11345271901;S
20241028;101216;693.4;2;11345271902;S
20241028;101216;693.2;172;11345271903;S
20241028;101216;693;70;11345271904;S
20241028;101216;693;120;11345271905;S
20241028;101216;692.8;43;11345271906;S
20241028;101228;693.2;6;11345274774;S
20241028;101257;694;16;11345281201;B
20241028;101257;694.2;40;11345281202;B
20241028;101257;694.2;28;11345281203;B
20241028;101257;694.4;28;11345281204;B
20241028;101257;694.6;85;11345281205;B
20241028;101257;694.6;1;11345281206;B
20241028;101257;694.8;49;11345281207;B
20241028;101257;695;402;11345281208;B
20241028;101257;695.2;50;11345281209;B
20241028;101257;695.4;50;11345281210;B
20241028;101257;695.4;120;11345281211;B
20241028;101257;695.4;36;11345281212;B
20241028;101257;695.6;250;11345281213;B
20241028;101257;695.8;10;11345281214;B
20241028;101257;695.8;50;11345281215;B
20241028;101257;696;2;11345281216;B
20241028;101257;696.2;2;11345281217;B
20241028;101257;696.2;143;11345281218;B
20241028;101257;696.4;402;11345281219;B
20241028;101257;696.4;400;11345281220;B
20241028;101257;696.6;2;11345281221;B
20241028;101257;696.6;48;11345281222;B
20241028;101257;696.6;400;11345281223;B
20241028;101257;696.6;200;11345281224;B
20241028;101257;696.8;3;11345281225;B
20241028;101257;696.8;50;11345281226;B
20241028;101257;696.8;1;11345281227;B
20241028;101257;696.8;1;11345281228;B
20241028;101257;696.8;400;11345281229;B
20241028;101257;696.8;400;11345281230;B
20241028;101257;696.8;200;11345281231;B
20241028;101257;697;4036;11345281232;B
20241028;101257;697;10;11345281233;B
20241028;101257;697;20;11345281234;B
20241028;101257;697.2;20;11345281235;B
20241028;101257;698;2;11345281236;B
20241028;101257;698;200;11345281237;B
20241028;101257;698.2;3;11345281238;B
20241028;101257;698.2;200;11345281239;B
20241028;101257;698.2;200;11345281240;B
20241028;101257;698.4;2;11345281241;B
20241028;101257;698.4;200;11345281242;B
20241028;101257;698.4;250;11345281243;B
20241028;101257;698.6;30;11345281244;B
20241028;101257;698.6;50;11345281245;B
20241028;101257;698.6;200;11345281246;B
20241028;101257;698.6;10000;11345281247;B
20241028;101257;698.8;2;11345281248;B
20241028;101257;698.8;200;11345281249;B
20241028;101257;699;20;11345281250;B
20241028;101257;699;486;11345281251;B
20241028;101310;696.4;100;11345283979;S
20241028;101320;696.8;5;11345286270;B
20241028;101320;696.8;40;11345286271;B
20241028;101320;697;14;11345286272;B
20241028;101320;697.2;14;11345286273;B
20241028;101320;697.6;6;11345286274;B
20241028;101320;697.8;143;11345286275;B
20241028;101320;698;50;11345286276;B
20241028;101320;698.2;25;11345286277;B
20241028;101320;698.4;30;11345286278;B
20241028;101320;698.4;50;11345286279;B
20241028;101320;698.4;750;11345286280;B
20241028;101320;698.6;112;11345286281;B
20241028;101320;698.6;50;11345286282;B
20241028;101320;698.6;750;11345286283;B
20241028;101320;698.8;200;11345286284;B
20241028;101320;698.8;20;11345286285;B
20241028;101320;698.8;208;11345286286;B
20241028;101320;698.8;10;11345286287;B
20241028;101320;698.8;150;11345286288;B
20241028;101320;698.8;112;11345286289;B
20241028;101320;698.8;11;11345286290;B
20241028;101320;698.8;100;11345286291;B
20241028;101320;698.8;100;11345286292;B
20241028;101320;698.8;50;11345286293;B
20241028;101320;698.8;50;11345286294;B
20241028;101320;698.8;100;11345286295;B
20241028;101320;699;9514;11345286296;B
20241028;101320;699;500;11345286297;B
20241028;101320;699.2;100;11345286298;B
20241028;101320;699.4;71;11345286299;B
20241028;101320;699.4;10000;11345286300;B
20241028;101320;699.8;1;11345286301;B
20241028;101320;699.8;1;11345286302;B
20241028;101320;699.8;20;11345286303;B
20241028;101320;699.8;1;11345286304;B
20241028;101320;700;600;11345286305;B
20241028;101320;700;5;11345286306;B
20241028;101320;700;300;11345286307;B
20241028;101320;700;100;11345286308;B
20241028;101320;700;100;11345286309;B
20241028;101320;700;50;11345286310;B
20241028;101320;700;10000;11345286311;B
20241028;101320;700;10;11345286312;B
20241028;101320;700.2;2;11345286313;B
20241028;101320;700.2;100;11345286314;B
20241028;101320;700.2;200;11345286315;B
20241028;101320;700.4;400;11345286316;B
20241028;101320;700.4;140;11345286317;B
20241028;101320;700.4;7280;11345286318;B
20241028;101320;700.6;2;11345286319;B
20241028;101320;700.8;700;11345286320;B
20241028;101320;700.8;200;11345286321;B
20241028;101320;700.8;10;11345286322;B
20241028;101320;701;3;11345286323;B
20241028;101320;701;200;11345286324;B
20241028;101320;701;1;11345286325;B
20241028;101320;701;1;11345286326;B
20241028;101320;701;1;11345286327;B
20241028;101320;701;2;11345286328;B
20241028;101320;701;6235;11345286329;B
20241028;101320;700.8;143;11345286343;B
20241028;101320;701;65;11345286344;B
20241028;101322;698.6;20;11345286747;B
20241028;101322;698.6;40;11345286748;B
20241028;101322;700.8;143;11345286804;B
20241028;101322;700.8;250;11345286805;B
20241028;101322;701;3700;11345286806;B
20241028;101322;701;2;11345286807;B
20241028;101322;701.2;500;11345286808;B
20241028;101322;701.8;405;11345286809;B
20241028;101323;701.6;143;11345287048;B
20241028;101323;701.6;40;11345287049;B
20241028;101323;701.8;95;11345287050;B
20241028;101323;702;7;11345287051;B
20241028;101323;702;500;11345287052;B
20241028;101323;702;8577;11345287053;B
20241028;101323;701.8;143;11345287258;B
20241028;101323;701.8;40;11345287259;B
20241028;101323;702;567;11345287260;B
20241028;101323;702;298;11345287261;B
20241028;101323;702;80;11345287262;B
20241028;101323;702;40;11345287263;B
20241028;101323;702;200;11345287264;B
20241028;101324;701.8;143;11345287366;B
20241028;101324;701.8;40;11345287367;B
20241028;101324;702;238;11345287368;B
20241028;101324;702.2;71;11345287369;B
20241028;101324;702.4;2;11345287370;B
20241028;101326;702.6;30;11345287776;B
20241028;101333;702.2;50;11345289238;B
20241028;101333;702.2;40;11345289239;B
20241028;101333;702.2;20;11345289240;B
20241028;101333;702.2;20;11345289241;B
20241028;101333;702.6;50;11345289242;B
20241028;101333;702.6;50;11345289243;B
20241028;101333;702.6;5;11345289244;B
20241028;101333;702.8;57;11345289245;B
20241028;101333;702.8;100;11345289246;B
20241028;101333;702.8;3;11345289247;B
20241028;101333;702.8;50;11345289248;B
20241028;101333;702.8;3000;11345289249;B
20241028;101333;703;1;11345289250;B
20241028;101333;703;100;11345289251;B
20241028;101333;703;50;11345289252;B
20241028;101333;703;10000;11345289253;B
20241028;101333;703.2;300;11345289254;B
20241028;101333;703.4;1;11345289255;B
20241028;101333;703.4;55;11345289256;S
20241028;101333;703.6;23;11345289258;B
20241028;101333;703.8;49;11345289259;B
20241028;101333;703.8;234;11345289260;B
20241028;101333;703.4;50;11345289294;S
20241028;101333;703.8;266;11345289412;B
20241028;101333;703.8;1;11345289413;B
20241028;101333;703.8;483;11345289414;B
20241028;101333;703.8;100;11345289458;B
20241028;101334;703.8;100;11345289562;B
20241028;101336;703.6;1;11345290034;B
20241028;101336;703.4;1;11345290097;S
20241028;101337;703.4;997;11345290224;S
20241028;101338;701.2;50;11345290624;S
20241028;101342;702.6;100;11345291514;B
20241028;101342;702.6;40;11345291515;B
20241028;101342;703;100;11345291516;B
20241028;101342;703.4;760;11345291517;B
20241028;101347;701.8;2;11345292637;S
20241028;101347;701.4;13;11345292638;S
20241028;101350;701;11;11345293390;S
20241028;101350;701;3;11345293391;S
20241028;101350;700.8;36;11345293392;S
20241028;101352;701.2;36;11345293853;B
20241028;101355;700.8;1;11345294733;S
20241028;101355;700.8;3;11345294780;S
20241028;101355;700.6;71;11345294781;S
20241028;101355;700.6;50;11345294782;S
20241028;101357;700;20;11345295182;S
20241028;101357;700;20;11345295183;S
20241028;101357;700;50;11345295184;S
20241028;101357;699.6;50;11345295185;S
20241028;101357;699.6;110;11345295186;S
20241028;101358;699.6;1;11345295624;S
20241028;101400;699.4;250;11345296098;S
20241028;101400;699.4;1;11345296103;S
20241028;101402;699.4;1;11345296453;S
20241028;101403;700;5;11345296873;B
20241028;101403;699.4;48;11345296888;S
20241028;101404;699.4;1;11345296897;B
20241028;101404;699;1;11345296947;S
20241028;101404;699;1;11345297007;S
20241028;101404;699;1;11345297031;B
20241028;101404;699;40;11345297033;B
20241028;101405;699;8;11345297120;S
20241028;101405;698.8;42;11345297121;S
20241028;101405;699;1;11345297132;B
20241028;101405;699;34;11345297133;B
20241028;101405;698.8;1;11345297350;S
20241028;101406;698.8;1;11345297420;S
20241028;101406;698.8;1;11345297454;S
20241028;101406;698.8;5;11345297513;S
20241028;101406;698.8;15;11345297514;S
20241028;101406;698.8;1;11345297525;S
20241028;101407;698.8;1;11345297698;S
20241028;101409;698.6;13;11345298065;S
20241028;101411;698.8;25;11345298502;S
20241028;101411;698.8;6;11345298596;B
20241028;101411;698.8;40;11345298597;B
20241028;101412;698.8;10;11345298848;S
20241028;101413;698.8;127;11345298945;S
20241028;101413;698.6;23;11345298946;S
20241028;101415;698.6;1;11345299426;S
20241028;101416;698.6;1;11345299770;S
20241028;101416;699;1;11345299783;B
20241028;101416;699;1;11345299784;B
20241028;101416;699;1;11345299785;B
20241028;101416;699;16;11345299786;B
20241028;101416;699;13;11345299787;B
20241028;101416;698.6;1;11345299795;S
20241028;101416;698.8;1;11345299868;S
20241028;101418;698.8;1;11345300319;S
20241028;101420;698.8;16;11345300679;S
20241028;101420;698.8;5;11345300680;S
20241028;101420;698.6;13;11345300681;S
20241028;101420;698.6;11;11345300682;S
20241028;101425;699.2;2;11345302403;B
20241028;101427;698.6;9;11345302702;S
20241028;101427;698.6;25;11345302703;S
20241028;101427;698.6;2;11345302704;S
20241028;101427;698.4;15;11345302705;S
20241028;101427;698.4;10;11345302706;S
20241028;101427;698.4;39;11345302707;S
20241028;101427;698.8;2;11345302791;S
20241028;101427;698.2;20;11345302792;S
20241028;101427;698.2;93;11345302793;S
20241028;101428;699.2;10;11345302940;B
20241028;101431;698.6;82;11345303870;S
20241028;101431;698.6;3;11345303871;S
20241028;101431;698.2;407;11345303872;S
20241028;101431;698.2;8;11345303873;S
20241028;101445;698;7;11345308234;S
20241028;101445;698;3;11345308235;S
20241028;101447;698;12;11345308657;S
20241028;101447;698;112;11345308658;S
20241028;101447;698;19;11345308659;S
20241028;101448;698;45;11345309189;S
20241028;101448;698;50;11345309281;S
20241028;101450;697.4;81;11345309819;S
20241028;101452;697.6;2;11345310418;S
20241028;101452;697.4;98;11345310419;S
20241028;101452;697.4;129;11345310420;S
20241028;101455;697.4;192;11345311843;S
20241028;101508;696.8;2;11345316551;S
20241028;101508;696.6;2;11345316552;S
20241028;101508;696.6;2;11345316553;S
20241028;101508;696.6;39;11345316554;S
20241028;101508;696.6;2;11345316555;S
20241028;101508;696.4;39;11345316556;S
20241028;101508;696.4;100;11345316557;S
20241028;101508;696.2;50;11345316558;S
20241028;101508;696;100;11345316559;S
20241028;101508;696;15;11345316560;S
20241028;101508;695.8;100;11345316561;S
20241028;101508;695.6;49;11345316562;S
20241028;101510;696;2;11345317655;S
20241028;101512;695.8;327;11345318411;S
20241028;101512;695.6;51;11345318412;S
20241028;101512;695.6;40;11345318413;S
20241028;101512;695.6;37;11345318414;S
20241028;101512;695.4;100;11345318415;S
20241028;101512;695.4;45;11345318416;S
20241028;101514;695.4;8;11345319363;S
20241028;101517;695.4;100;11345320611;S
20241028;101523;696.2;8;11345323336;B
20241028;101536;695.6;80;11345329499;S
20241028;101536;695.6;320;11345329500;S
20241028;101537;695.6;1;11345329809;S
20241028;101544;695.4;347;11345332983;S
20241028;101544;695.4;853;11345332984;S
20241028;101544;695.4;147;11345332985;S
20241028;101604;695.2;5;11345342367;S
20241028;101604;695.2;284;11345342368;S
20241028;101604;695;1;11345342369;S
20241028;101610;694.8;55;11345345028;S
20241028;101610;694.2;1;11345345081;S
20241028;101612;694.6;5;11345345857;B
20241028;101612;695;50;11345346069;S
20241028;101613;694.2;30;11345346612;S
20241028;101614;694.2;5;11345346724;S
20241028;101615;694.2;1;11345347068;S
20241028;101617;694.2;22;11345348319;S
20241028;101617;694;15;11345348320;S
20241028;101617;694;196;11345348321;S
20241028;101617;694;4;11345348322;S
20241028;101617;693.8;1;11345348323;S
20241028;101617;693.8;402;11345348324;S
20241028;101617;693.8;9;11345348325;S
20241028;101617;693.8;40;11345348326;S
20241028;101617;693.6;21;11345348327;S
20241028;101617;693.6;9;11345348328;S
20241028;101617;693.4;100;11345348329;S
20241028;101617;693.4;1;11345348330;S
20241028;101617;693.4;500;11345348331;S
20241028;101617;693.4;23;11345348332;S
20241028;101617;693.2;375;11345348333;S
20241028;101617;693;30;11345348334;S
20241028;101617;693;2;11345348335;S
20241028;101617;692.8;5;11345348336;S
20241028;101617;692.8;245;11345348337;S
20241028;101620;693.8;2;11345349340;B
20241028;101624;693;35;11345351159;S
20241028;101625;693.8;1;11345351446;B
20241028;101625;693.8;3;11345351447;B
20241028;101631;693;10;11345354561;S
20241028;101636;693;31;11345356741;S
20241028;101636;693;40;11345356742;S
20241028;101636;692.8;129;11345356743;S
20241028;101638;693;16;11345357602;S
20241028;101640;693;31;11345358561;S
20241028;101640;693;40;11345358562;S
20241028;101640;692.8;71;11345358563;S
20241028;101640;692.8;358;11345358564;S
20241028;101641;692.8;142;11345359137;S
20241028;101641;692.8;39;11345359138;S
20241028;101641;692.8;40;11345359139;S
20241028;101642;692.6;5;11345359892;S
20241028;101644;692.8;1;11345360396;S
20241028;101644;692.8;22;11345360433;S
20241028;101644;692.8;28;11345360434;S
20241028;101657;692.8;2;11345365235;S
20241028;101702;692.8;50;11345366820;S
20241028;101703;692.8;4;11345367467;S
20241028;101704;692.8;1;11345368082;S
20241028;101706;692.8;3;11345368815;S
20241028;101711;692.8;10;11345370568;S
20241028;101712;692.8;6;11345370918;S
20241028;101714;692.8;58;11345371698;S
20241028;101715;692.8;6;11345371989;S
20241028;101716;692.8;6;11345372650;S
20241028;101717;692.8;5;11345372919;S
20241028;101722;692.8;100;11345374895;S
20241028;101727;692.8;10;11345376489;S
20241028;101729;692.8;6;11345377355;S
20241028;101731;692.8;29;11345378113;S
20241028;101735;692.8;100;11345379868;S
20241028;101740;692.8;109;11345381678;S
20241028;101740;692.8;178;11345381691;S
20241028;101740;692.8;1;11345381692;S
20241028;101740;692.8;1;11345381693;S
20241028;101740;692.6;190;11345381694;S
20241028;101742;692.8;146;11345382676;S
20241028;101742;692.6;5;11345382677;S
20241028;101745;692.4;5;11345383922;S
20241028;101748;692.4;100;11345385081;S
20241028;101749;692.4;1;11345385759;S
20241028;101751;692.4;80;11345386594;S
20241028;101759;692.4;52;11345389742;S
20241028;101803;692.4;3;11345391885;S
20241028;101805;692.4;3;11345392990;S
20241028;101806;692.4;50;11345393331;S
20241028;101808;692.6;5;11345394307;B
20241028;101814;692.4;4;11345397173;S
20241028;101815;692.4;14;11345397588;S
20241028;101817;692.4;188;11345398711;S
20241028;101818;692.4;30;11345399188;B
20241028;101821;692.4;3;11345400379;B
20241028;101825;692.2;300;11345401922;S
20241028;101825;692.2;200;11345401923;S
20241028;101827;692.2;2;11345402558;S
20241028;101830;692.2;10;11345404057;S
20241028;101834;692.2;45;11345405269;S
20241028;101839;692.4;760;11345406946;B
20241028;101839;692.4;14;11345406947;B
20241028;101839;692.4;26;11345406948;B
20241028;101844;692.4;50;11345409362;S
20241028;101852;692.4;300;11345412426;S
20241028;101852;692.4;40;11345412427;S
20241028;101900;692.4;1;11345416112;B
20241028;101903;692.2;3;11345417180;S
20241028;101903;692.2;120;11345417432;S
20241028;101907;692.4;1;11345418978;B
20241028;101909;692.2;100;11345419824;S
20241028;101909;692.2;20;11345419825;S
20241028;101909;692.2;30;11345420022;S
20241028;101909;692.2;1;11345420023;S
20241028;101909;692.2;1;11345420024;S
20241028;101909;692.2;1;11345420025;S
20241028;101909;692.2;55;11345420026;S
20241028;101909;692.2;100;11345420027;S
20241028;101909;692;10;11345420028;S
20241028;101909;692;7;11345420029;S
20241028;101909;692;300;11345420030;S
20241028;101909;692;10;11345420031;S
20241028;101909;692;25;11345420032;S
20241028;101909;692;100;11345420033;S
20241028;101909;692;200;11345420034;S
20241028;101909;691.8;160;11345420035;S
20241028;101911;692;198;11345420923;S
20241028;101911;691.8;2;11345420924;S
20241028;101918;692;30;11345424128;S
20241028;101921;692;139;11345425346;S
20241028;101924;692;10;11345427418;S
20241028;101925;692;20;11345427929;S
20241028;101929;692;6;11345430020;S
20241028;101938;692;140;11345434328;S
20241028;101941;692;30;11345435726;S
20241028;101944;692;225;11345436683;S
20241028;101944;692;25;11345436684;S
20241028;101944;692.2;15;11345436743;B
20241028;101947;692;35;11345437699;S
20241028;101947;692;26;11345437828;S
20241028;101947;692;1;11345437829;S
20241028;101947;691.8;8;11345437830;S
20241028;101955;691.8;200;11345441316;S
20241028;102003;691.8;7;11345443972;S
20241028;102007;692;1;11345445256;B
20241028;102010;692;30;11345446396;B
20241028;102030;692;5;11345459619;B
20241028;102032;691.8;36;11345462513;S
20241028;102036;692;1;11345466066;B
20241028;102036;692;1;11345466563;B
20241028;102037;692;1;11345467150;B
20241028;102037;692;1;11345467725;B
20241028;102038;692;1;11345468386;B
20241028;102038;692;1;11345469013;B
20241028;102038;692;10;11345469191;B
20241028;102038;692;5;11345469192;B
20241028;102038;692;5;11345469193;B
20241028;102038;692;15;11345469194;B
20241028;102038;692;15;11345469195;B
20241028;102039;692;1;11345469991;B
20241028;102040;692;1;11345470718;B
20241028;102041;692;1;11345471546;B
20241028;102041;692;1;11345471928;B
20241028;102042;692;1;11345472544;B
20241028;102046;691.8;33;11345477512;S
20241028;102100;691.8;9;11345492757;S
20241028;102101;691.8;10;11345494124;S
20241028;102105;692;1;11345497413;B
20241028;102109;691.8;1;11345501163;S
20241028;102116;691.8;34;11345507256;S
20241028;102116;691.8;16;11345507257;S
20241028;102119;692;27;11345510510;B
20241028;102119;692;11;11345510511;B
20241028;102119;692;1;11345510512;B
20241028;102124;692;300;11345516433;S
20241028;102126;692;51;11345518495;S
20241028;102129;692.2;1;11345521278;B
20241028;102130;692;30;11345522221;S
20241028;102130;692;66;11345522222;S
20241028;102130;692;4;11345522223;S
20241028;102133;692.2;10;11345524956;B
20241028;102136;692.2;6;11345528788;B
20241028;102136;692.2;3;11345528789;B
20241028;102136;692.4;158;11345528790;B
20241028;102136;692.4;3;11345528791;B
20241028;102136;692.4;10;11345528792;B
20241028;102136;692.6;1;11345528793;B
20241028;102136;692.6;3;11345528794;B
20241028;102136;692.8;20;11345528795;B
20241028;102142;693;69;11345535216;B
20241028;102147;692.8;50;11345540269;S
20241028;102151;692.8;38;11345545109;S
20241028;102153;693;1;11345546779;B
20241028;102157;692.8;86;11345549710;S
20241028;102157;693;30;11345550362;B
20241028;102157;693;15;11345550363;B
20241028;102158;693;21;11345551047;B
20241028;102202;693;3;11345554444;S
20241028;102206;693;36;11345558840;S
20241028;102206;693;40;11345558841;S
20241028;102206;693;124;11345558842;B
20241028;102211;693.6;9;11345564817;B
20241028;102211;694;1;11345564818;B
20241028;102211;694;9;11345565206;B
20241028;102211;694.4;1;11345565207;B
20241028;102215;693.6;1;11345570050;S
20241028;102226;694.4;29;11345578420;B
20241028;102226;694.6;40;11345578421;B
20241028;102226;695;10;11345578422;B
20241028;102226;695;211;11345578423;B
20241028;102229;693.8;8;11345579068;S
20241028;102229;695;1;11345579238;B
20241028;102238;693.6;196;11345581445;S
20241028;102238;693.6;40;11345581446;S
20241028;102238;693.2;12;11345581447;S
20241028;102238;693;203;11345581448;S
20241028;102238;693;143;11345581449;S
20241028;102238;692.8;127;11345581450;S
20241028;102240;693.8;6;11345582025;B
20241028;102240;694;1;11345582026;B
20241028;102240;694;1;11345582027;B
20241028;102240;694;2;11345582028;B
20241028;102242;693.8;1;11345582642;B
20241028;102242;693.8;22;11345582643;B
20241028;102242;694;40;11345582644;B
20241028;102242;694;22;11345582645;B
20241028;102242;694.2;1;11345582646;B
20241028;102242;694.4;50;11345582647;B
20241028;102242;694.4;5;11345582648;B
20241028;102242;694.6;402;11345582649;B
20241028;102242;694.6;100;11345582650;B
20241028;102250;693.2;2;11345584996;S
20241028;102250;693.8;1;11345585100;B
20241028;102257;693.8;10;11345586938;S
20241028;102303;693.8;6;11345588625;S
20241028;102303;693.8;4;11345588626;S
20241028;102304;694;1;11345588946;B
20241028;102304;694;2;11345588947;B
20241028;102313;693.6;2;11345591579;S
20241028;102314;693.6;1;11345591920;S
20241028;102328;693.2;10;11345596415;S
20241028;102336;693.2;40;11345599059;S
20241028;102336;693.2;40;11345599060;S
20241028;102336;693;20;11345599061;S
20241028;102346;693.2;10;11345602295;S
20241028;102350;693.2;5;11345603708;S
20241028;102352;693.2;3;11345604597;S
20241028;102400;693.2;10;11345608492;S
20241028;102409;693.2;2;11345612772;S
20241028;102412;693.6;2;11345614247;B
20241028;102412;693.8;1;11345614248;B
20241028;102412;693.8;5;11345614249;B
20241028;102414;693.4;5;11345615039;S
20241028;102414;693.4;15;11345615040;S
20241028;102416;693.2;1;11345615974;S
20241028;102420;693.8;4;11345617437;B
20241028;102435;694;8;11345622396;B
20241028;102435;694;10;11345622397;B
20241028;102435;694;10;11345622398;B
20241028;102435;694.2;4;11345622399;B
20241028;102435;694.2;16;11345622400;B
20241028;102435;694.4;40;11345622401;B
20241028;102435;694.4;4;11345622402;B
20241028;102435;694.6;58;11345622403;B
20241028;102436;693.8;8;11345622797;S
20241028;102449;694;1;11345626224;B
20241028;102449;694.4;4;11345626225;B
20241028;102452;693.6;16;11345627567;S
20241028;102452;693.6;9;11345627568;S
20241028;102452;693.6;8;11345627569;S
20241028;102452;693.4;17;11345627570;S
20241028;102455;693.6;1;11345628391;B
20241028;102456;693.4;1;11345628643;S
20241028;102459;693.4;1;11345629211;S
20241028;102502;693.8;1;11345629781;B
20241028;102505;693.8;1;11345630754;B
20241028;102508;693.8;1;11345632270;B
20241028;102510;693.6;43;11345633015;S
20241028;102511;693.8;1;11345633517;B
20241028;102519;693.8;5;11345636833;S
20241028;102530;694;10;11345640114;B
20241028;102531;694;10;11345640533;B
20241028;102547;693.4;8;11345644939;S
20241028;102548;693.4;25;11345645137;S
20241028;102549;693.2;83;11345645324;S
20241028;102549;693.2;35;11345645466;S
20241028;102549;693.2;35;11345645489;S
20241028;102549;693.2;227;11345645563;S
20241028;102549;693;100;11345645564;S
20241028;102549;693;173;11345645565;S
20241028;102550;693;1;11345645843;S
20241028;102551;693;26;11345646170;S
20241028;102551;692.8;9;11345646171;S
20241028;102552;692.8;100;11345646325;S
20241028;102604;692.8;87;11345649301;S
20241028;102606;692.6;10;11345649744;S
20241028;102606;692.4;40;11345649745;S
20241028;102610;692.4;6;11345651097;S
20241028;102612;692.4;35;11345651662;S
20241028;102612;692.4;234;11345651852;S
20241028;102614;692;10;11345652215;S
20241028;102614;691.8;4;11345652216;S
20241028;102614;691.8;16;11345652217;S
20241028;102617;691.8;365;11345652715;S
20241028;102618;691.6;35;11345652993;S
20241028;102623;691.8;23;11345653904;B
20241028;102623;692;35;11345653905;B
20241028;102623;692;21;11345653906;B
20241028;102623;692;10;11345653907;B
20241028;102623;692.2;35;11345653908;B
20241028;102623;692.2;40;11345653909;B
20241028;102623;692.2;25;11345653943;S
20241028;102635;691.6;10;11345656660;S
20241028;102645;692.2;11;11345658576;B
20241028;102652;692.2;40;11345660395;S
20241028;102652;692.2;12;11345660396;S
20241028;102652;692;12;11345660397;S
20241028;102652;692;24;11345660398;S
20241028;102704;691.8;10;11345662770;S
20241028;102710;692;1;11345665123;B
20241028;102713;691.8;5;11345665790;S
20241028;102713;691.8;143;11345665791;S
20241028;102715;691.6;135;11345666403;S
20241028;102715;691.6;10;11345666404;S
20241028;102715;691.6;100;11345666405;S
20241028;102715;691.6;10;11345666406;S
20241028;102715;691.6;21;11345666407;S
20241028;102719;691.6;10;11345667202;B
20241028;102721;691.6;220;11345667613;B
20241028;102721;691.6;35;11345667614;B
20241028;102721;691.8;110;11345667615;B
20241028;102725;691.8;153;11345668814;B
20241028;102726;691.6;35;11345668852;S
20241028;102728;691.6;5;11345669519;S
20241028;102728;691.6;68;11345669520;S
20241028;102731;691.8;5;11345671117;B
20241028;102735;691.8;1;11345672018;B
20241028;102736;691.6;7;11345672678;B
20241028;102738;691.6;10;11345673052;B
20241028;102742;691.6;1;11345674236;B
20241028;102747;691.4;30;11345675379;S
20241028;102747;691.4;120;11345675380;S
20241028;102748;691.6;6;11345675592;B
20241028;102748;691.6;4;11345675593;B
20241028;102756;691.4;1;11345677232;S
20241028;102759;691.4;1;11345677956;S
20241028;102806;691.6;20;11345680362;B
20241028;102806;691.6;24;11345680363;B
20241028;102806;691.6;24;11345680364;B
20241028;102806;691.6;24;11345680365;B
20241028;102806;691.6;24;11345680366;B
20241028;102806;691.6;24;11345680367;B
20241028;102808;691.6;18;11345680940;B
20241028;102809;691.6;52;11345681030;B
20241028;102815;691.6;50;11345682540;S
20241028;102817;691.8;150;11345683076;B
20241028;102819;691.8;11;11345683788;B
20241028;102820;691.6;198;11345683952;S
20241028;102820;691.6;40;11345683953;S
20241028;102820;691.6;100;11345683954;S
20241028;102820;691.4;529;11345683955;S
20241028;102820;691.4;3;11345683956;S
20241028;102820;691.2;5;11345683957;S
20241028;102820;691.2;100;11345683958;S
20241028;102820;691;199;11345683959;S
20241028;102820;691;400;11345683960;S
20241028;102820;690.8;143;11345683961;S
20241028;102820;690.8;352;11345683962;S
20241028;102826;691.4;1;11345685154;S
20241028;102826;691.4;19;11345685162;S
20241028;102826;691.4;31;11345685163;S
20241028;102827;691;72;11345685477;S
20241028;102827;691;40;11345685478;S
20241028;102827;690.8;143;11345685479;S
20241028;102827;690.8;45;11345685480;S
20241028;102833;691.2;20;11345687673;S
20241028;102835;691.8;10;11345688051;B
20241028;102837;691.8;1;11345688579;B
20241028;102839;691.8;1;11345688901;B
20241028;102844;691.8;8;11345690160;B
20241028;102858;691.8;402;11345693312;B
20241028;102858;691.8;250;11345693313;B
20241028;102858;691.8;1;11345693314;B
20241028;102858;692;1;11345693315;B
20241028;102858;692;70;11345693316;B
20241028;102858;692;50;11345693317;B
20241028;102858;692.2;64;11345693318;B
20241028;102858;692.4;74;11345693319;B
20241028;102859;692.6;58;11345693522;S
20241028;102859;693.6;20;11345693535;B
20241028;102859;693.8;12;11345693536;B
20241028;102859;694;10;11345693537;B
20241028;102859;694;78;11345693538;B
20241028;102907;693.8;20;11345695552;B
20241028;102907;693.8;42;11345695553;B
20241028;102907;694;324;11345695554;B
20241028;102907;694;397;11345695555;B
20241028;102907;694;6;11345695556;B
20241028;102907;694;42;11345695557;B
20241028;102907;694.2;86;11345695558;B
20241028;102907;694.2;1;11345695559;B
20241028;102907;694.2;50;11345695560;B
20241028;102907;694.2;285;11345695561;B
20241028;102907;694.4;3;11345695562;B
20241028;102907;694.4;64;11345695563;B
20241028;102907;694.6;8;11345695748;B
20241028;102910;693.2;57;11345697034;S
20241028;102919;693.2;1;11345699105;S
20241028;102919;692.8;6;11345699106;S
20241028;102930;693;20;11345702585;B
20241028;102930;693.4;50;11345702586;B
20241028;102930;693.4;68;11345702587;B
20241028;102930;693.4;50;11345702588;B
20241028;102930;693.6;1;11345702589;B
20241028;102930;693.8;1;11345702699;S
20241028;102932;693.8;10;11345703096;S
20241028;102942;694.2;1;11345705738;B
20241028;102957;694;81;11345708904;B
20241028;102957;694;40;11345708905;B
20241028;102957;694;24;11345708906;B
20241028;102957;694;24;11345708907;B
20241028;102957;694.2;23;11345708908;B
20241028;102957;694.2;24;11345708909;B
20241028;102957;694.2;10;11345708910;B
20241028;102957;694.2;673;11345708911;B
20241028;103001;694;4;11345709772;B
20241028;103007;693.4;26;11345711317;S
20241028;103007;693.4;40;11345711318;S
20241028;103007;693.4;20;11345711319;S
20241028;103007;693.2;26;11345711320;S
20241028;103007;693;100;11345711321;S
20241028;103007;692.6;50;11345711322;S
20241028;103007;692.4;402;11345711323;S
20241028;103007;692.4;143;11345711324;S
20241028;103007;692.2;64;11345711325;S
20241028;103007;692.2;29;11345711326;S
20241028;103029;693.2;16;11345718637;B
20241028;103029;693.6;1;11345718649;B
20241028;103032;693.4;9;11345720025;S
20241028;103042;693.4;15;11345722685;B
20241028;103042;693.4;13;11345722686;B
20241028;103042;693.4;2;11345722687;B
20241028;103057;692.8;250;11345726336;S
20241028;103057;692.8;20;11345726337;S
20241028;103057;692.8;16;11345726338;S
20241028;103057;692.6;14;11345726339;S
20241028;103105;692.6;11;11345727486;S
20241028;103112;692.8;13;11345729053;S
20241028;103112;692.8;40;11345729054;S
20241028;103112;692.6;17;11345729055;S
20241028;103127;692.6;1;11345732177;S
20241028;103129;693.4;10;11345732697;B
20241028;103129;693.4;20;11345732698;B
20241028;103129;693.4;1;11345732699;B
20241028;103129;693.4;40;11345732700;B
20241028;103129;693.6;23;11345732701;B
20241028;103129;693.6;10;11345732702;B
20241028;103129;693.8;3;11345732703;B
20241028;103129;693.8;3;11345732704;B
20241028;103129;693.8;50;11345732705;B
20241028;103129;693.8;10;11345732706;B
20241028;103129;694;20;11345732707;B
20241028;103129;694;24;11345732708;B
20241028;103129;694;10;11345732709;B
20241028;103129;694;276;11345732710;B
20241028;103203;693.4;2;11345740069;S
20241028;103311;694;1;11345757998;B
20241028;103340;693.4;1;11345764594;S
20241028;103340;693.4;9;11345764595;S
20241028;103345;693.8;1;11345765599;B
20241028;103428;693.8;1;11345773556;B
20241028;103520;693.6;20;11345784285;B
20241028;103607;693.6;1;11345793716;B
20241028;103607;693.8;1;11345793717;B
20241028;103609;693.4;4;11345794045;S
20241028;103617;693.8;1;11345795656;B
20241028;103723;693.8;17;11345809122;B
20241028;103723;693.8;1;11345809123;B
20241028;103723;693.8;1;11345809124;B
20241028;103723;693.8;62;11345809125;B
20241028;103727;693.8;4;11345809641;B
20241028;103747;693.8;4;11345813504;B
20241028;103747;693.8;10;11345813505;B
20241028;103808;694;1;11345819355;B
20241028;103809;694;1;11345819452;B
20241028;103811;694;1;11345819842;B
20241028;103811;694;1;11345819893;B
20241028;103811;694;1;11345819912;B
20241028;103812;694;1;11345820019;B
20241028;103814;694;1;11345820395;B
20241028;103814;693.4;3;11345820396;S
20241028;103816;694;1;11345820830;B
20241028;103817;694;1;11345821001;B
20241028;103818;694;1;11345821063;B
20241028;103818;694;1;11345821150;B
20241028;103819;694;1;11345821224;B
20241028;103819;694;1;11345821354;B
20241028;103820;694;1;11345821503;B
20241028;103820;694;1;11345821648;B
20241028;103821;694;8;11345821702;B
20241028;103821;694;22;11345821703;B
20241028;103821;694;1;11345821855;B
20241028;103822;694;1;11345821903;B
20241028;103822;694;1;11345822051;B
20241028;103823;694;1;11345822203;B
20241028;103823;694;1;11345822300;B
20241028;103824;694;1;11345822358;B
20241028;103825;694;10;11345822548;B
20241028;103828;694;1;11345823026;B
20241028;103828;694;5;11345823041;B
20241028;103828;694;10;11345823042;B
20241028;103828;694;10;11345823043;B
20241028;103828;694;30;11345823044;B
20241028;103828;694;195;11345823045;B
20241028;103831;694;100;11345823637;B
20241028;103832;694;1;11345823958;B
20241028;103833;694;1;11345824015;B
20241028;103833;694;1;11345824092;B
20241028;103834;694;1;11345824184;B
20241028;103834;694;1;11345824267;B
20241028;103835;694;1;11345824341;B
20241028;103835;694;1;11345824387;B
20241028;103836;694;1;11345824492;B
20241028;103836;694;1;11345824563;B
20241028;103837;694;1;11345824659;B
20241028;103837;694;1;11345824848;B
20241028;103838;694;1;11345824926;B
20241028;103838;694;1;11345825005;B
20241028;103839;694;1;11345825078;B
20241028;103839;694;1;11345825147;B
20241028;103840;694;1;11345825241;B
20241028;103840;694;1;11345825502;B
20241028;103841;694;100;11345825837;B
20241028;103841;694;1;11345825855;B
20241028;103842;694;1;11345826186;B
20241028;103842;694;1;11345826313;B
20241028;103843;694;1;11345826435;B
20241028;103844;694;1;11345826704;B
20241028;103844;694;1;11345827014;B
20241028;103845;694;1;11345827439;B
20241028;103846;694;1;11345827592;B
20241028;103846;694;1;11345827750;B
20241028;103847;694;1;11345827896;B
20241028;103847;694;1;11345828149;B
20241028;103848;694;1;11345828499;B
20241028;103848;694;1;11345828725;B
20241028;103849;693.6;1;11345828929;S
20241028;103849;694;1;11345829081;B
20241028;103850;694;1;11345829264;B
20241028;103913;694;1;11345835110;B
20241028;103914;694;1;11345835328;B
20241028;103914;694;1;11345835468;B
20241028;103915;694;1;11345835584;B
20241028;103915;694;1;11345835693;B
20241028;103916;694;1;11345835809;B
20241028;103917;694;1;11345835902;B
20241028;103917;694;1;11345836036;B
20241028;103918;694;1;11345836082;B
20241028;103918;694;1;11345836169;B
20241028;103919;694;1;11345836282;B
20241028;103919;694;1;11345836381;B
20241028;103920;694;1;11345836432;B
20241028;103920;694;1;11345836515;B
20241028;103921;694;1;11345836622;B
20241028;103921;694;1;11345836772;B
20241028;103922;693.8;2;11345836835;S
20241028;103922;694;1;11345836908;B
20241028;103923;694;6;11345836960;B
20241028;103923;694;4;11345836961;B
20241028;103923;694;1;11345837041;B
20241028;103924;694;1;11345837156;B
20241028;103924;694;1;11345837280;B
20241028;103925;693.6;11;11345837371;S
20241028;103925;694;1;11345837453;B
20241028;103926;694;1;11345837602;B
20241028;103928;693.6;100;11345837914;S
20241028;103931;694;1;11345838518;B
20241028;104024;693.8;2;11345849700;B
20241028;104024;693.8;71;11345849703;B
20241028;104047;693.6;1;11345854057;B
20241028;104048;693.4;14;11345854101;S
20241028;104048;693.4;3;11345854102;S
20241028;104048;693.4;4;11345854103;S
20241028;104048;693.4;21;11345854127;S
20241028;104049;693.6;21;11345854288;S
20241028;104049;693.4;21;11345854341;S
20241028;104053;693.6;1;11345855330;S
20241028;104057;693.2;6;11345856060;S
20241028;104057;693.2;15;11345856061;S
20241028;104057;693.2;21;11345856129;S
20241028;104100;693.6;1;11345856548;B
20241028;104102;693.8;1;11345856840;B
20241028;104103;693.6;1;11345856994;B
20241028;104108;693.2;2;11345857843;S
20241028;104110;693.8;5;11345858100;B
20241028;104118;693.6;10;11345859970;S
20241028;104127;693.2;2;11345861716;S
20241028;104129;693.2;8;11345862075;S
20241028;104129;693.2;13;11345862076;S
20241028;104139;693.2;17;11345864278;S
20241028;104150;693.2;17;11345866485;S
20241028;104151;693.2;39;11345866660;S
20241028;104152;693.2;24;11345866748;B
20241028;104155;693;50;11345867249;S
20241028;104155;693;100;11345867250;S
20241028;104155;693;100;11345867251;S
20241028;104155;692.8;10;11345867252;S
20241028;104155;692.8;40;11345867253;S
20241028;104156;692.8;1;11345867491;S
20241028;104203;692.8;61;11345868650;S
20241028;104203;692.8;1;11345868651;S
20241028;104204;692.6;17;11345868831;S
20241028;104204;692.6;17;11345868881;S
20241028;104204;692.6;17;11345868928;S
20241028;104204;692.6;17;11345868944;S
20241028;104206;692.8;15;11345869317;B
20241028;104206;692.8;23;11345869318;B
20241028;104206;692.6;14;11345869320;S
20241028;104206;692.4;60;11345869321;S
20241028;104206;692.4;22;11345869322;S
20241028;104206;692.2;40;11345869323;S
20241028;104206;692.2;22;11345869324;S
20241028;104206;692.2;42;11345869325;S
20241028;104206;692.4;30;11345869448;S
20241028;104206;692.4;7;11345869449;S
20241028;104212;692.8;260;11345870565;S
20241028;104212;692.6;25;11345870566;S
20241028;104212;692.4;15;11345870567;S
20241028;104217;692;25;11345871540;S
20241028;104217;692;50;11345871541;S
20241028;104217;692;225;11345871542;S
20241028;104233;692;12;11345874719;S
20241028;104240;692;63;11345876023;S
20241028;104240;692;4;11345876024;S
20241028;104240;692;25;11345876025;S
20241028;104240;692;10;11345876026;S
20241028;104243;692;1;11345876744;B
20241028;104254;691.8;10;11345879226;B
20241028;104306;691.8;49;11345881656;S
20241028;104316;691.8;1;11345883571;S
20241028;104316;691.8;19;11345883572;S
20241028;104317;691.8;1;11345883747;S
20241028;104317;691.6;10;11345883748;S
20241028;104317;691.6;30;11345883749;S
20241028;104317;691.4;56;11345883750;S
20241028;104317;691.4;40;11345883751;S
20241028;104317;691.4;30;11345883752;S
20241028;104317;691.2;402;11345883753;S
20241028;104317;691.2;143;11345883754;S
20241028;104317;691;250;11345883755;S
20241028;104317;691;25;11345883756;S
20241028;104317;691;50;11345883757;S
20241028;104317;691;100;11345883758;S
20241028;104317;690.8;287;11345883759;S
20241028;104317;690.8;50;11345883760;S
20241028;104317;690.8;114;11345883761;S
20241028;104317;690.6;240;11345883762;S
20241028;104317;690.8;26;11345883940;S
20241028;104317;690.8;20;11345883941;S
20241028;104317;690.8;40;11345883942;S
20241028;104317;690.6;14;11345883943;S
20241028;104318;690.6;6;11345884032;S
20241028;104319;691.6;20;11345884173;B
20241028;104319;691.6;40;11345884174;B
20241028;104319;691.8;126;11345884175;B
20241028;104321;691.8;114;11345884482;S
20241028;104344;691;20;11345888104;S
20241028;104344;691;9;11345888105;S
20241028;104350;692;50;11345888898;B
20241028;104356;691.2;1;11345889637;S
20241028;104404;691.2;15;11345890927;S
20241028;104404;691.2;40;11345890928;S
20241028;104404;691.2;20;11345890929;S
20241028;104404;691;5;11345890930;S
20241028;104405;691;5;11345891018;S
20241028;104405;691;2;11345891019;S
20241028;104419;692;1;11345893027;B
20241028;104420;691.4;5;11345893158;S
20241028;104420;691.4;40;11345893159;S
20241028;104420;691.4;60;11345893160;S
20241028;104420;691.2;5;11345893161;S
20241028;104420;691.2;120;11345893162;S
20241028;104420;691.2;29;11345893163;S
20241028;104420;691;23;11345893164;S
20241028;104420;690.8;402;11345893165;S
20241028;104420;690.8;16;11345893166;S
20241028;104521;690.8;20;11345903561;S
20241028;104522;691.4;7;11345903639;B
20241028;104522;691.4;3;11345903640;B
20241028;104535;691.4;1;11345905556;B
20241028;104551;690.8;40;11345908300;S
20241028;104553;690.8;20;11345908860;S
20241028;104553;690.8;80;11345908861;S
20241028;104554;691;34;11345909075;S
20241028;104554;691;16;11345909076;S
20241028;104605;691;1;11345911129;S
20241028;104645;691.4;12;11345918017;B
20241028;104659;691.2;1;11345920127;S
20241028;104706;691;4;11345921071;S
20241028;104706;691;46;11345921072;S
20241028;104726;691.2;100;11345924067;S
20241028;104726;691.2;5;11345924069;S
20241028;104727;691.2;100;11345924188;S
20241028;104733;691.2;75;11345925175;S
20241028;104733;691;40;11345925176;S
20241028;104733;691;200;11345925177;S
20241028;104733;690.8;1;11345925178;S
20241028;104733;690.8;380;11345925179;S
20241028;104733;690.8;10;11345925180;S
20241028;104733;690.6;218;11345925181;S
20241028;104819;690.8;2;11345931872;S
20241028;104822;690.8;141;11345932512;S
20241028;104822;690.6;359;11345932513;S
20241028;104827;690.6;163;11345933071;S
20241028;104827;690.6;37;11345933072;S
20241028;104829;691.2;10;11345933332;B
20241028;104835;690.6;63;11345934091;S
20241028;104835;690.6;50;11345934092;S
20241028;104835;690.4;1;11345934093;S
20241028;104835;690.4;1;11345934094;S
20241028;104835;690.4;5;11345934095;S
20241028;104835;690.4;170;11345934096;S
20241028;104838;690.4;25;11345934629;S
20241028;104844;690.4;3;11345935454;S
20241028;104846;690.4;7;11345935700;S
20241028;104900;690.8;1;11345938177;B
20241028;104928;690.6;1;11345942500;S
20241028;104931;690.4;8;11345942901;S
20241028;104953;690.4;6;11345946249;S
20241028;105002;690.4;12;11345947875;S
20241028;105002;690.4;154;11345947876;S
20241028;105002;690.4;50;11345947877;S
20241028;105002;690.4;5;11345947878;S
20241028;105002;690.4;10;11345947879;S
20241028;105002;690.4;8;11345947880;S
20241028;105002;690.4;10;11345947881;S
20241028;105002;690.2;1;11345947882;S
20241028;105002;690.2;151;11345947883;S
20241028;105004;690.2;17;11345948611;S
20241028;105006;690.2;50;11345949412;S
20241028;105013;690.2;60;11345951466;S
20241028;105016;690.2;72;11345952330;S
20241028;105024;690.2;34;11345953964;S
20241028;105024;690.2;48;11345953965;S
20241028;105040;690.2;16;11345958204;S
20241028;105045;690.2;15;11345959156;S
20241028;105048;690.2;4;11345959571;S
20241028;105048;690.2;29;11345959574;S
20241028;105050;690.2;4;11345960132;S
20241028;105103;690.2;49;11345962331;S
20241028;105104;690.2;50;11345962462;S
20241028;105110;690.2;20;11345963347;S
20241028;105112;690.2;6;11345964091;S
20241028;105113;690.2;150;11345964250;S
20241028;105118;690.4;10;11345965073;B
20241028;105118;690.4;6;11345965133;B
20241028;105127;690.4;84;11345966648;B
20241028;105127;690.4;40;11345966649;B
20241028;105127;690.4;2;11345966650;B
20241028;105127;690.4;74;11345966651;B
20241028;105132;690.2;75;11345967595;S
20241028;105132;690.2;3;11345967596;S
20241028;105132;690.2;500;11345967597;S
20241028;105132;690.2;20;11345967598;S
20241028;105132;690.2;1;11345967599;S
20241028;105132;690.2;1;11345967600;S
20241028;105132;690.2;19;11345967602;S
20241028;105132;690;1;11345967655;S
20241028;105133;690;1;11345967943;S
20241028;105133;690;2;11345967944;S
20241028;105137;690;28;11345969284;S
20241028;105137;690;4;11345969285;S
20241028;105137;690;18;11345969286;S
20241028;105144;690;8;11345970444;S
20241028;105148;690;24;11345971418;S
20241028;105148;690;15;11345971419;S
20241028;105148;690;3;11345971420;S
20241028;105148;690;100;11345971421;S
20241028;105148;690;20;11345971422;S
20241028;105148;690;25;11345971423;S
20241028;105148;690;25;11345971424;S
20241028;105148;690;10;11345971425;S
20241028;105148;690;1;11345971426;S
20241028;105148;690;5;11345971427;S
20241028;105148;690;9;11345971428;S
20241028;105148;690;1;11345971429;S
20241028;105148;690;5;11345971430;S
20241028;105148;690;7;11345971431;S
20241028;105149;690;4;11345971747;S
20241028;105153;690;12;11345972259;S
20241028;105154;690.2;3;11345972435;B
20241028;105154;690.2;20;11345972436;B
20241028;105154;690.2;20;11345972437;B
20241028;105154;690.4;56;11345972438;B
20241028;105154;690.4;1;11345972439;B
20241028;105157;690;5;11345972885;S
20241028;105227;690;72;11345978092;S
20241028;105227;690;400;11345978093;S
20241028;105227;690;20;11345978094;S
20241028;105227;690;8;11345978095;S
20241028;105229;690;12;11345978433;S
20241028;105254;690;1;11345982165;S
20241028;105301;690.6;10;11345983154;B
20241028;105305;690.6;238;11345983593;B
20241028;105305;690.6;10;11345983594;B
20241028;105305;690.6;3;11345983595;B
20241028;105305;690.6;10;11345983596;B
20241028;105305;690.6;19;11345983597;B
20241028;105316;690.6;2;11345985376;B
20241028;105359;690;9;11345992794;S
20241028;105359;690;20;11345992795;S
20241028;105359;690;21;11345992796;S
20241028;105414;689.6;14;11345994539;S
20241028;105420;690;100;11345995410;B
20241028;105439;690;10;11345998174;S
20241028;105439;690;40;11345998175;S
20241028;105439;689.8;20;11345998176;S
20241028;105447;690;40;11345999434;S
20241028;105448;690.6;1;11345999671;B
20241028;105457;690.6;7;11346001413;B
20241028;105457;690.6;6;11346001414;B
20241028;105457;690.8;17;11346001415;B
20241028;105457;691;402;11346001416;B
20241028;105457;691;40;11346001417;B
20241028;105457;691;3;11346001418;B
20241028;105457;691.2;120;11346001419;B
20241028;105457;691.2;50;11346001420;B
20241028;105457;691.4;38;11346001421;B
20241028;105457;691.4;50;11346001422;B
20241028;105457;691.4;6;11346001423;B
20241028;105457;691.6;402;11346001424;B
20241028;105457;691.8;10;11346001425;B
20241028;105457;692;236;11346001426;B
20241028;105532;691.8;32;11346006562;B
20241028;105533;691.8;18;11346006657;S
20241028;105540;691.8;6;11346007481;B
20241028;105540;691.8;6;11346007505;S
20241028;105541;691.8;38;11346007584;S
20241028;105541;691.4;8;11346007585;S
20241028;105541;691.4;40;11346007586;S
20241028;105541;691.2;8;11346007587;S
20241028;105541;691;50;11346007588;S
20241028;105541;691;2;11346007589;S
20241028;105541;690.8;50;11346007590;S
20241028;105541;690.6;120;11346007591;S
20241028;105541;690.6;16;11346007592;S
20241028;105541;690.4;248;11346007593;S
20241028;105541;690.4;2;11346007594;S
20241028;105547;690.6;20;11346008575;S
20241028;105547;690.6;40;11346008576;S
20241028;105547;690.4;40;11346008577;S
20241028;105643;690.8;16;11346016621;S
20241028;105656;690.8;10;11346018146;S
20241028;105702;690.8;36;11346019033;S
20241028;105714;690.8;1;11346020690;S
20241028;105731;691.4;1;11346023119;B
20241028;105804;691.4;1;11346029135;S
20241028;105804;691.4;1;11346029136;S
20241028;105804;691.2;11;11346029137;S
20241028;105804;691;2;11346029138;S
20241028;105808;691;9;11346029844;S
20241028;105808;691;5;11346029845;S
20241028;105841;691.4;1;11346034540;B
20241028;105843;691.6;2;11346034972;B
20241028;105843;691.6;2;11346034973;B
20241028;105905;691.6;21;11346038372;B
20241028;105905;691.6;16;11346038373;B
20241028;105915;691.6;100;11346039752;S
20241028;105925;691.8;100;11346041326;B
20241028;105925;691.8;3;11346041327;B
20241028;105925;691.8;30;11346041328;B
20241028;105930;692;10;11346042279;B
20241028;105930;692;10;11346042280;B
20241028;105930;692;1;11346042281;B
20241028;105930;692;12;11346042282;B
20241028;105930;692;50;11346042283;B
20241028;105930;692;17;11346042284;B
20241028;105954;692;3;11346046410;B
20241028;105954;692;497;11346046411;B
20241028;105958;692;40;11346046922;B
20241028;110001;692;1;11346047362;B
20241028;110002;692;112;11346047735;B
20241028;110002;692;38;11346047736;B
20241028;110002;692;2;11346047737;B
20241028;110002;692;10;11346047738;B
20241028;110021;692.2;3;11346051777;S
20241028;110028;692.6;2;11346052800;B
20241028;110029;692.6;124;11346052880;B
20241028;110035;692.6;2;11346053871;S
20241028;110036;692.8;1;11346054070;B
20241028;110100;692.8;100;11346057814;B
20241028;110115;692.6;4;11346059939;S
20241028;110115;692.2;46;11346059940;S
20241028;110135;692.2;51;11346063314;S
20241028;110135;691.8;12;11346063315;S
20241028;110143;692.6;1;11346064930;B
20241028;110226;691.8;5;11346075118;S
20241028;110226;691.6;2;11346075119;S
20241028;110237;691.6;16;11346077629;S
20241028;110243;691.6;10;11346078855;S
20241028;110243;691.6;17;11346078856;S
20241028;110243;691.4;23;11346078857;S
20241028;110308;692;1;11346084402;B
20241028;110325;691.8;2;11346088436;B
20241028;110437;692;9;11346103413;B
20241028;110437;692;10;11346103414;B
20241028;110437;692;1;11346103415;B
20241028;110602;692;1;11346122128;S
20241028;110602;692;40;11346122129;S
20241028;110602;691.8;15;11346122130;S
20241028;110602;691.6;10;11346122131;S
20241028;110602;691.6;15;11346122132;S
20241028;110602;691.4;19;11346122133;S
20241028;110641;692.2;2;11346130773;B
20241028;110822;692.2;23;11346160678;B
20241028;110822;692.2;5;11346160679;B
20241028;110822;692.6;108;11346160680;B
20241028;110822;692.6;13;11346160681;B
20241028;110822;692.6;40;11346160682;B
20241028;110822;692.8;199;11346160683;B
20241028;110822;692.8;55;11346160684;B
20241028;110822;692.8;7;11346160685;B
20241028;110831;692.2;9;11346169434;S
20241028;110831;692.2;1;11346169435;S
20241028;110832;691.8;20;11346170197;S
20241028;110832;691.8;40;11346170198;S
20241028;110832;691.6;112;11346170199;S
20241028;110832;691.6;128;11346170200;S
20241028;110949;691.6;4;11346243488;S
20241028;110952;691.8;40;11346245389;S
20241028;110952;691.8;15;11346245390;S
20241028;110952;691.8;7;11346245391;S
20241028;110952;691.6;68;11346245392;S
20241028;110952;691.4;221;11346245393;S
20241028;110952;691.4;60;11346245394;S
20241028;110952;691.4;2;11346245395;S
20241028;110952;691.4;3;11346245396;B
20241028;110956;691.2;200;11346248833;S
20241028;110956;691.2;102;11346248834;S
20241028;110956;691;50;11346248835;S
20241028;110956;691;48;11346248836;S
20241028;111010;691.2;30;11346260105;S
20241028;111010;691;152;11346260106;S
20241028;111010;690.8;1;11346260107;S
20241028;111010;690.8;22;11346260108;S
20241028;111010;690.6;50;11346260109;S
20241028;111010;690.6;15;11346260110;S
20241028;111010;690.6;451;11346260111;S
20241028;111010;690.2;10;11346260112;S
20241028;111010;690.2;1;11346260113;S
20241028;111010;690.2;20;11346260114;S
20241028;111010;690.2;12;11346260115;S
20241028;111010;690.2;30;11346260116;S
20241028;111010;690.2;206;11346260117;S
20241028;111019;690.6;1;11346268172;S
20241028;111025;691.2;20;11346274201;B
20241028;111025;691.4;480;11346274202;B
20241028;111037;690.8;7;11346285923;S
20241028;111115;691.2;1;11346321444;B
20241028;111139;691.2;10;11346344624;B
20241028;111156;691.2;1;11346360170;B
20241028;111156;691.2;1;11346360821;B
20241028;111157;691;16;11346361836;S
20241028;111207;690.8;150;11346370590;S
20241028;111207;690.8;30;11346371130;B
20241028;111209;690.8;1;11346372414;B
20241028;111231;690.8;1;11346394064;B
20241028;111231;691.2;4;11346394065;B
20241028;111231;692;1;11346394066;B
20241028;111232;690.8;196;11346394735;S
20241028;111232;690.8;143;11346394736;S
20241028;111232;690.6;3;11346394737;S
20241028;111244;691;1;11346405934;S
20241028;111310;691;20;11346430551;B
20241028;111314;691.2;3;11346434380;S
20241028;111314;691;52;11346434381;S
20241028;111314;691;20;11346434382;S
20241028;111316;691;18;11346436268;B
20241028;111330;691;7;11346449644;B
20241028;111331;692.2;20;11346450715;B
20241028;111337;692.8;50;11346456203;B
20241028;111337;693;3;11346456204;B
20241028;111337;693;150;11346456205;B
20241028;111337;693;13;11346456206;B
20241028;111337;693.2;127;11346456209;B
20241028;111337;693.4;72;11346456210;B
20241028;111359;693.2;1;11346477656;S
20241028;111416;693;1;11346493689;S
20241028;111512;693.2;15;11346547988;S
20241028;111512;693.2;27;11346547989;S
20241028;111512;693.2;90;11346547990;S
20241028;111512;693;68;11346547991;S
20241028;111518;693.2;1;11346554092;S
20241028;111540;693.4;6;11346574655;B
20241028;111540;693.6;14;11346574656;B
20241028;111549;693.6;37;11346583468;B
20241028;111549;693.8;100;11346583469;B
20241028;111549;693.8;2;11346583470;B
20241028;111549;693.8;100;11346583471;B
20241028;111549;693.8;12;11346583472;B
20241028;111549;693.8;17;11346583473;B
20241028;111549;693.8;40;11346583474;B
20241028;111549;694;4;11346583475;B
20241028;111549;694;12;11346583476;B
20241028;111549;694;135;11346583477;B
20241028;111549;694;17;11346583478;B
20241028;111549;694.2;387;11346583479;B
20241028;111549;694.4;120;11346583480;B
20241028;111549;694.6;4;11346583481;B
20241028;111549;694.8;402;11346583482;B
20241028;111549;694.8;143;11346583483;B
20241028;111549;695;10;11346583484;B
20241028;111549;695;250;11346583485;B
20241028;111549;695;100;11346583486;B
20241028;111549;695;1;11346583487;B
20241028;111549;695;10;11346583488;B
20241028;111549;695;300;11346583489;B
20241028;111549;695;300;11346583490;B
20241028;111549;695;5;11346583491;B
20241028;111549;695;1;11346583492;B
20241028;111549;695;9;11346583493;B
20241028;111549;695;150;11346583494;B
20241028;111549;695;1;11346583495;B
20241028;111549;695;400;11346583496;B
20241028;111549;695.2;20;11346583497;B
20241028;111549;695.2;10;11346583498;B
20241028;111549;695.8;400;11346583499;B
20241028;111549;696;50;11346583500;B
20241028;111549;696;3;11346583501;B
20241028;111549;696;100;11346583502;B
20241028;111549;696;100;11346583503;B
20241028;111549;696.2;200;11346583504;B
20241028;111549;696.4;10;11346583505;B
20241028;111549;696.6;25;11346583506;B
20241028;111549;696.6;75;11346583507;B
20241028;111549;696.8;50;11346583508;B
20241028;111549;696.8;3;11346583509;B
20241028;111549;697;10;11346583510;B
20241028;111549;697;14;11346583511;B
20241028;111549;697;8;11346583512;B
20241028;111549;697;6;11346583513;B
20241028;111549;697;1;11346583514;B
20241028;111549;697;100;11346583515;B
20241028;111549;697;402;11346583516;B
20241028;111549;697.2;20;11346583517;B
20241028;111549;697.2;500;11346583518;B
20241028;111549;697.2;500;11346583519;B
20241028;111549;697.4;72;11346583520;B
20241028;111549;697.4;71;11346583521;B
20241028;111549;697.6;70;11346583522;B
20241028;111549;697.6;10;11346583523;B
20241028;111549;697.6;22;11346583524;B
20241028;111549;697.6;100;11346583525;B
20241028;111549;697.8;500;11346583526;B
20241028;111549;697.8;50;11346583527;B
20241028;111549;697.8;100;11346583528;B
20241028;111549;697.8;187;11346583529;B
20241028;111549;697.8;250;11346583530;B
20241028;111549;698;1350;11346583531;B
20241028;111549;698;50;11346583532;B
20241028;111549;698;16492;11346583533;B
20241028;111549;694.4;25;11346583745;B
20241028;111549;694.4;25;11346583762;B
20241028;111549;694.4;40;11346584064;B
20241028;111549;694.6;14;11346584065;B
20241028;111549;694.6;40;11346584066;B
20241028;111549;694.8;14;11346584067;B
20241028;111550;695.8;7;11346584980;B
20241028;111552;695.8;3;11346586407;B
20241028;111604;695.8;7;11346599119;B
20241028;111604;695.8;438;11346599120;B
20241028;111604;695.8;40;11346599121;B
20241028;111604;696;15;11346599122;B
20241028;111605;696;1;11346599528;B
20241028;111609;696;19;11346602924;B
20241028;111609;696;108;11346602925;B
20241028;111609;696.2;62;11346602926;B
20241028;111609;697;2;11346602927;B
20241028;111609;697;300;11346602928;B
20241028;111609;697.8;100;11346602929;B
20241028;111609;697.8;50;11346602930;B
20241028;111609;698;59;11346602931;B
20241028;111610;696.2;3;11346604200;S
20241028;111611;697.2;20;11346604782;B
20241028;111611;697.2;40;11346604783;B
20241028;111611;697.4;78;11346604784;B
20241028;111611;697.6;62;11346604785;B
20241028;111611;697.8;5;11346604786;B
20241028;111611;697.8;3;11346604787;B
20241028;111611;698;292;11346604788;B
20241028;111613;697.6;30;11346606818;B
20241028;111613;697.6;40;11346606819;B
20241028;111613;697.6;20;11346606820;B
20241028;111613;697.8;24;11346606821;B
20241028;111613;697.8;52;11346606822;B
20241028;111613;698;3157;11346606823;B
20241028;111613;698;1;11346606824;B
20241028;111613;698;10;11346606825;B
20241028;111613;698;1;11346606826;B
20241028;111613;698;40;11346606827;B
20241028;111613;698;1;11346606828;B
20241028;111613;698;18;11346606829;B
20241028;111617;698.6;12;11346611461;B
20241028;111623;698.8;30;11346616642;B
20241028;111623;698.8;32;11346617052;B
20241028;111623;698.8;40;11346617053;B
20241028;111624;699;3;11346617930;B
20241028;111624;699;247;11346617931;B
20241028;111632;699;187;11346626213;B
20241028;111636;698.8;28;11346629794;S
20241028;111652;698;10;11346643827;S
20241028;111652;697.4;16;11346643828;S
20241028;111652;697.2;25;11346643829;S
20241028;111652;697.2;72;11346643830;S
20241028;111652;697;21;11346643831;S
20241028;111658;697.8;10;11346649038;B
20241028;111658;697.8;40;11346649039;B
20241028;111658;698;1;11346649040;B
20241028;111658;698;10;11346649041;B
20241028;111658;698;1;11346649042;B
20241028;111658;698.4;10;11346649043;B
20241028;111658;698.4;16;11346649044;B
20241028;111658;698.4;72;11346649045;S
20241028;111659;698.4;30;11346649948;S
20241028;111659;698.4;23;11346649953;S
20241028;111659;697.8;7;11346649954;S
20241028;111712;698.6;35;11346659960;B
20241028;111715;698.6;108;11346662834;B
20241028;111715;698.6;25;11346662835;B
20241028;111715;698.6;40;11346662836;B
20241028;111715;698.8;177;11346662837;B
20241028;111715;697.4;1;11346662975;S
20241028;111730;697.2;1;11346677328;B
20241028;111732;697;4;11346678208;S
20241028;111732;697;15;11346678209;S
20241028;111740;696.8;2;11346686744;B
20241028;111741;696.8;3;11346687354;B
20241028;111741;696.8;40;11346687355;B
20241028;111741;697;31;11346687356;B
20241028;111741;697;26;11346687357;B
20241028;111742;696.6;2;11346687787;S
20241028;111742;697;5;11346687984;B
20241028;111742;696.6;20;11346688262;S
20241028;111743;696.8;2;11346689356;B
20241028;111744;696.8;1;11346690410;B
20241028;111744;696.8;1;11346690411;B
20241028;111746;696.8;1;11346691834;B
20241028;111746;696.8;1;11346691835;B
20241028;111746;696.8;2;11346691995;B
20241028;111747;696.8;2;11346692374;B
20241028;111747;696.8;2;11346692807;B
20241028;111747;696.8;2;11346693347;B
20241028;111748;696.8;2;11346693536;B
20241028;111748;696.8;2;11346694042;B
20241028;111749;696.8;2;11346694306;B
20241028;111749;696.8;25;11346694596;B
20241028;111749;696.8;1;11346694597;B
20241028;111749;697;2;11346694603;B
20241028;111749;697;2;11346695239;B
20241028;111750;697;2;11346695389;B
20241028;111750;697;2;11346695643;B
20241028;111750;697;2;11346696246;B
20241028;111751;697;2;11346696376;B
20241028;111751;697;2;11346696860;B
20241028;111751;697;2;11346697353;B
20241028;111752;697;2;11346697495;B
20241028;111752;697;2;11346697684;B
20241028;111752;697;2;11346698387;B
20241028;111753;697;2;11346698652;B
20241028;111753;697;2;11346698989;B
20241028;111754;697;2;11346699440;B
20241028;111754;697;2;11346699770;B
20241028;111754;697;2;11346700304;B
20241028;111755;697;2;11346700738;B
20241028;111756;697;2;11346701743;B
20241028;111756;697;2;11346702041;B
20241028;111758;697;2;11346703683;B
20241028;111759;697;2;11346703979;B
20241028;111759;697;2;11346704205;B
20241028;111759;696.8;25;11346704254;S
20241028;111759;696.8;2;11346704255;S
20241028;111759;696.6;3;11346704256;S
20241028;111759;696.6;13;11346704257;S
20241028;111759;696.4;7;11346704258;S
20241028;111800;697;2;11346705546;B
20241028;111801;697;2;11346706717;B
20241028;111802;697;2;11346706847;B
20241028;111802;697;2;11346707192;B
20241028;111802;697;2;11346707662;B
20241028;111803;697;2;11346707997;B
20241028;111803;697;2;11346708270;B
20241028;111804;697;2;11346708748;B
20241028;111804;697;2;11346709073;B
20241028;111804;697;2;11346709474;B
20241028;111805;697;2;11346709976;B
20241028;111805;697;2;11346710421;B
20241028;111806;697;2;11346710576;B
20241028;111806;697;2;11346711024;B
20241028;111806;697;2;11346711487;B
20241028;111807;697;2;11346711545;B
20241028;111807;697;7;11346711851;B
20241028;111807;697;2;11346712045;B
20241028;111808;697;2;11346712151;B
20241028;111808;697;2;11346712459;B
20241028;111808;697;2;11346712926;B
20241028;111809;697;2;11346713205;B
20241028;111809;697;2;11346713710;B
20241028;111809;697;2;11346714365;B
20241028;111810;697;2;11346714772;B
20241028;111810;697;2;11346715102;B
20241028;111811;697;2;11346715271;B
20241028;111811;697;2;11346715911;B
20241028;111812;697;2;11346716217;B
20241028;111812;697;2;11346716534;B
20241028;111812;697;2;11346717017;B
20241028;111813;697;2;11346717312;B
20241028;111813;697;2;11346717819;B
20241028;111814;697;2;11346718295;B
20241028;111814;697;2;11346718458;B
20241028;111814;697;2;11346718968;B
20241028;111815;697;2;11346719434;B
20241028;111815;697;2;11346719590;B
20241028;111815;697;2;11346719895;B
20241028;111816;697;2;11346720325;B
20241028;111816;697;2;11346720775;B
20241028;111817;697;2;11346721305;B
20241028;111817;697;2;11346721723;B
20241028;111817;697;2;11346721923;B
20241028;111818;697;2;11346722456;B
20241028;111818;697;2;11346722983;B
20241028;111819;697;2;11346723201;B
20241028;111819;697;2;11346723381;B
20241028;111819;697;2;11346723902;B
20241028;111820;697;2;11346724280;B
20241028;111820;697;2;11346724654;B
20241028;111821;697;116;11346725301;B
20241028;111821;697;1;11346725303;B
20241028;111825;697;2;11346729623;B
20241028;111825;697;2;11346729777;B
20241028;111826;697;2;11346730124;B
20241028;111826;697;2;11346730641;B
20241028;111826;697;2;11346730885;B
20241028;111827;697;2;11346731333;B
20241028;111827;697;2;11346731816;B
20241028;111828;697;2;11346732111;B
20241028;111828;697;2;11346732699;B
20241028;111828;697;2;11346732965;B
20241028;111829;697;2;11346733211;B
20241028;111829;697;2;11346733644;B
20241028;111830;697;2;11346734046;B
20241028;111830;697;2;11346734383;B
20241028;111830;697;2;11346735135;B
20241028;111831;697;2;11346735326;B
20241028;111831;697;2;11346735895;B
20241028;111832;697;2;11346736007;B
20241028;111832;697;2;11346736474;B
20241028;111833;697;2;11346737028;B
20241028;111833;697;2;11346737240;B
20241028;111833;697;2;11346737718;B
20241028;111834;697;2;11346738108;B
20241028;111834;697;2;11346738433;B
20241028;111834;697;2;11346738740;B
20241028;111835;697;2;11346739456;B
20241028;111835;697;2;11346739582;B
20241028;111836;697;2;11346739717;B
20241028;111836;697;2;11346740392;B
20241028;111836;697;2;11346740515;B
20241028;111837;697;2;11346740996;B
20241028;111837;697;2;11346741512;B
20241028;111838;697;2;11346741669;B
20241028;111838;697;2;11346741975;B
20241028;111838;697;2;11346742613;B
20241028;111839;697;2;11346742943;B
20241028;111839;697;2;11346743193;B
20241028;111839;697;2;11346743676;B
20241028;111840;696.8;2;11346743810;S
20241028;111840;696.4;18;11346743811;S
20241028;111840;696.2;25;11346743812;S
20241028;111840;696.2;31;11346743813;S
20241028;111840;696;15;11346743814;S
20241028;111840;695.8;48;11346743815;S
20241028;111840;695.6;25;11346743816;S
20241028;111840;695.2;402;11346743817;S
20241028;111840;695.2;143;11346743818;S
20241028;111840;695.2;12;11346743819;S
20241028;111840;696.8;2;11346743834;B
20241028;111840;695.4;20;11346743844;S
20241028;111840;695;92;11346743845;S
20241028;111840;695;1;11346743846;S
20241028;111840;695;120;11346743847;S
20241028;111840;695;40;11346743848;S
20241028;111840;694.4;2;11346743849;S
20241028;111840;694;15;11346743850;S
20241028;111840;693.6;55;11346743851;S
20241028;111840;696.2;2;11346744732;B
20241028;111842;696;2;11346745715;S
20241028;111847;695.4;2;11346750393;S
20241028;111849;695.2;2;11346752724;B
20241028;111849;695.2;2;11346753090;B
20241028;111850;695.2;2;11346753297;B
20241028;111850;695.2;2;11346753776;B
20241028;111850;695;2;11346753784;S
20241028;111852;694.8;2;11346755654;S
20241028;111852;694.6;2;11346755655;S
20241028;111852;694.6;2;11346755679;B
20241028;111853;694.6;2;11346756270;B
20241028;111854;694.4;2;11346757336;B
20241028;111854;694.4;2;11346757721;B
20241028;111855;694.6;1;11346758276;B
20241028;111901;694.2;10;11346764395;S
20241028;111902;694.6;2;11346764947;B
20241028;111903;694.6;2;11346765802;B
20241028;111903;694.6;2;11346766196;B
20241028;111903;694.6;2;11346766489;B
20241028;111904;694.6;2;11346766993;B
20241028;111904;694.6;2;11346767166;B
20241028;111904;694.6;2;11346767502;B
20241028;111905;694.6;2;11346768099;B
20241028;111905;694.6;2;11346768492;B
20241028;111905;694.4;20;11346768570;S
20241028;111905;694.2;15;11346768571;S
20241028;111905;694.2;11;11346768572;S
20241028;111905;694.2;400;11346768573;S
20241028;111905;694.2;50;11346768574;S
20241028;111905;694.2;42;11346768575;S
20241028;111906;694.2;2;11346768653;B
20241028;111906;694.2;2;11346769117;B
20241028;111906;694.2;2;11346769364;B
20241028;111906;694.2;3;11346769484;B
20241028;111906;694;1;11346769486;S
20241028;111906;694;2;11346769487;S
20241028;111906;693.6;96;11346769488;S
20241028;111908;695;2;11346770550;B
20241028;111914;694;25;11346776772;S
20241028;111914;694;40;11346776773;S
20241028;111914;693.8;2;11346776774;S
20241028;111914;693.8;8;11346776775;S
20241028;111916;693.8;17;11346778201;S
20241028;111916;693.8;40;11346778202;S
20241028;111916;693.6;243;11346778203;S
20241028;111917;693.6;6;11346779389;S
20241028;111917;693.6;40;11346779390;S
20241028;111917;693.6;200;11346779391;S
20241028;111917;693.4;54;11346779392;S
20241028;111919;693.6;11;11346781330;S
20241028;111920;694;2;11346782279;B
20241028;111922;693.6;300;11346784172;S
20241028;111922;694;13;11346784794;B
20241028;111922;694;2;11346784795;B
20241028;111924;694;2;11346786303;B
20241028;111925;693.6;89;11346787375;S
20241028;111925;693.6;57;11346787873;B
20241028;111926;693.6;2;11346788295;B
20241028;111926;693.6;2;11346788884;B
20241028;111926;693.6;2;11346789145;B
20241028;111927;693.6;38;11346789220;B
20241028;111927;694;2;11346789548;B
20241028;111927;694;2;11346790128;B
20241028;111931;693.6;10;11346793809;S
20241028;111931;694;2;11346794160;B
20241028;111932;693.6;9;11346794841;S
20241028;111932;693.6;1;11346794842;S
20241028;111933;693.6;33;11346795472;S
20241028;111934;693.6;50;11346796423;S
20241028;111934;693.6;10;11346797013;S
20241028;111934;694;2;11346797016;B
20241028;111935;693.6;115;11346798072;S
20241028;111936;693.6;113;11346798496;S
20241028;111936;693.6;31;11346798497;S
20241028;111936;693.4;188;11346798498;S
20241028;111936;694;2;11346799398;B
20241028;111939;694;2;11346801772;B
20241028;111939;694;2;11346801964;B
20241028;111939;693.6;1;11346802130;S
20241028;111939;693.6;40;11346802131;S
20241028;111939;693.6;1;11346802336;B
20241028;111940;693.4;12;11346802678;S
20241028;111940;693.4;3;11346802679;S
20241028;111940;693.4;1;11346802909;S
20241028;111944;693.2;200;11346807172;S
20241028;111949;693.2;20;11346812102;S
20241028;111949;693.2;83;11346812329;S
20241028;111949;693.2;116;11346812330;S
20241028;111951;693;100;11346814732;S
20241028;112002;692.8;5;11346825344;S
20241028;112002;692.8;26;11346825345;S
20241028;112002;692.6;26;11346825346;S
20241028;112002;692.6;54;11346825347;S
20241028;112002;692.4;40;11346825348;S
20241028;112002;692;6;11346825349;S
20241028;112002;692;15;11346825350;S
20241028;112002;691.6;28;11346825351;S
20241028;112010;692.2;36;11346831775;S
20241028;112010;692.2;174;11346831776;S
20241028;112010;692;36;11346831777;S
20241028;112010;692;40;11346831778;S
20241028;112010;691.6;58;11346831779;S
20241028;112019;692;1;11346839243;S
20241028;112019;692;40;11346839244;S
20241028;112019;691.8;107;11346839245;S
20241028;112019;691.6;102;11346839246;S
20241028;112025;692.6;2;11346844749;B
20241028;112026;692.6;2;11346845060;B
20241028;112026;692.6;2;11346845560;B
20241028;112027;692.6;2;11346845951;B
20241028;112027;692.6;2;11346846207;B
20241028;112027;692.6;2;11346846535;B
20241028;112028;692.6;2;11346846837;B
20241028;112028;692.6;2;11346847426;B
20241028;112029;692.6;2;11346847852;B
20241028;112029;692.6;2;11346847900;B
20241028;112030;692.4;2;11346848251;S
20241028;112030;692.4;81;11346848252;S
20241028;112030;692.2;2;11346848253;S
20241028;112030;692.2;14;11346848254;S
20241028;112030;692;2;11346848255;S
20241028;112030;692;40;11346848256;S
20241028;112030;692;14;11346848257;S
20241028;112030;691.6;54;11346848258;S
20241028;112030;691.6;1;11346848259;S
20241028;112030;691.6;24;11346848260;S
20241028;112030;691.4;164;11346848261;S
