<DATE>;<TIME>;<LAST>;<VOL>;<ID>;<OPER>
20241106;095931;729.6;2;11386004193;S
20241106;095931;729.6;18;11386004194;B
20241106;095931;729.6;1;11386004195;B
20241106;095931;729.6;1;11386004196;B
20241106;095931;729.6;50;11386004197;B
20241106;095931;729.6;2;11386004198;B
20241106;095931;729.6;50;11386004199;B
20241106;095931;729.6;50;11386004200;B
20241106;095931;729.6;348;11386004201;B
20241106;095931;729.6;52;11386004202;B
20241106;095931;729.6;48;11386004203;B
20241106;095931;729.6;7;11386004204;S
20241106;095931;729.6;1;11386004205;B
20241106;095931;729.6;69;11386004206;B
20241106;095931;729.6;20;11386004207;B
20241106;095931;729.6;411;11386004208;S
20241106;095931;729.6;1;11386004209;S
20241106;095931;729.6;1;11386004210;S
20241106;095931;729.6;300;11386004211;S
20241106;095931;729.6;1;11386004212;B
20241106;095931;729.6;111;11386004213;S
20241106;095931;729.6;111;11386004214;S
20241106;095931;729.6;1;11386004215;S
20241106;095931;729.6;111;11386004216;S
20241106;095931;729.6;111;11386004217;S
20241106;095931;729.6;111;11386004218;S
20241106;095931;729.6;111;11386004219;S
20241106;095931;729.6;111;11386004220;S
20241106;095931;729.6;111;11386004221;S
20241106;095931;729.6;129;11386004222;B
20241106;095931;729.6;111;11386004223;S
20241106;095931;729.6;1;11386004224;S
20241106;095931;729.6;111;11386004225;S
20241106;095931;729.6;10;11386004226;S
20241106;095931;729.6;2;11386004227;B
20241106;095931;729.6;300;11386004228;S
20241106;095931;729.6;1;11386004229;S
20241106;095931;729.6;111;11386004230;S
20241106;095931;729.6;1;11386004231;S
20241106;095931;729.6;1;11386004232;S
20241106;095931;729.6;1;11386004233;S
20241106;095931;729.6;118;11386004234;S
20241106;095931;729.6;282;11386004235;S
20241106;095931;729.6;18;11386004236;S
20241106;095931;729.6;3;11386004237;S
20241106;095931;729.6;9;11386004238;B
20241106;100000;729.4;25;11386019609;S
20241106;100000;728.8;50;11386019857;S
20241106;100001;729.2;4;11386021309;B
20241106;100001;729.4;4;11386021310;B
20241106;100001;729.4;60;11386021311;B
20241106;100001;729.6;44;11386021312;B
20241106;100001;729.6;37;11386021622;B
20241106;100001;729.6;40;11386021623;B
20241106;100001;729.6;8;11386021624;B
20241106;100001;729.6;35;11386021625;B
20241106;100001;729.8;1;11386021626;B
20241106;100001;729.8;5;11386021627;B
20241106;100001;729.8;250;11386021628;B
20241106;100001;729.8;1;11386021629;B
20241106;100001;729.8;4;11386021630;B
20241106;100001;730;5;11386021631;B
20241106;100001;730;20;11386021632;B
20241106;100001;730;1;11386021633;B
20241106;100001;730;2;11386021634;B
20241106;100001;730;1;11386021635;B
20241106;100001;730;3;11386021636;B
20241106;100001;730;1;11386021637;B
20241106;100001;730;25;11386021638;B
20241106;100001;730;1;11386021639;B
20241106;100001;730;1;11386021640;B
20241106;100001;730;1;11386021641;B
20241106;100001;730;4;11386021642;B
20241106;100001;730.4;1;11386021643;B
20241106;100001;730.6;1;11386021644;B
20241106;100001;730.6;10;11386021645;B
20241106;100001;731;1;11386021646;B
20241106;100001;731.2;141;11386021647;B
20241106;100002;726.8;1;11386023251;B
20241106;100002;730;1;11386023252;B
20241106;100002;731;38;11386023253;B
20241106;100002;726.6;1;11386023270;S
20241106;100002;726.4;17;11386024163;S
20241106;100002;726.2;1;11386024164;S
20241106;100002;728.4;54;11386024253;B
20241106;100002;728.6;7;11386024254;B
20241106;100002;728.8;3;11386024255;B
20241106;100002;726.2;1;11386024435;S
20241106;100002;729.2;5;11386024679;B
20241106;100003;726;15;11386024886;S
20241106;100003;729.2;10;11386025547;B
20241106;100003;729.2;3;11386025769;B
20241106;100003;729.6;5;11386025770;B
20241106;100003;731;2;11386025771;B
20241106;100003;731;155;11386025816;B
20241106;100003;731;195;11386025817;B
20241106;100003;731.2;200;11386025818;B
20241106;100003;731.2;1;11386025864;B
20241106;100003;731.2;10;11386025969;B
20241106;100003;730.8;1;11386025998;B
20241106;100003;730.8;8;11386026064;B
20241106;100003;731.2;92;11386026065;B
20241106;100003;731.2;10;11386026312;B
20241106;100003;725.8;4;11386026409;S
20241106;100003;725.8;1;11386026410;S
20241106;100003;725.8;26;11386026411;S
20241106;100004;725.8;1;11386026480;S
20241106;100004;731;4;11386026574;B
20241106;100004;731;6;11386026575;B
20241106;100004;730.4;10;11386027118;B
20241106;100004;730;2;11386027392;B
20241106;100004;730.4;6;11386027393;B
20241106;100004;730.4;2;11386027394;B
20241106;100004;729.6;1;11386027476;S
20241106;100004;728;1;11386027477;S
20241106;100004;726.6;8;11386027478;S
20241106;100005;729;18;11386027584;B
20241106;100005;729;10;11386027728;B
20241106;100005;728.8;2;11386028122;B
20241106;100005;729;3;11386028123;B
20241106;100005;729;2;11386028124;B
20241106;100005;730.2;3;11386028125;B
20241106;100005;729;42;11386028639;B
20241106;100005;729.6;9;11386028640;B
20241106;100005;730;2;11386028641;B
20241106;100005;730.2;18;11386028642;B
20241106;100005;730.4;498;11386028643;B
20241106;100005;730.6;50;11386028644;B
20241106;100005;731.2;46;11386028645;B
20241106;100005;732;35;11386028646;B
20241106;100005;732;1;11386028647;B
20241106;100005;732.4;1;11386028648;B
20241106;100005;732.6;1;11386028649;B
20241106;100005;732.8;1;11386028650;B
20241106;100005;732.8;150;11386028651;B
20241106;100005;733;10;11386028652;B
20241106;100005;733;99;11386028653;B
20241106;100005;733;1;11386028654;B
20241106;100005;733;1;11386028655;B
20241106;100005;733;5;11386028656;B
20241106;100005;733.8;500;11386028657;B
20241106;100005;733.8;1;11386028658;B
20241106;100005;733.8;10;11386028659;B
20241106;100005;734;1;11386028660;B
20241106;100005;734;7;11386028661;B
20241106;100005;734;1;11386028662;B
20241106;100005;734.2;1;11386028663;B
20241106;100005;734.4;1;11386028664;B
20241106;100005;734.8;5;11386028665;B
20241106;100005;734.8;250;11386028666;B
20241106;100005;734.8;8;11386028667;B
20241106;100005;735;1;11386028668;B
20241106;100005;735;1;11386028669;B
20241106;100005;735;1;11386028670;B
20241106;100005;735;25;11386028671;B
20241106;100005;735;100;11386028672;B
20241106;100005;735;10;11386028673;B
20241106;100005;735.4;100;11386028674;B
20241106;100005;736;10;11386028675;B
20241106;100005;736;35;11386028676;B
20241106;100005;736.2;500;11386028677;B
20241106;100005;736.4;1;11386028678;B
20241106;100005;736.8;700;11386028679;B
20241106;100005;737;1;11386028680;B
20241106;100005;737;55;11386028681;B
20241106;100005;737.4;100;11386028682;B
20241106;100005;737.6;17;11386028683;B
20241106;100005;738.4;1;11386028684;B
20241106;100005;738.6;1;11386028685;B
20241106;100005;738.6;1;11386028686;B
20241106;100005;738.6;15;11386028687;B
20241106;100005;738.8;50;11386028688;B
20241106;100005;739;10;11386028689;B
20241106;100005;739;1;11386028690;B
20241106;100005;739;100;11386028691;B
20241106;100005;739.8;1;11386028692;B
20241106;100005;739.8;100;11386028693;B
20241106;100005;739.8;14;11386028694;B
20241106;100005;739.8;5;11386028695;B
20241106;100005;739.8;250;11386028696;B
20241106;100005;739.8;3;11386028697;B
20241106;100005;740;1;11386028698;B
20241106;100005;740;5;11386028699;B
20241106;100005;740;13;11386028700;B
20241106;100005;740;81;11386028701;B
20241106;100005;740;225;11386028702;B
20241106;100005;740;1;11386028703;B
20241106;100005;740;1;11386028704;B
20241106;100005;740;72;11386028705;B
20241106;100005;740;4;11386028706;B
20241106;100005;740;1;11386028707;B
20241106;100005;740;1;11386028708;B
20241106;100005;740;1;11386028709;B
20241106;100005;740;1;11386028710;B
20241106;100005;740;1;11386028711;B
20241106;100005;740;1;11386028712;B
20241106;100005;740;1;11386028713;B
20241106;100005;740;1;11386028714;B
20241106;100005;740;1;11386028715;B
20241106;100005;740;1;11386028716;B
20241106;100005;740;25;11386028717;B
20241106;100005;740;1;11386028718;B
20241106;100005;740;100;11386028719;B
20241106;100005;740.4;1;11386028720;B
20241106;100005;740.4;1;11386028721;B
20241106;100005;740.6;35;11386028722;B
20241106;100005;741;3;11386028723;B
20241106;100005;741.8;108;11386028724;B
20241106;100005;742;300;11386028725;B
20241106;100005;742;5;11386028726;B
20241106;100005;742;20;11386028727;B
20241106;100005;742.2;100;11386028728;B
20241106;100005;742.4;1;11386028729;B
20241106;100005;743;10;11386028730;B
20241106;100005;743;1;11386028731;B
20241106;100005;743;5;11386028732;B
20241106;100005;743.2;1;11386028733;B
20241106;100005;744;1;11386028734;B
20241106;100005;744;3;11386028735;B
20241106;100005;744;1;11386028736;B
20241106;100005;744;1;11386028737;B
20241106;100005;744.4;1;11386028738;B
20241106;100005;744.4;35;11386028739;B
20241106;100005;744.6;100;11386028740;B
20241106;100005;744.8;29;11386028741;B
20241106;100005;744.8;5;11386028742;B
20241106;100005;744.8;250;11386028743;B
20241106;100005;744.8;4;11386028744;B
20241106;100005;745;20;11386028745;B
20241106;100005;745;5;11386028746;B
20241106;100005;746;4;11386028747;B
20241106;100005;746;10;11386028748;B
20241106;100005;746;1;11386028749;B
20241106;100005;746.2;300;11386028750;B
20241106;100005;746.8;1;11386028751;B
20241106;100005;747;135;11386028752;B
20241106;100005;743.6;100;11386028831;B
20241106;100005;743.6;140;11386028919;B
20241106;100005;743.8;1132;11386028920;B
20241106;100005;744.2;68;11386028921;B
20241106;100005;744;50;11386029089;B
20241106;100006;744;1;11386029414;B
20241106;100006;736.4;1;11386029511;S
20241106;100006;736.4;10;11386029565;S
20241106;100006;736.2;1;11386030182;S
20241106;100006;736.2;3;11386030188;S
20241106;100006;736.6;1;11386030555;S
20241106;100006;736.6;25;11386030625;S
20241106;100006;736.6;31;11386030649;S
20241106;100006;736.6;1;11386031325;S
20241106;100006;736.6;17;11386031326;S
20241106;100007;736.6;10;11386032004;S
20241106;100007;738;2;11386032005;B
20241106;100007;738.8;5;11386032006;B
20241106;100007;738.8;7;11386032056;B
20241106;100007;738.8;3;11386032174;B
20241106;100007;739;4;11386032175;B
20241106;100007;739.6;1;11386032176;B
20241106;100007;740;1;11386032177;B
20241106;100007;740;1;11386032178;B
20241106;100007;741.6;140;11386032179;B
20241106;100007;741.8;10;11386032180;B
20241106;100007;743;3;11386032181;B
20241106;100007;743.8;11;11386032182;B
20241106;100007;744;1;11386032183;B
20241106;100007;744;258;11386032184;B
20241106;100007;736.8;50;11386032563;S
20241106;100007;743.8;1;11386032999;B
20241106;100007;743.8;40;11386033067;B
20241106;100007;738;1;11386033247;S
20241106;100008;741.4;378;11386034082;B
20241106;100008;742;2;11386034083;B
20241106;100008;744.2;80;11386034084;B
20241106;100008;744.8;40;11386034085;B
20241106;100008;736.8;1;11386034311;S
20241106;100008;744;1;11386034413;B
20241106;100008;740;20;11386034627;B
20241106;100008;742;30;11386034628;B
20241106;100008;742;2;11386034921;B
20241106;100008;738.6;1;11386035845;S
20241106;100009;742;18;11386036299;B
20241106;100009;743.4;10;11386036300;B
20241106;100009;743.6;174;11386036301;B
20241106;100009;744.8;38;11386036302;B
20241106;100009;739;50;11386037008;S
20241106;100009;745;5;11386037010;B
20241106;100009;739;5;11386037088;S
20241106;100009;739;250;11386037105;S
20241106;100009;739.6;12;11386037696;S
20241106;100009;740;59;11386037721;B
20241106;100010;740;15;11386038408;B
20241106;100010;740;1;11386039535;B
20241106;100010;740;1;11386039537;B
20241106;100013;739;3;11386042742;S
20241106;100014;739;1;11386043376;S
20241106;100014;738.8;16;11386043377;S
20241106;100014;738.8;53;11386043378;S
20241106;100015;737.8;1;11386044088;S
20241106;100015;737.8;25;11386044297;S
20241106;100015;739;50;11386044298;B
20241106;100015;739.8;16;11386044299;B
20241106;100015;740;124;11386044300;B
20241106;100015;742.4;110;11386044301;B
20241106;100015;738.6;1;11386044501;B
20241106;100015;742;3;11386044502;B
20241106;100015;742;7;11386044801;B
20241106;100015;742;23;11386044802;B
20241106;100015;737.2;25;11386044816;S
20241106;100015;744.6;5;11386044864;B
20241106;100015;745;5;11386044865;B
20241106;100015;745;1;11386044866;B
20241106;100015;745;1;11386044867;B
20241106;100015;746;1;11386044868;B
20241106;100015;746;26;11386044869;B
20241106;100015;746.4;1;11386044870;B
20241106;100016;738;51;11386045780;S
20241106;100017;738.8;3;11386046081;S
20241106;100018;739.2;4;11386046769;S
20241106;100019;739.6;9;11386047688;S
20241106;100019;744;90;11386047935;B
20241106;100023;739;164;11386051881;S
20241106;100023;739;336;11386051882;S
20241106;100023;739;50;11386052008;S
20241106;100023;738.8;53;11386052009;S
20241106;100023;738.8;150;11386052010;S
20241106;100023;738.8;47;11386052011;S
20241106;100025;738;15;11386053159;S
20241106;100026;738.6;7;11386053600;B
20241106;100026;741.8;10;11386053606;B
20241106;100027;738.6;4;11386054343;B
20241106;100028;738.6;46;11386054835;B
20241106;100033;739;31;11386059393;S
20241106;100033;737;69;11386059394;S
20241106;100034;737.6;133;11386060243;S
20241106;100035;740.8;140;11386060510;B
20241106;100035;740.8;160;11386060511;B
20241106;100036;738.2;1;11386061031;S
20241106;100037;741.6;231;11386061872;B
20241106;100037;741.6;140;11386061873;B
20241106;100037;741.8;500;11386061874;B
20241106;100037;742.4;25;11386061922;S
20241106;100038;742.4;658;11386062105;S
20241106;100039;742.4;55;11386063489;S
20241106;100039;742.4;1;11386063538;S
20241106;100040;742.4;305;11386063810;S
20241106;100040;742.4;30;11386063842;S
20241106;100040;742.4;6;11386063844;S
20241106;100040;742.4;49;11386064154;S
20241106;100046;740;2;11386068588;S
20241106;100047;740;6;11386068956;S
20241106;100047;738;314;11386068957;S
20241106;100053;737;14;11386072632;S
20241106;100053;736.8;6;11386072633;S
20241106;100054;738.8;9;11386073658;B
20241106;100054;738.8;101;11386073659;B
20241106;100101;737.6;15;11386078259;S
20241106;100101;737.4;3;11386078618;S
20241106;100102;737.2;10;11386078880;S
20241106;100107;737.8;50;11386082283;S
20241106;100112;738.6;35;11386084753;B
20241106;100112;737;1;11386084789;S
20241106;100112;737;3;11386084790;B
20241106;100118;737.6;1;11386087778;S
20241106;100119;737.8;50;11386088629;B
20241106;100119;738.6;2;11386088630;S
20241106;100120;738.8;18;11386088966;B
20241106;100122;738.8;50;11386089890;S
20241106;100124;739;1;11386090922;B
20241106;100125;739;8;11386090933;B
20241106;100125;739;9;11386090934;B
20241106;100125;739.2;60;11386090935;B
20241106;100125;739.2;9;11386090936;B
20241106;100125;739.4;9;11386090937;B
20241106;100125;739.4;138;11386090938;B
20241106;100125;738.8;100;11386091055;S
20241106;100132;738.8;20;11386094805;S
20241106;100133;739;2;11386094875;B
20241106;100133;738.8;2;11386094878;S
20241106;100133;739;5;11386095232;B
20241106;100133;738.8;100;11386095376;S
20241106;100134;738.8;40;11386095837;S
20241106;100140;738.8;50;11386099060;S
20241106;100145;738.8;100;11386101232;S
20241106;100147;739;100;11386102234;B
20241106;100147;739;3;11386102235;B
20241106;100147;739;150;11386102236;B
20241106;100147;739;50;11386102237;B
20241106;100147;739;266;11386102238;B
20241106;100151;739.2;4;11386104277;S
20241106;100153;739.2;1;11386104923;S
20241106;100153;739.2;20;11386104934;S
20241106;100153;739.2;1;11386104946;S
20241106;100154;739.2;2;11386105703;S
20241106;100155;738.8;200;11386105944;S
20241106;100155;738.8;280;11386106164;S
20241106;100156;738.8;20;11386106291;S
20241106;100156;738.6;18;11386106292;S
20241106;100157;738.8;1;11386106761;S
20241106;100159;738;30;11386107744;S
20241106;100200;738;3;11386107891;S
20241106;100200;738;15;11386108286;S
20241106;100200;736.8;14;11386108287;S
20241106;100200;736.8;175;11386108288;S
20241106;100202;738;2;11386108999;B
20241106;100203;738;7;11386109666;B
20241106;100203;738;9;11386109667;B
20241106;100203;738.6;9;11386109668;B
20241106;100203;738.6;16;11386109669;B
20241106;100203;738.8;9;11386109670;B
20241106;100203;739;140;11386109671;B
20241106;100203;739;14;11386109672;B
20241106;100203;739;44;11386109673;B
20241106;100204;736.8;81;11386109873;S
20241106;100204;736.8;244;11386110147;S
20241106;100204;736.8;60;11386110148;S
20241106;100204;736.8;46;11386110150;B
20241106;100205;736.8;89;11386110238;S
20241106;100205;736.6;115;11386110239;S
20241106;100209;736.8;5;11386112311;S
20241106;100210;736.8;4;11386112641;S
20241106;100210;736.8;6;11386112872;S
20241106;100212;736.8;85;11386113408;S
20241106;100212;736.8;30;11386113409;S
20241106;100212;736.6;385;11386113410;S
20241106;100212;736.4;700;11386113411;S
20241106;100212;736.4;90;11386113415;B
20241106;100212;736.2;111;11386113704;S
20241106;100212;736;2;11386113862;B
20241106;100212;735;25;11386113863;S
20241106;100212;734.8;15;11386113864;S
20241106;100213;734.2;40;11386114220;S
20241106;100213;734.2;6;11386114343;S
20241106;100213;735.4;60;11386114472;B
20241106;100213;735.4;124;11386114473;B
20241106;100213;736;138;11386114474;B
20241106;100213;736;390;11386114475;B
20241106;100213;736;14;11386114476;B
20241106;100213;736.2;334;11386114477;B
20241106;100214;734.4;16;11386114773;S
20241106;100214;734.4;55;11386114774;S
20241106;100214;734.4;140;11386114775;S
20241106;100214;734.2;207;11386114776;S
20241106;100214;734.2;14;11386114777;S
20241106;100214;734;168;11386114778;S
20241106;100215;734.2;25;11386115193;S
20241106;100215;735.8;17;11386115471;B
20241106;100215;735.8;16;11386115472;B
20241106;100215;736;14;11386115473;B
20241106;100215;736;3;11386115474;B
20241106;100215;736;4;11386115677;B
20241106;100217;734.4;50;11386116393;S
20241106;100219;735.8;46;11386117203;B
20241106;100219;736;65;11386117204;B
20241106;100220;734.8;7;11386117448;S
20241106;100221;734.8;1;11386117998;S
20241106;100223;735.8;15;11386119988;B
20241106;100224;734.8;1;11386120548;S
20241106;100224;734.6;16;11386120549;S
20241106;100224;734.4;33;11386120550;S
20241106;100225;735.6;16;11386120931;B
20241106;100225;735.8;14;11386120932;B
20241106;100227;735.8;19;11386121991;B
20241106;100227;735.8;1;11386121992;B
20241106;100227;736;180;11386121993;B
20241106;100228;734.4;100;11386122275;S
20241106;100235;734.4;5;11386125031;S
20241106;100240;735.2;17;11386126513;B
20241106;100241;735.2;30;11386126952;B
20241106;100241;734.2;7;11386127042;S
20241106;100243;735.2;1;11386127942;B
20241106;100243;735.4;100;11386127943;B
20241106;100243;735.6;39;11386127944;B
20241106;100244;735.6;6;11386128442;B
20241106;100246;734.4;16;11386129286;S
20241106;100246;734.2;14;11386129287;S
20241106;100246;734.2;5;11386129417;S
20241106;100248;734.2;1;11386129848;S
20241106;100250;734.4;10;11386130733;S
20241106;100251;734.4;12;11386131284;S
20241106;100251;734.2;43;11386131285;S
20241106;100251;734;45;11386131286;S
20241106;100254;734;1;11386133022;S
20241106;100300;735;1;11386135178;B
20241106;100303;734.8;4;11386136288;B
20241106;100303;734.8;4;11386136340;B
20241106;100303;734.8;4;11386136595;B
20241106;100304;734.4;9;11386136960;S
20241106;100304;734.4;4;11386136961;S
20241106;100304;734;87;11386136962;S
20241106;100304;734.8;4;11386137002;B
20241106;100304;735;2;11386137003;B
20241106;100304;735;50;11386137004;B
20241106;100304;735;30;11386137005;B
20241106;100305;735.2;24;11386137396;S
20241106;100305;734.2;6;11386137397;S
20241106;100305;735.2;50;11386137721;B
20241106;100309;734;1;11386139252;S
20241106;100309;735;10;11386139727;B
20241106;100314;734.4;22;11386141782;S
20241106;100314;734;28;11386141783;S
20241106;100315;734;396;11386141996;S
20241106;100316;734;50;11386142937;S
20241106;100319;734.4;10;11386144134;B
20241106;100321;734.4;10;11386145100;B
20241106;100321;734.8;2;11386145101;B
20241106;100321;734.6;150;11386145552;B
20241106;100321;734.8;150;11386145553;B
20241106;100322;734.8;111;11386145864;B
20241106;100329;734;2;11386148293;S
20241106;100331;734;22;11386149247;S
20241106;100331;734;2;11386149248;S
20241106;100331;734;10;11386149564;B
20241106;100340;734;10;11386153182;B
20241106;100340;732.4;22;11386153225;S
20241106;100340;732.4;4;11386153226;S
20241106;100340;732.2;16;11386153227;S
20241106;100340;731.6;8;11386153228;S
20241106;100341;733.8;5;11386153551;B
20241106;100342;733;4;11386154015;B
20241106;100350;733;6;11386157718;B
20241106;100350;733;4;11386157719;B
20241106;100353;733;10;11386158806;B
20241106;100354;733;1;11386159564;B
20241106;100359;731.8;45;11386162749;S
20241106;100359;731.8;2;11386162750;S
20241106;100359;731.2;23;11386162751;S
20241106;100359;731.2;77;11386162853;S
20241106;100359;730.8;244;11386162854;S
20241106;100359;730.8;14;11386162855;S
20241106;100359;730.8;140;11386162856;S
20241106;100359;730.6;125;11386162857;S
20241106;100400;730.4;4;11386163400;S
20241106;100400;730.2;1;11386163401;S
20241106;100401;732.6;2;11386164066;B
20241106;100410;732;25;11386167960;S
20241106;100411;732;5;11386168603;S
20241106;100416;733;77;11386170335;B
20241106;100416;733;40;11386170336;B
20241106;100416;733;13;11386170337;B
20241106;100416;733;20;11386170338;B
20241106;100416;732;65;11386170481;S
20241106;100416;731.8;15;11386170482;S
20241106;100416;731.6;15;11386170483;S
20241106;100416;730.6;54;11386170484;S
20241106;100416;730.4;140;11386170485;S
20241106;100416;730.4;14;11386170486;S
20241106;100416;730.2;197;11386170487;S
20241106;100419;730;25;11386172263;S
20241106;100419;728.6;17;11386172264;S
20241106;100419;728.4;4;11386172265;S
20241106;100419;728;6;11386172266;S
20241106;100419;727.4;14;11386172267;S
20241106;100419;727.4;45;11386172268;S
20241106;100420;732;14;11386172810;B
20241106;100420;732;16;11386172811;B
20241106;100420;728.4;17;11386172885;S
20241106;100430;732.4;2;11386178533;B
20241106;100437;731.4;13;11386181653;S
20241106;100437;730.8;3;11386181654;S
20241106;100437;730.8;10;11386181655;S
20241106;100437;730.8;2;11386181656;S
20241106;100437;730.6;60;11386181657;S
20241106;100437;730;140;11386181658;S
20241106;100437;729.8;375;11386181659;S
20241106;100437;729.8;103;11386181660;S
20241106;100437;729.6;14;11386181661;S
20241106;100437;729;10;11386181662;S
20241106;100437;729;500;11386181663;S
20241106;100437;728.8;135;11386181664;S
20241106;100437;727.8;60;11386181665;S
20241106;100437;727.6;95;11386181666;S
20241106;100437;727;3;11386181667;S
20241106;100437;726.6;2;11386181668;S
20241106;100437;726.4;4;11386181669;S
20241106;100437;725.8;41;11386181670;S
20241106;100438;731.6;60;11386182101;B
20241106;100441;727.4;100;11386183542;S
20241106;100443;732.2;200;11386184359;B
20241106;100444;726.8;1;11386184750;S
20241106;100451;731.8;1;11386187496;B
20241106;100454;730.4;4;11386189329;B
20241106;100454;732;2;11386189330;B
20241106;100454;732.4;4;11386189331;B
20241106;100454;732.6;5;11386189332;B
20241106;100454;732.8;9;11386189333;B
20241106;100454;729.2;2;11386189425;S
20241106;100454;728.4;60;11386189426;S
20241106;100454;728.4;16;11386189427;S
20241106;100454;728.2;30;11386189428;S
20241106;100454;726.6;1;11386189429;S
20241106;100454;726.6;25;11386189430;S
20241106;100502;731.6;6;11386193792;B
20241106;100513;728.6;10;11386199405;S
20241106;100529;729.8;16;11386207216;B
20241106;100529;729.8;1;11386207217;B
20241106;100529;730;6;11386207218;B
20241106;100529;730;100;11386207219;B
20241106;100529;731.4;54;11386207220;B
20241106;100529;731.6;23;11386207221;B
20241106;100532;731.6;17;11386209047;B
20241106;100532;731.6;2;11386209048;B
20241106;100532;732;10;11386209049;B
20241106;100532;732.6;14;11386209050;B
20241106;100532;732.6;2;11386209051;B
20241106;100532;732.8;5;11386209052;B
20241106;100534;731.6;7;11386209920;S
20241106;100534;733;10;11386210007;B
20241106;100536;731.6;193;11386210927;S
20241106;100536;730.4;20;11386210928;S
20241106;100536;730.4;5;11386210929;S
20241106;100536;730.4;60;11386210930;S
20241106;100545;731.8;20;11386215372;S
20241106;100548;732.8;25;11386216766;B
20241106;100549;731.8;1;11386217257;S
20241106;100549;731.8;25;11386217259;S
20241106;100550;731.8;1;11386217309;S
20241106;100559;731.8;9;11386221430;S
20241106;100600;731.8;18;11386221951;S
20241106;100601;730.6;1;11386222824;S
20241106;100601;729.8;99;11386222825;S
20241106;100618;731;5;11386231357;B
20241106;100620;731;39;11386232432;B
20241106;100620;731;61;11386232433;B
20241106;100623;730;100;11386233637;S
20241106;100627;731;39;11386235647;B
20241106;100633;731;5;11386237779;S
20241106;100640;731.2;3;11386241211;S
20241106;100640;731;2;11386241212;S
20241106;100644;731.8;10;11386243004;B
20241106;100648;731.8;10;11386244948;B
20241106;100655;731.8;1;11386247457;B
20241106;100657;731;8;11386248035;S
20241106;100657;731.8;11;11386248207;B
20241106;100657;731.8;1;11386248208;B
20241106;100657;732;9;11386248209;B
20241106;100657;732.4;1;11386248210;B
20241106;100657;732.6;5;11386248211;B
20241106;100657;732.6;14;11386248212;B
20241106;100657;732.6;29;11386248213;B
20241106;100700;731.2;1;11386249234;S
20241106;100706;731.2;1;11386251586;S
20241106;100709;731.2;15;11386252693;S
20241106;100713;731.4;3;11386254658;B
20241106;100713;731;3;11386254659;S
20241106;100713;731;5;11386254783;S
20241106;100715;731.4;12;11386255624;B
20241106;100718;731.6;40;11386256991;B
20241106;100727;731.4;1;11386260013;B
20241106;100728;731.2;500;11386260392;S
20241106;100728;731.2;90;11386260393;S
20241106;100728;731.2;60;11386260394;S
20241106;100732;731;4;11386261827;S
20241106;100733;731;11;11386262301;S
20241106;100734;731;23;11386262608;S
20241106;100734;731;2;11386262609;S
20241106;100734;731;10;11386262610;S
20241106;100736;731.2;50;11386263206;B
20241106;100737;731.2;100;11386263703;B
20241106;100738;731;61;11386264141;S
20241106;100738;731;1;11386264142;S
20241106;100738;731;58;11386264143;S
20241106;100738;731;42;11386264198;S
20241106;100739;730.2;86;11386264692;S
20241106;100745;730.2;1;11386266691;S
20241106;100748;730.2;1;11386267776;S
20241106;100752;731;50;11386269380;B
20241106;100753;730.2;138;11386269722;S
20241106;100754;730.2;49;11386270120;B
20241106;100757;730;18;11386271494;S
20241106;100759;730;12;11386272432;S
20241106;100801;730;24;11386273012;S
20241106;100815;730.2;3;11386278302;B
20241106;100815;730.2;12;11386278382;B
20241106;100815;730;5;11386278567;S
20241106;100817;730;20;11386279086;S
20241106;100817;730.2;206;11386279093;B
20241106;100817;730.2;100;11386279094;B
20241106;100817;730.2;69;11386279095;B
20241106;100817;730.8;18;11386279096;B
20241106;100817;731;98;11386279097;B
20241106;100817;731;2;11386279098;B
20241106;100817;731.4;8;11386279099;B
20241106;100817;731.4;140;11386279100;B
20241106;100817;731.4;60;11386279101;B
20241106;100817;731.6;245;11386279102;B
20241106;100817;731.6;1;11386279103;B
20241106;100817;732;2;11386279104;B
20241106;100817;732;51;11386279105;B
20241106;100817;732;50;11386279106;B
20241106;100817;732.4;87;11386279107;B
20241106;100821;730.4;3;11386280546;S
20241106;100823;730.4;2;11386281367;S
20241106;100824;730.2;10;11386281675;S
20241106;100825;730.4;1;11386282351;S
20241106;100829;732;13;11386283729;B
20241106;100830;730.4;10;11386284036;S
20241106;100837;732.2;34;11386286234;B
20241106;100838;730.6;2;11386286314;S
20241106;100839;732.2;1;11386287127;B
20241106;100839;732.4;199;11386287128;B
20241106;100844;732;167;11386288988;B
20241106;100844;732.2;413;11386288989;B
20241106;100844;732.6;70;11386288990;B
20241106;100844;732.6;24;11386288991;B
20241106;100844;732.8;25;11386288992;B
20241106;100844;732.8;1;11386288993;B
20241106;100844;732.8;11;11386288994;B
20241106;100844;733;90;11386288995;B
20241106;100844;733;5;11386288996;B
20241106;100844;733;2;11386288997;B
20241106;100844;733;14;11386288998;B
20241106;100844;733;1;11386288999;B
20241106;100844;733;1;11386289000;B
20241106;100844;733;1;11386289001;B
20241106;100844;733;1;11386289002;B
20241106;100844;733;1;11386289003;B
20241106;100844;733;1;11386289004;B
20241106;100844;733;1;11386289005;B
20241106;100844;733;1;11386289006;B
20241106;100844;733;1;11386289007;B
20241106;100844;733;1;11386289008;B
20241106;100844;733;1;11386289009;B
20241106;100844;733;1;11386289010;B
20241106;100844;733.4;56;11386289011;B
20241106;100844;733.4;20;11386289012;B
20241106;100844;733.4;221;11386289013;B
20241106;100846;732.2;6;11386289637;B
20241106;100846;732.2;5;11386289839;B
20241106;100848;732.2;2;11386290413;B
20241106;100848;732.2;1;11386290414;B
20241106;100848;732.2;6;11386290522;B
20241106;100850;732;3;11386291259;B
20241106;100852;732.2;1;11386291866;B
20241106;100852;731.8;14;11386291907;S
20241106;100852;730.6;1;11386291908;S
20241106;100852;730.6;14;11386291909;S
20241106;100852;730.6;140;11386291910;S
20241106;100852;730.6;390;11386291911;S
20241106;100852;730.4;13;11386291912;S
20241106;100852;730.4;55;11386291913;S
20241106;100852;730.4;150;11386291914;S
20241106;100852;730.2;190;11386291915;S
20241106;100852;730;421;11386291916;S
20241106;100852;729.4;1;11386291917;S
20241106;100852;729;43;11386291918;S
20241106;100852;729;68;11386291919;S
20241106;100853;729.2;42;11386292454;S
20241106;100853;729.2;2;11386292455;S
20241106;100853;729;56;11386292456;S
20241106;100856;731;27;11386293517;B
20241106;100915;730;140;11386299573;B
20241106;100915;730;1;11386299574;B
20241106;100915;730;3;11386299575;B
20241106;100915;731;390;11386299576;B
20241106;100915;731;140;11386299577;B
20241106;100915;731.2;14;11386299578;B
20241106;100915;731.2;60;11386299579;B
20241106;100915;731.2;3;11386299580;B
20241106;100915;731.2;150;11386299581;B
20241106;100915;732;197;11386299582;B
20241106;100915;732;30;11386299583;B
20241106;100915;732.2;7;11386299584;B
20241106;100915;732.8;158;11386299585;B
20241106;100915;733;90;11386299586;B
20241106;100915;733.6;213;11386299587;B
20241106;100915;733.8;110;11386299588;B
20241106;100916;732.8;9;11386300000;B
20241106;100918;733;5;11386300780;B
20241106;100919;731.2;1;11386300934;S
20241106;100926;731.2;100;11386302815;S
20241106;100932;732.2;2;11386304484;B
20241106;100935;730.6;1;11386305260;S
20241106;100935;730.6;9;11386305261;S
20241106;100935;732.2;1;11386305525;B
20241106;100937;730;50;11386305969;S
20241106;100945;730.4;1;11386307958;S
20241106;100947;731.4;1;11386308332;B
20241106;100947;731.6;1;11386308333;B
20241106;100953;731.6;4;11386310035;B
20241106;100959;730;1;11386311809;S
20241106;100959;730;1;11386311810;S
20241106;100959;729.8;18;11386311811;S
20241106;101004;729.8;5;11386313504;S
20241106;101004;729.6;372;11386313505;S
20241106;101004;729.6;49;11386313506;S
20241106;101004;729.6;18;11386313507;S
20241106;101004;729.4;146;11386313508;S
20241106;101014;729.4;53;11386316595;S
20241106;101017;729.4;10;11386317514;S
20241106;101021;730.4;2;11386318785;B
20241106;101029;730.2;1;11386320819;B
20241106;101029;730.2;1;11386320820;B
20241106;101029;730.4;9;11386320821;B
20241106;101036;730.4;2;11386322876;B
20241106;101044;729.6;5;11386325000;S
20241106;101044;729;30;11386325001;S
20241106;101051;729.2;1;11386326678;S
20241106;101051;729;1;11386326679;S
20241106;101051;728.8;18;11386326680;S
20241106;101102;729;36;11386329571;S
20241106;101102;728.8;14;11386329572;S
20241106;101112;728.8;1468;11386332069;S
20241106;101112;728.8;1;11386332070;S
20241106;101112;728.6;1;11386332145;S
20241106;101113;729.4;5;11386332319;B
20241106;101123;728.6;15;11386334923;S
20241106;101123;728.4;14;11386334924;S
20241106;101123;728.2;1;11386334925;S
20241106;101124;728.2;34;11386334983;S
20241106;101124;728.2;12;11386334984;S
20241106;101124;728;100;11386334985;S
20241106;101124;728;33;11386334986;S
20241106;101124;727.2;8;11386335006;S
20241106;101125;727.8;1;11386335587;B
20241106;101132;727.8;34;11386336943;B
20241106;101132;728;366;11386336944;B
20241106;101145;727.2;22;11386340138;S
20241106;101145;727;30;11386340139;B
20241106;101145;726.8;31;11386340312;B
20241106;101146;727;468;11386340428;B
20241106;101147;727;10;11386340658;B
20241106;101148;727;250;11386340812;B
20241106;101157;726.6;5;11386343538;S
20241106;101157;726.6;1;11386343539;S
20241106;101157;726.6;10;11386343540;S
20241106;101157;726.4;14;11386343541;S
20241106;101157;726.2;140;11386343542;S
20241106;101157;726.2;24;11386343543;S
20241106;101157;726;30;11386343544;S
20241106;101157;726;300;11386343545;S
20241106;101157;726;10;11386343546;S
20241106;101157;726;52;11386343547;S
20241106;101157;725.6;4;11386343548;S
20241106;101157;725.2;5;11386343549;S
20241106;101157;725.2;90;11386343550;S
20241106;101157;725.2;14;11386343551;S
20241106;101157;725;25;11386343552;S
20241106;101157;725;276;11386343553;S
20241106;101159;725.8;5;11386343927;S
20241106;101159;725.8;2;11386343928;S
20241106;101159;725.4;24;11386343929;S
20241106;101159;725.2;69;11386343930;S
20241106;101203;726.8;10;11386345142;B
20241106;101203;726.4;10;11386345176;B
20241106;101204;725.4;4;11386345634;S
20241106;101204;725;35;11386345635;S
20241106;101205;726.4;3;11386345767;B
20241106;101215;725.2;1;11386348759;S
20241106;101234;726.6;1;11386354813;B
20241106;101235;725.4;1;11386355263;S
20241106;101235;725.4;21;11386355264;S
20241106;101238;726.6;2;11386356271;B
20241106;101240;725.6;2;11386357153;S
20241106;101240;725.6;27;11386357154;S
20241106;101240;725.4;33;11386357155;S
20241106;101240;725.2;126;11386357156;S
20241106;101240;725.2;10;11386357157;S
20241106;101240;725.2;2;11386357158;S
20241106;101242;726.8;4;11386357690;B
20241106;101242;726.8;22;11386357691;B
20241106;101247;725.6;1;11386358871;S
20241106;101247;725.6;4;11386358872;S
20241106;101252;725.6;2;11386360111;S
20241106;101254;725.6;16;11386360576;S
20241106;101254;725.6;1;11386360577;S
20241106;101254;725.4;13;11386360578;S
20241106;101302;725.4;140;11386362831;S
20241106;101302;725.4;40;11386362832;S
20241106;101302;725.2;20;11386362833;S
20241106;101312;725.4;2;11386365089;S
20241106;101312;725.4;52;11386365090;S
20241106;101312;725.2;96;11386365091;S
20241106;101317;725.2;5;11386366356;S
20241106;101317;725.2;7;11386366396;S
20241106;101317;725.2;51;11386366397;S
20241106;101317;725;189;11386366398;S
20241106;101317;725;253;11386366399;S
20241106;101322;726.2;30;11386368124;B
20241106;101333;726.2;4;11386370992;B
20241106;101333;726.4;4;11386370993;B
20241106;101333;726.6;29;11386370994;B
20241106;101333;726.8;390;11386370995;B
20241106;101333;726.8;29;11386370996;B
20241106;101333;726.8;27;11386370997;B
20241106;101333;727;161;11386370998;B
20241106;101333;727;497;11386370999;B
20241106;101333;727;50;11386371000;B
20241106;101333;727;75;11386371005;B
20241106;101340;726;1;11386372952;S
20241106;101356;726.8;1;11386377299;B
20241106;101402;726;1;11386378648;S
20241106;101407;726.6;6;11386380114;B
20241106;101414;726.6;6;11386381394;B
20241106;101414;726.6;13;11386381395;B
20241106;101415;726;2;11386381573;S
20241106;101415;726;19;11386381574;S
20241106;101417;725.8;27;11386382073;B
20241106;101417;725.8;40;11386382074;B
20241106;101417;726;33;11386382075;B
20241106;101422;725.8;32;11386383015;B
20241106;101422;725.8;11;11386383016;B
20241106;101422;725.6;8;11386383017;S
20241106;101430;725.6;4;11386384836;B
20241106;101433;725.6;1;11386385263;B
20241106;101433;725.4;1;11386385265;S
20241106;101433;725.4;1;11386385266;S
20241106;101434;725.2;5;11386385429;S
20241106;101434;725;76;11386385430;S
20241106;101434;725;20;11386385431;S
20241106;101434;725;1;11386385432;S
20241106;101434;725;38;11386385433;S
20241106;101439;725.2;1;11386386525;B
20241106;101450;725;62;11386389151;S
20241106;101450;725;71;11386389152;S
20241106;101451;725.4;1;11386389437;B
20241106;101500;725.4;2;11386391335;B
20241106;101500;725.4;3;11386391336;B
20241106;101510;725.2;1;11386395302;B
20241106;101516;725;3;11386397775;S
20241106;101520;725;8;11386399233;S
20241106;101522;725;6;11386399887;S
20241106;101525;725;12;11386401419;S
20241106;101525;725;38;11386401420;S
20241106;101525;725;50;11386401422;S
20241106;101526;725.2;2;11386401462;B
20241106;101526;725;2;11386401586;S
20241106;101526;725;3;11386401587;S
20241106;101526;725;10;11386401588;S
20241106;101526;725;2;11386401589;S
20241106;101527;725;5;11386401988;S
20241106;101527;725;1;11386401989;S
20241106;101539;724.8;25;11386405911;B
20241106;101541;724.4;4;11386406495;S
20241106;101541;724;2;11386406496;S
20241106;101541;724;100;11386406497;S
20241106;101541;724;1;11386406498;S
20241106;101541;723.8;193;11386406499;S
20241106;101541;723.8;307;11386406563;S
20241106;101541;723.6;12;11386406564;S
20241106;101541;723.4;30;11386406565;S
20241106;101541;723.4;40;11386406566;S
20241106;101541;723.4;11;11386406567;S
20241106;101549;723;10;11386409141;S
20241106;101549;723;1;11386409142;S
20241106;101549;723;1;11386409143;S
20241106;101549;722.8;60;11386409144;S
20241106;101549;722.6;12;11386409145;S
20241106;101549;722.6;40;11386409146;S
20241106;101549;722.6;8;11386409147;S
20241106;101549;722.4;4;11386409148;S
20241106;101549;722.4;1;11386409149;S
20241106;101549;722.4;163;11386409150;S
20241106;101550;722.2;2;11386409341;S
20241106;101550;723;10;11386409404;B
20241106;101550;723.2;10;11386409405;B
20241106;101550;723.2;40;11386409406;B
20241106;101550;724;372;11386409407;B
20241106;101550;724;140;11386409408;B
20241106;101550;724.2;60;11386409409;B
20241106;101550;724.2;150;11386409410;B
20241106;101550;724.4;5;11386409411;B
20241106;101550;725;96;11386409412;B
20241106;101550;725;390;11386409413;B
20241106;101550;725.2;141;11386409414;B
20241106;101555;723.4;1;11386410937;S
20241106;101555;723.2;2;11386410938;S
20241106;101555;723;40;11386410939;S
20241106;101555;722.8;27;11386410940;S
20241106;101604;723.8;70;11386413910;B
20241106;101604;723.8;16;11386413911;B
20241106;101604;724;40;11386413912;B
20241106;101604;724.6;20;11386413913;B
20241106;101604;724.8;27;11386413914;B
20241106;101604;725;71;11386413915;B
20241106;101604;725;56;11386413916;B
20241106;101607;723.6;300;11386414912;S
20241106;101640;724.6;10;11386425711;S
20241106;101640;724.6;10;11386426202;S
20241106;101641;724.4;1;11386426371;S
20241106;101642;724.4;20;11386426588;S
20241106;101643;724.4;79;11386427137;S
20241106;101643;724;1;11386427138;S
20241106;101643;724;50;11386427139;S
20241106;101643;724;44;11386427140;S
20241106;101643;723.8;44;11386427141;S
20241106;101643;723.2;10;11386427142;S
20241106;101643;723.2;72;11386427143;S
20241106;101704;722.8;2;11386433325;S
20241106;101704;722.8;13;11386433326;S
20241106;101711;723.2;140;11386435612;S
20241106;101711;723;90;11386435613;S
20241106;101723;722.8;140;11386439841;S
20241106;101723;722.6;885;11386439842;S
20241106;101723;722.4;40;11386439843;S
20241106;101723;722.2;78;11386439844;S
20241106;101723;722;27;11386439845;S
20241106;101723;722;10;11386439846;S
20241106;101723;722;1;11386439847;S
20241106;101723;722;9;11386439848;S
20241106;101723;722;22;11386439849;S
20241106;101723;722;20;11386439850;S
20241106;101723;722;60;11386439851;S
20241106;101723;722;308;11386439852;S
20241106;101737;722.4;140;11386444777;S
20241106;101737;722.2;110;11386444778;S
20241106;101746;722.8;11;11386448011;B
20241106;101747;722.2;5;11386448424;S
20241106;101747;722;3;11386448425;S
20241106;101747;722;50;11386448426;S
20241106;101747;722;91;11386448427;S
20241106;101747;721.8;172;11386448428;S
20241106;101801;722.2;2;11386453754;S
20241106;101809;722.8;3;11386456434;B
20241106;101811;722.8;3;11386457181;B
20241106;101823;722.8;44;11386460501;B
20241106;101823;722.8;8;11386460502;B
20241106;101834;722.8;12;11386463263;B
20241106;101834;722.8;40;11386463264;B
20241106;101834;723;48;11386463265;B
20241106;101842;722.8;3;11386465498;B
20241106;101851;722.2;1;11386467423;S
20241106;101855;722.2;18;11386468406;S
20241106;101859;722.2;14;11386469342;S
20241106;101859;722.2;7;11386469343;S
20241106;101900;722.2;30;11386469638;B
20241106;101903;722.2;30;11386470496;S
20241106;101903;722.4;1;11386470500;B
20241106;101909;722.6;1;11386471974;B
20241106;101921;722.6;10;11386474942;B
20241106;101924;722.6;10;11386475499;B
20241106;101925;722.6;3;11386475862;B
20241106;101932;722.4;25;11386477424;S
20241106;101937;722.4;30;11386478467;B
20241106;101939;722.8;20;11386478766;B
20241106;101939;722.8;10;11386478767;B
20241106;101945;722.4;30;11386480070;B
20241106;101952;722.4;30;11386481589;B
20241106;101956;722.6;30;11386482543;B
20241106;101958;722.6;30;11386482957;B
20241106;102002;722.6;2;11386484386;S
20241106;102012;722.8;1;11386488978;B
20241106;102018;722.8;4;11386491744;B
20241106;102018;722.8;26;11386491745;B
20241106;102018;722.6;18;11386491746;S
20241106;102019;722.6;30;11386492210;B
20241106;102019;722.6;119;11386492212;S
20241106;102024;722.8;500;11386494949;B
20241106;102026;722.8;6;11386496638;B
20241106;102026;722.8;24;11386496639;B
20241106;102026;722.6;148;11386496642;S
20241106;102026;722.6;15;11386496643;S
20241106;102026;722.4;693;11386496644;S
20241106;102026;722.2;92;11386496645;S
20241106;102026;722;20;11386496646;S
20241106;102026;722;1000;11386496647;S
20241106;102026;721.8;128;11386496648;S
20241106;102026;721.8;1;11386496649;S
20241106;102026;721.6;38;11386496650;S
20241106;102026;721.2;14;11386496651;S
20241106;102026;721.2;150;11386496652;S
20241106;102026;721.2;40;11386496653;S
20241106;102026;721.2;30;11386496654;S
20241106;102026;721;1;11386496655;S
20241106;102026;721;500;11386496656;S
20241106;102026;721;328;11386496657;S
20241106;102026;721;200;11386496658;S
20241106;102026;720.8;27;11386496659;S
20241106;102026;720.4;100;11386496660;S
20241106;102026;720.4;4;11386496661;S
20241106;102026;720.2;1;11386496662;S
20241106;102026;720.2;192;11386496663;S
20241106;102026;720;50;11386496664;S
20241106;102026;720;5;11386496665;S
20241106;102026;720;4;11386496666;S
20241106;102026;720;1;11386496667;S
20241106;102026;720;2;11386496668;S
20241106;102026;720;125;11386496669;S
20241106;102026;720;1;11386496670;S
20241106;102026;720;20;11386496671;S
20241106;102026;720;16;11386496672;S
20241106;102026;720;25;11386496673;S
20241106;102026;719.6;27;11386496674;S
20241106;102026;719.6;30;11386496675;S
20241106;102026;719.4;1;11386496676;S
20241106;102026;719.4;390;11386496677;S
20241106;102026;719.2;49;11386496678;S
20241106;102026;719.2;12;11386496679;S
20241106;102026;719.2;140;11386496680;S
20241106;102026;719;1;11386496681;S
20241106;102026;719;30;11386496682;S
20241106;102026;719;80;11386496683;S
20241106;102026;719;37;11386496684;S
20241106;102026;719;18;11386496685;S
20241106;102026;718.8;19;11386496686;S
20241106;102026;718.8;111;11386496687;S
20241106;102026;718.8;1;11386496688;S
20241106;102026;718.8;500;11386496689;S
20241106;102026;718.6;2;11386496690;S
20241106;102026;718.6;3;11386496691;S
20241106;102026;718.6;1;11386496692;S
20241106;102026;718.6;1;11386496693;S
20241106;102026;718.6;100;11386496694;S
20241106;102026;718.6;11;11386496695;S
20241106;102026;718.6;111;11386496696;S
20241106;102026;718.4;40;11386496697;S
20241106;102026;718.4;4;11386496698;S
20241106;102026;718.4;111;11386496699;S
20241106;102026;718.2;1;11386496700;S
20241106;102026;718.2;111;11386496701;S
20241106;102026;718.2;30;11386496702;S
20241106;102026;718;25;11386496703;S
20241106;102026;718;111;11386496704;S
20241106;102026;718;1;11386496705;S
20241106;102026;718;1;11386496706;S
20241106;102026;717.8;111;11386496707;S
20241106;102026;717.6;111;11386496708;S
20241106;102026;717.6;111;11386496709;S
20241106;102026;717.4;111;11386496710;S
20241106;102026;717.4;111;11386496711;S
20241106;102026;717.2;40;11386496712;S
20241106;102026;717.2;111;11386496713;S
20241106;102026;717.2;111;11386496714;S
20241106;102026;717;1;11386496715;S
20241106;102026;717;1;11386496716;S
20241106;102026;717;1;11386496717;S
20241106;102026;717;111;11386496718;S
20241106;102026;717;1000;11386496719;S
20241106;102026;716.8;111;11386496720;S
20241106;102026;716.8;50;11386496721;S
20241106;102026;716.8;5;11386496722;S
20241106;102026;716.6;111;11386496723;S
20241106;102026;716.6;700;11386496724;S
20241106;102026;716.4;1;11386496725;S
20241106;102026;716.4;5;11386496726;S
20241106;102026;716.4;111;11386496727;S
20241106;102026;716.4;39;11386496728;S
20241106;102026;716.2;111;11386496729;S
20241106;102026;716;40;11386496730;S
20241106;102026;716;1;11386496731;S
20241106;102026;716;703;11386496732;S
20241106;102026;720.2;1;11386496747;S
20241106;102026;720.2;1;11386496884;S
20241106;102027;720.2;2;11386497284;S
20241106;102027;717.2;100;11386497341;S
20241106;102030;718;2;11386499496;S
20241106;102030;718;129;11386499497;S
20241106;102030;717.8;30;11386499617;S
20241106;102030;717.6;6;11386499618;S
20241106;102030;718;1;11386499792;B
20241106;102031;718;60;11386500289;B
20241106;102034;718.2;30;11386501982;S
20241106;102034;718;11;11386502034;S
20241106;102034;717.8;4;11386502035;S
20241106;102035;718;25;11386502839;B
20241106;102037;717.8;30;11386504315;B
20241106;102038;717.6;30;11386504725;B
20241106;102039;717.6;30;11386505111;B
20241106;102040;717.2;2;11386506573;S
20241106;102040;717.2;10;11386506574;S
20241106;102043;717.6;30;11386508188;B
20241106;102052;717.2;2;11386513947;B
20241106;102053;717.2;2;11386514506;B
20241106;102053;717;30;11386514507;S
20241106;102053;717;10;11386514508;S
20241106;102053;717;3;11386514509;S
20241106;102053;717;25;11386514510;S
20241106;102053;717;10;11386514511;S
20241106;102101;717.8;100;11386520017;B
20241106;102103;717.2;2;11386520786;S
20241106;102103;717;1;11386520787;S
20241106;102103;717;7;11386520788;S
20241106;102108;717.6;40;11386524383;B
20241106;102109;717.6;50;11386524627;B
20241106;102111;717.6;1;11386525972;B
20241106;102114;717.6;1;11386527560;B
20241106;102114;717.6;1;11386527618;B
20241106;102115;717.6;1;11386528194;B
20241106;102117;717.6;1;11386529601;B
20241106;102127;718.2;9;11386535657;B
20241106;102131;718.2;1;11386538604;B
20241106;102132;718;100;11386538802;B
20241106;102135;717.8;1;11386541455;S
20241106;102135;717.6;1;11386541456;S
20241106;102135;717.6;1;11386541457;S
20241106;102135;717.6;1;11386541458;S
20241106;102135;717.6;22;11386541459;S
20241106;102135;717.4;9;11386541460;S
20241106;102137;718;1;11386543042;B
20241106;102142;718.2;75;11386544832;B
20241106;102142;718.4;40;11386544833;B
20241106;102142;719;28;11386544834;B
20241106;102142;719;50;11386544835;B
20241106;102142;719.6;7;11386544836;B
20241106;102146;719.4;3;11386545960;B
20241106;102148;719.4;40;11386546469;B
20241106;102148;719.6;7;11386546470;B
20241106;102148;719.6;153;11386546471;B
20241106;102151;719.4;3;11386547449;B
20241106;102152;719.4;200;11386547848;B
20241106;102156;719.6;40;11386549241;B
20241106;102156;719.6;31;11386549242;B
20241106;102156;719.8;36;11386549243;B
20241106;102156;720;93;11386549244;B
20241106;102158;720;200;11386549726;B
20241106;102209;720;4;11386553277;B
20241106;102216;720;203;11386555074;B
20241106;102216;720.2;12;11386555075;B
20241106;102234;720.4;1;11386558979;B
20241106;102234;720.6;1;11386558980;B
20241106;102234;720.6;40;11386558981;B
20241106;102234;720.8;30;11386558982;B
20241106;102234;721;45;11386558983;B
20241106;102234;721;30;11386558984;B
20241106;102234;721.4;6;11386558985;B
20241106;102234;721.4;390;11386558986;B
20241106;102234;721.6;300;11386558987;B
20241106;102234;721.6;500;11386558988;B
20241106;102234;721.8;39;11386558989;B
20241106;102234;722;45;11386558990;B
20241106;102234;722;1;11386558991;B
20241106;102234;722.2;60;11386558992;B
20241106;102234;722.4;4;11386558993;B
20241106;102234;722.4;693;11386558994;B
20241106;102234;722.4;78;11386558995;S
20241106;102234;722.4;10;11386559023;S
20241106;102234;722.4;227;11386559057;S
20241106;102245;721.8;24;11386562168;S
20241106;102251;722;20;11386563572;B
20241106;102258;721.8;1;11386564790;S
20241106;102301;721.8;2;11386566108;S
20241106;102305;722;1;11386567913;B
20241106;102314;721.8;3;11386571194;S
20241106;102314;721.8;11;11386571195;S
20241106;102320;721.8;2;11386573788;S
20241106;102320;721.8;18;11386573789;S
20241106;102322;722;4;11386574971;B
20241106;102324;722;4;11386575606;B
20241106;102326;721.8;12;11386576971;S
20241106;102326;721.8;2;11386576972;S
20241106;102331;721.8;3;11386578984;S
20241106;102336;722;1;11386580781;B
20241106;102336;721.8;25;11386581102;S
20241106;102346;721.6;10;11386585182;B
20241106;102348;721.6;1;11386585821;B
20241106;102349;721.4;15;11386586133;S
20241106;102353;721.4;15;11386587550;S
20241106;102353;721;30;11386587551;S
20241106;102353;721;1;11386587552;S
20241106;102433;721.4;6;11386599955;B
20241106;102433;721.4;40;11386599956;B
20241106;102433;721.4;2;11386599957;B
20241106;102433;721.4;1;11386599958;B
20241106;102433;721.4;31;11386600097;S
20241106;102436;721.4;59;11386601188;B
20241106;102436;721.4;21;11386601189;B
20241106;102439;721.4;19;11386601776;B
20241106;102439;721.4;6;11386601777;B
20241106;102439;721.6;102;11386601778;B
20241106;102439;721.6;10;11386601779;B
20241106;102439;722;13;11386601941;S
20241106;102453;722;2;11386605712;S
20241106;102453;722;2;11386605761;S
20241106;102456;721.8;2;11386606397;B
20241106;102500;721.8;2;11386607252;B
20241106;102503;721.8;5;11386608528;B
20241106;102508;722;16;11386610001;B
20241106;102508;722;40;11386610002;B
20241106;102508;722.2;1;11386610003;B
20241106;102508;722.4;14;11386610004;B
20241106;102508;722.4;140;11386610005;B
20241106;102508;722.6;1;11386610006;B
20241106;102508;722.6;72;11386610007;B
20241106;102511;721.8;1;11386610867;B
20241106;102516;721.6;1;11386612234;B
20241106;102519;721.4;2;11386612955;S
20241106;102519;721.4;2;11386612956;S
20241106;102519;721.4;16;11386612957;S
20241106;102549;721.4;7;11386619293;B
20241106;102611;721;5;11386625631;S
20241106;102611;721.2;111;11386625793;B
20241106;102618;721.2;2;11386628393;B
20241106;102626;721.2;1;11386630597;B
20241106;102632;721;4;11386631953;S
20241106;102632;721;1;11386631954;S
20241106;102634;721.2;5;11386632211;B
20241106;102634;720.8;1;11386632253;S
20241106;102643;720.8;1;11386633734;S
20241106;102650;720.8;10;11386634943;S
20241106;102706;721.2;1;11386637667;B
20241106;102707;720.8;10;11386637828;S
20241106;102711;720.8;3;11386638266;B
20241106;102715;720.8;9;11386638845;B
20241106;102732;720.6;100;11386641907;B
20241106;102746;720.4;12;11386644374;S
20241106;102746;720.4;25;11386644375;S
20241106;102746;720.4;33;11386644376;S
20241106;102755;720.6;70;11386646420;B
20241106;102755;720.6;1;11386646421;B
20241106;102755;720.6;2;11386646422;B
20241106;102755;720.6;5;11386646423;B
20241106;102755;720.8;138;11386646424;B
20241106;102756;720.4;27;11386646553;S
20241106;102756;720.4;10;11386646554;S
20241106;102803;720.4;1;11386647628;B
20241106;102821;720.4;1;11386653559;B
20241106;102821;720.4;2;11386653610;B
20241106;102822;720.4;5;11386653793;B
20241106;102822;720.4;9;11386653794;B
20241106;102823;720.8;1;11386654037;B
20241106;102840;720.8;13;11386659561;B
20241106;102851;720.8;26;11386662271;B
20241106;102851;720.8;15;11386662272;B
20241106;102851;720.8;1;11386662273;B
20241106;102851;721;1;11386662274;B
20241106;102851;721;40;11386662275;B
20241106;102851;721.2;20;11386662276;B
20241106;102851;721.4;5;11386662277;B
20241106;102851;721.4;16;11386662278;B
20241106;102851;721.6;26;11386662279;B
20241106;102909;721.4;100;11386668761;B
20241106;102927;721.6;1;11386677232;B
20241106;102942;721.2;21;11386680241;S
20241106;102945;721;13;11386681534;S
20241106;102946;720.6;16;11386681887;S
20241106;102946;720.4;55;11386681888;S
20241106;102946;720.4;20;11386681889;S
20241106;102946;720.4;10;11386681890;S
20241106;102946;720.4;19;11386681891;S
20241106;102957;721;140;11386684816;B
20241106;102957;721.2;9;11386684817;B
20241106;102957;721.2;60;11386684818;B
20241106;102957;721.2;40;11386684819;B
20241106;102957;721.4;3;11386684820;B
20241106;102957;721.6;73;11386684821;B
20241106;102957;721.8;4;11386684822;B
20241106;102957;721.8;6;11386684823;B
20241106;102957;721.8;26;11386684824;B
20241106;102957;722;1400;11386684825;B
20241106;102957;722.6;4;11386684826;B
20241106;102957;722.8;1;11386684827;B
20241106;102957;722.8;12;11386684828;B
20241106;102957;722.8;256;11386684829;B
20241106;102957;723;817;11386684830;B
20241106;102957;723;50;11386684831;B
20241106;102957;723;1000;11386684832;B
20241106;102957;723;1;11386684833;B
20241106;102957;723;1;11386684834;B
20241106;102957;723.2;5;11386684835;B
20241106;102957;723.2;17;11386684836;B
20241106;102957;723.6;37;11386684837;B
20241106;102957;723.6;49;11386684838;B
20241106;102957;724.4;10;11386684839;B
20241106;102957;724.4;4;11386684840;B
20241106;102957;724.6;6;11386684841;B
20241106;102957;724.6;6;11386684842;B
20241106;102957;724.6;5;11386684843;B
20241106;102957;724.8;50;11386684844;B
20241106;102957;724.8;300;11386684845;B
20241106;102957;725;27;11386684846;B
20241106;103037;722.8;1;11386694767;B
20241106;103037;722.8;1;11386694869;B
20241106;103053;723;7;11386698643;S
20241106;103053;722.4;10;11386698644;S
20241106;103053;722.4;40;11386698645;S
20241106;103053;722.4;58;11386698646;S
20241106;103053;722.2;15;11386698647;S
20241106;103053;721.8;14;11386698648;S
20241106;103053;721.4;10;11386698649;S
20241106;103053;721.2;390;11386698650;S
20241106;103053;721;5;11386698651;S
20241106;103053;720.4;17;11386698652;S
20241106;103053;720.2;3;11386698653;S
20241106;103053;720.2;140;11386698654;S
20241106;103053;720.2;390;11386698655;S
20241106;103053;720;5;11386698656;S
20241106;103053;720;60;11386698657;S
20241106;103053;720;78;11386698658;S
20241106;103053;719.8;5;11386698659;S
20241106;103053;719.8;3;11386698660;S
20241106;103053;719.8;786;11386698661;S
20241106;103053;719.4;1;11386698662;S
20241106;103053;719.2;9;11386698663;S
20241106;103053;719.2;2;11386698664;S
20241106;103053;718.8;3;11386698665;S
20241106;103053;718.6;3;11386698666;S
20241106;103053;718.4;2;11386698667;S
20241106;103053;718.4;14;11386698668;S
20241106;103053;718.2;1;11386698669;S
20241106;103053;718.2;3;11386698670;S
20241106;103053;718;2;11386698671;S
20241106;103053;717.8;2;11386698672;S
20241106;103053;717.8;500;11386698673;S
20241106;103053;717.6;60;11386698674;S
20241106;103053;717.2;10;11386698675;S
20241106;103053;717;5;11386698676;S
20241106;103053;717;28;11386698677;S
20241106;103053;717;80;11386698678;S
20241106;103053;717;60;11386698679;S
20241106;103053;716.8;20;11386698680;S
20241106;103053;716.4;4;11386698681;S
20241106;103053;716.2;60;11386698682;S
20241106;103053;716.2;25;11386698683;S
20241106;103053;716.2;15;11386698684;S
20241106;103053;716.2;55;11386698685;S
20241106;103053;723.6;10;11386698774;B
20241106;103053;721.4;150;11386698777;S
20241106;103053;721.4;50;11386698778;S
20241106;103054;722.4;2;11386698938;S
20241106;103054;722.4;1;11386698939;S
20241106;103054;722;3;11386698940;S
20241106;103054;722.4;40;11386699010;S
20241106;103054;721.6;5;11386699083;B
20241106;103103;720.2;43;11386702149;B
20241106;103108;720.4;14;11386703618;S
20241106;103108;720.4;11;11386703619;S
20241106;103115;719.8;1;11386705341;S
20241106;103115;719.8;12;11386705342;S
20241106;103121;719.4;1;11386706912;S
20241106;103125;720.2;12;11386707759;B
20241106;103149;720;1;11386713609;B
20241106;103159;719.2;8;11386717691;S
20241106;103203;720;2;11386718786;B
20241106;103204;719.6;1;11386719065;S
20241106;103204;719.6;1;11386719066;S
20241106;103218;719.4;10;11386724963;S
20241106;103243;720;27;11386732844;B
20241106;103243;720;5;11386732845;B
20241106;103243;720.2;100;11386732846;B
20241106;103243;720.4;4;11386732954;B
20241106;103244;721;1;11386733180;B
20241106;103250;721;1;11386734120;B
20241106;103312;720.6;1;11386738306;S
20241106;103312;720.6;9;11386738307;S
20241106;103312;720.6;40;11386738308;S
20241106;103317;721;12;11386739276;B
20241106;103324;721;7;11386740444;B
20241106;103400;720.2;30;11386746865;S
20241106;103414;720.4;2;11386749227;B
20241106;103415;720.2;5;11386749312;S
20241106;103415;720.2;9;11386749360;S
20241106;103417;720.4;5;11386749651;B
20241106;103418;720.4;2;11386749814;B
20241106;103418;720.4;21;11386749860;B
20241106;103418;720.4;10;11386749861;B
20241106;103420;720.6;5;11386750239;B
20241106;103422;721;9;11386750508;B
20241106;103422;721;20;11386750509;B
20241106;103422;721;1;11386750510;B
20241106;103428;721.4;6;11386751318;B
20241106;103500;721.6;1;11386755967;B
20241106;103501;721.6;1;11386756053;S
20241106;103506;721.8;1;11386757633;B
20241106;103506;721.8;8;11386757634;B
20241106;103506;721.8;9;11386757715;B
20241106;103508;721.8;1;11386758356;B
20241106;103509;721.8;9;11386758797;B
20241106;103512;721.8;3;11386759944;B
20241106;103512;721.8;2;11386759945;B
20241106;103513;722;4;11386760298;S
20241106;103534;722;1;11386766056;B
20241106;103534;722;53;11386766057;B
20241106;103534;722;40;11386766058;B
20241106;103534;722.2;6;11386766059;B
20241106;103557;722.2;19;11386769602;B
20241106;103615;722.2;5;11386772680;B
20241106;103615;722.2;16;11386772681;B
20241106;103615;722.2;19;11386772682;B
20241106;103615;722.4;14;11386772683;B
20241106;103615;722.6;40;11386772684;B
20241106;103615;723;1;11386772685;B
20241106;103615;723;20;11386772686;B
20241106;103615;723;15;11386772687;B
20241106;103615;723.4;60;11386772688;B
20241106;103615;723.6;5;11386772689;B
20241106;103615;723.6;105;11386772690;B
20241106;103631;723.2;3;11386775401;B
20241106;103641;722.2;7;11386777409;S
20241106;103642;722.2;60;11386777802;B
20241106;103650;722.2;4;11386779753;B
20241106;103656;722;1;11386781322;S
20241106;103656;722;2;11386781323;S
20241106;103708;722.2;16;11386783857;B
20241106;103711;722;8;11386784340;S
20241106;103711;721.6;410;11386784341;S
20241106;103711;721.6;13;11386784342;S
20241106;103711;721.6;40;11386784343;S
20241106;103711;720.6;78;11386784344;S
20241106;103711;720.6;450;11386784345;S
20241106;103711;720.4;1;11386784346;S
20241106;103722;720.6;6;11386788234;S
20241106;103722;720.6;6;11386788235;S
20241106;103730;721.4;1;11386792025;B
20241106;103730;721.4;6;11386792026;B
20241106;103734;721.2;1;11386793466;B
20241106;103744;720.4;7;11386798112;S
20241106;103754;721.4;5;11386802087;B
20241106;103754;721.4;15;11386802088;B
20241106;103831;721.6;5;11386816282;B
20241106;103831;721.6;20;11386816283;B
20241106;103836;720.8;1;11386817319;S
20241106;103836;720.8;1;11386817320;S
20241106;103836;720.8;1;11386817321;S
20241106;103836;720.6;3;11386817322;S
20241106;103837;720.4;2;11386817484;S
20241106;103839;721.4;2;11386817772;B
20241106;103852;721.4;1;11386821304;B
20241106;103900;721.6;1;11386823766;B
20241106;103900;721.6;40;11386823767;B
20241106;103900;721.8;20;11386823768;B
20241106;103917;721.6;1;11386828380;B
20241106;103924;722;20;11386830189;B
20241106;103935;722;5;11386832012;B
20241106;104027;721.8;5;11386842248;S
20241106;104027;721.8;33;11386842249;S
20241106;104050;722;10;11386849152;B
20241106;104056;722;1;11386850316;B
20241106;104137;722;50;11386865049;B
20241106;104150;722;5;11386868949;B
20241106;104157;722;196;11386870785;B
20241106;104157;722.6;11;11386870786;B
20241106;104157;723;2;11386870787;B
20241106;104157;723;59;11386870788;B
20241106;104157;723.2;150;11386870789;B
20241106;104157;723.4;5;11386870790;B
20241106;104157;723.6;1;11386870791;B
20241106;104157;723.8;140;11386870792;B
20241106;104157;723.8;390;11386870793;B
20241106;104157;723.8;265;11386870794;B
20241106;104157;724;3;11386870795;B
20241106;104157;724;739;11386870796;B
20241106;104157;724.2;4;11386870797;B
20241106;104157;724.2;500;11386870798;B
20241106;104157;724.4;14;11386870799;B
20241106;104157;724.4;9;11386870800;B
20241106;104157;724.4;102;11386870801;B
20241106;104157;724.6;3;11386870802;B
20241106;104157;724.8;4;11386870803;B
20241106;104157;724.8;3;11386870804;B
20241106;104157;724.8;2;11386870805;B
20241106;104157;724.8;500;11386870806;B
20241106;104157;724.8;1000;11386870807;B
20241106;104157;725;1;11386870808;B
20241106;104157;725;25;11386870809;B
20241106;104157;725;100;11386870810;B
20241106;104157;725;29;11386870811;B
20241106;104157;725;17;11386870812;B
20241106;104212;725.2;10;11386874084;S
20241106;104219;725.4;1;11386875531;B
20241106;104220;725.2;40;11386875647;S
20241106;104220;725.2;60;11386875648;S
20241106;104220;725.2;15;11386875649;S
20241106;104225;725;113;11386876574;S
20241106;104225;725;3;11386876709;S
20241106;104230;725;2;11386877416;S
20241106;104230;725.2;63;11386877577;B
20241106;104232;725;6;11386877913;S
20241106;104235;725.2;101;11386878349;B
20241106;104244;725.2;1;11386880207;B
20241106;104254;725.2;7;11386882483;B
20241106;104321;725.2;3;11386888806;B
20241106;104321;725.2;1;11386888807;B
20241106;104321;725.2;100;11386888808;B
20241106;104327;725.2;1;11386889814;S
20241106;104329;725.2;1;11386890233;S
20241106;104330;725.2;10;11386890242;S
20241106;104330;725.2;40;11386890243;S
20241106;104330;725.2;5;11386890244;S
20241106;104330;725.2;25;11386890245;S
20241106;104400;725;10;11386894977;S
20241106;104428;725.2;23;11386904700;B
20241106;104428;725.2;44;11386904701;B
20241106;104428;725.4;10;11386904702;B
20241106;104428;725.6;4;11386904703;B
20241106;104451;725.2;10;11386912219;S
20241106;104456;725.6;18;11386913735;B
20241106;104515;725.6;2;11386919606;S
20241106;104612;725.6;2;11386933910;S
20241106;104617;725.8;1;11386935424;B
20241106;104622;725.8;5;11386936748;B
20241106;104622;725.8;6;11386936749;B
20241106;104622;726;39;11386936750;B
20241106;104624;726;8;11386937206;B
20241106;104627;726;3;11386938250;B
20241106;104627;726;1;11386938251;B
20241106;104627;726;4;11386938252;B
20241106;104627;726;2;11386938253;B
20241106;104627;726.2;4;11386938254;B
20241106;104627;726.2;6;11386938255;B
20241106;104627;726.4;4;11386938256;B
20241106;104627;726.4;4;11386938257;B
20241106;104627;726.4;5;11386938258;B
20241106;104627;726.6;3;11386938259;B
20241106;104627;726.6;1;11386938260;B
20241106;104627;726.6;140;11386938261;B
20241106;104627;726.6;5;11386938262;B
20241106;104627;726.8;100;11386938263;B
20241106;104627;726.8;7;11386938264;B
20241106;104627;726.8;11;11386938265;B
20241106;104704;726.8;2;11386948677;B
20241106;104704;727;1;11386948678;B
20241106;104704;727;5;11386948679;B
20241106;104704;727;5;11386948680;B
20241106;104704;727;1;11386948681;B
20241106;104704;727;1;11386948682;B
20241106;104704;727;37;11386948683;B
20241106;104705;726.8;1;11386948785;S
20241106;104705;727;10;11386948799;B
20241106;104705;726.8;18;11386948808;S
20241106;104710;726.8;1;11386950002;S
20241106;104711;727;53;11386950065;B
20241106;104711;727.4;1;11386950066;B
20241106;104711;727.4;2;11386950067;B
20241106;104711;727.4;1;11386950068;B
20241106;104711;727.4;34;11386950069;B
20241106;104711;727.6;115;11386950151;B
20241106;104717;727.6;2;11386952748;B
20241106;104724;727.6;25;11386956073;B
20241106;104748;727.4;2;11386965565;S
20241106;104748;727.4;18;11386965566;S
20241106;104753;727.6;15;11386967144;B
20241106;104754;727.6;7;11386967484;B
20241106;104819;727.6;2;11386973805;B
20241106;104839;727.2;4;11386979375;B
20241106;104839;727.2;6;11386979376;B
20241106;104841;727.2;3;11386979603;B
20241106;104841;727.2;28;11386979604;B
20241106;104841;727.2;10;11386979605;B
20241106;104841;727.4;40;11386979606;B
20241106;104841;727.4;8;11386979607;B
20241106;104841;727.6;134;11386979608;B
20241106;104841;727.6;110;11386979609;B
20241106;104841;727.6;5;11386979610;B
20241106;104841;728;2;11386979611;B
20241106;104841;728.4;4;11386979612;B
20241106;104841;728.4;2;11386979613;B
20241106;104841;728.4;15;11386979614;B
20241106;104841;728.6;140;11386979615;B
20241106;104841;728.8;176;11386979616;B
20241106;104841;728.8;2;11386979617;B
20241106;104841;728.8;2;11386979618;B
20241106;104841;728.8;2;11386979619;B
20241106;104841;729;1;11386979620;B
20241106;104841;729;100;11386979621;B
20241106;104841;729;66;11386979622;B
20241106;104857;728.2;15;11386984016;B
20241106;104911;727.6;1;11386987114;S
20241106;104919;727.4;1;11386988946;S
20241106;104924;727.2;1;11386989603;S
20241106;104939;727.2;47;11386992405;B
20241106;104939;727.2;40;11386992406;B
20241106;105010;727.6;9;11386999946;B
20241106;105010;727.8;17;11386999947;B
20241106;105010;727.8;24;11386999948;B
20241106;105024;727.8;48;11387006459;B
20241106;105024;728;10;11387006460;B
20241106;105024;728;40;11387006461;B
20241106;105024;728.2;1;11387006462;B
20241106;105024;728.2;1;11387006463;B
20241106;105024;728.4;10;11387006464;B
20241106;105024;728.6;1;11387006465;B
20241106;105024;728.6;3;11387006466;B
20241106;105040;727.8;3;11387012842;S
20241106;105048;727.8;1;11387014822;S
20241106;105048;728;1;11387014838;B
20241106;105055;727.8;50;11387016051;S
20241106;105056;727.8;1;11387016198;S
20241106;105057;728;1;11387016392;B
20241106;105057;728.2;16;11387016393;B
20241106;105129;727.8;5;11387022221;S
20241106;105131;728.4;15;11387022708;B
20241106;105141;727.8;86;11387024692;S
20241106;105142;727.8;6;11387024875;S
20241106;105143;728;20;11387024950;B
20241106;105143;728;2;11387024951;B
20241106;105143;728;40;11387024952;B
20241106;105143;728.4;38;11387024953;B
20241106;105155;727.8;48;11387026747;S
20241106;105155;727.6;2;11387026748;S
20241106;105203;728;20;11387027920;B
20241106;105225;728;5;11387032666;B
20241106;105225;728;40;11387032667;B
20241106;105225;728;1;11387032668;B
20241106;105225;728;19;11387032669;B
20241106;105229;728;481;11387033281;B
20241106;105229;728;40;11387033282;B
20241106;105229;728;50;11387033283;B
20241106;105229;728.2;71;11387033284;B
20241106;105229;728.2;50;11387033285;B
20241106;105229;728.4;50;11387033286;B
20241106;105229;728.4;25;11387033287;B
20241106;105229;728.6;123;11387033288;B
20241106;105229;728.6;26;11387033289;B
20241106;105229;728.6;25;11387033290;B
20241106;105229;728.8;50;11387033291;B
20241106;105229;728.8;9;11387033292;B
20241106;105240;728.8;25;11387035345;B
20241106;105240;728.8;1;11387035346;B
20241106;105240;728.8;40;11387035347;B
20241106;105240;728.8;134;11387035348;B
20241106;105347;728.6;1;11387052156;B
20241106;105347;728.6;19;11387052157;B
20241106;105350;728.6;20;11387052673;B
20241106;105359;728.6;22;11387054040;B
20241106;105359;728.6;8;11387054041;B
20241106;105406;728.6;30;11387054858;B
20241106;105408;728.6;2;11387055076;B
20241106;105408;728.6;6;11387055077;B
20241106;105408;728.8;1;11387055078;B
20241106;105408;728.8;1;11387055079;B
20241106;105408;728.8;11;11387055080;B
20241106;105408;728.8;9;11387055081;B
20241106;105420;728.8;15;11387056422;B
20241106;105420;728.8;11;11387056423;B
20241106;105420;728.8;25;11387056424;B
20241106;105420;728.8;40;11387056425;B
20241106;105420;729;34;11387056426;B
20241106;105420;729;1;11387056427;B
20241106;105420;729;1;11387056428;B
20241106;105420;729;3;11387056429;B
20241106;105431;728;50;11387057963;S
20241106;105435;728.8;10;11387058660;B
20241106;105526;728.6;6;11387066357;B
20241106;105632;728.2;8;11387083017;B
20241106;105643;728.6;28;11387086592;S
20241106;105643;728.6;40;11387086593;S
20241106;105643;728.6;42;11387086594;S
20241106;105654;728.6;24;11387090325;B
20241106;105705;728.6;10;11387093680;B
20241106;105726;728.6;5;11387098194;B
20241106;105732;728.6;2;11387099186;B
20241106;105742;728.2;1;11387101332;S
20241106;105742;728.2;87;11387101333;S
20241106;105810;728.6;1;11387107070;B
20241106;105818;728.6;400;11387108605;B
20241106;105822;728.6;1;11387109336;B
20241106;105823;728.6;2;11387109607;B
20241106;105836;728.6;136;11387112535;B
20241106;105852;728.2;81;11387117104;S
20241106;105855;728.6;24;11387117915;B
20241106;105858;728.2;1;11387118808;S
20241106;105904;728.6;24;11387120004;B
20241106;105906;728.2;78;11387120369;S
20241106;105906;728.2;40;11387120370;S
20241106;105906;728;50;11387120371;S
20241106;105906;728;2;11387120372;S
20241106;105906;727.8;120;11387120373;S
20241106;105906;727.6;130;11387120374;S
20241106;105906;727.4;150;11387120375;S
20241106;105906;727.2;13;11387120376;S
20241106;105906;727.2;200;11387120377;S
20241106;105906;726.8;17;11387120378;S
20241106;105917;727.8;50;11387123208;B
20241106;105925;728;1;11387127000;S
20241106;105937;728.4;2;11387131914;B
20241106;105943;728.4;1;11387133318;B
20241106;110006;728.4;5;11387140289;S
20241106;110008;728.6;81;11387141169;B
20241106;110031;728.6;50;11387148025;B
20241106;110031;728.6;66;11387148114;B
20241106;110036;728.4;1;11387149276;S
20241106;110041;728.6;1;11387150105;B
20241106;110046;728.6;83;11387151320;B
20241106;110053;728.4;1;11387153030;S
20241106;110059;728.6;24;11387154403;B
20241106;110111;728.6;1;11387158615;B
20241106;110114;728.2;5;11387160006;S
20241106;110132;728.6;41;11387165710;B
20241106;110133;728.4;5;11387166096;S
20241106;110208;728.6;1;11387175666;B
20241106;110222;728.2;7;11387181064;S
20241106;110228;728.2;2;11387183774;S
20241106;110235;728.2;2;11387186954;S
20241106;110242;728.2;4;11387190466;S
20241106;110243;728.2;4;11387190522;S
20241106;110244;728.2;4;11387190831;S
20241106;110304;728.2;12;11387196616;S
20241106;110319;728.4;43;11387200907;B
20241106;110319;728.6;32;11387200908;B
20241106;110329;728.2;4;11387203381;S
20241106;110332;728.2;36;11387204163;S
20241106;110332;728.2;41;11387204164;S
20241106;110348;728.6;30;11387207678;B
20241106;110349;728.4;4;11387208149;S
20241106;110352;728.6;20;11387208676;B
20241106;110354;728.4;4;11387209302;S
20241106;110356;728.4;4;11387210051;S
20241106;110357;728.6;231;11387210151;B
20241106;110357;728.6;119;11387210152;B
20241106;110357;728.4;5;11387210276;S
20241106;110358;728.6;1;11387210445;B
20241106;110400;728.4;8;11387211165;S
20241106;110409;728.4;4;11387214046;S
20241106;110413;728.4;2;11387215448;S
20241106;110413;728.2;1;11387215449;S
20241106;110413;728;3;11387215450;S
20241106;110427;728;3;11387219403;S
20241106;110427;728;41;11387219404;S
20241106;110427;727.8;20;11387219405;S
20241106;110427;727.8;36;11387219406;S
20241106;110436;727.6;5;11387221480;S
20241106;110444;728;2;11387223116;S
20241106;110444;727.8;4;11387223117;S
20241106;110519;727.4;2;11387235276;S
20241106;110547;728;2;11387247691;B
20241106;110547;728;98;11387247692;B
20241106;110559;728;300;11387250478;B
20241106;110601;728;1;11387251286;B
20241106;110616;728;1;11387255922;B
20241106;110619;727.4;4;11387256681;S
20241106;110645;727.4;3;11387263184;S
20241106;110702;728;42;11387268946;B
20241106;110719;727.4;6;11387274228;S
20241106;110737;728;58;11387279142;B
20241106;110737;728;62;11387279143;B
20241106;110742;728;18;11387280708;B
20241106;110742;728;1;11387280709;B
20241106;110742;728.2;15;11387280710;B
20241106;110742;728.4;5;11387280711;B
20241106;110742;728.4;30;11387280712;B
20241106;110742;728.4;15;11387280713;B
20241106;110742;728.6;80;11387280714;B
20241106;110742;728.6;55;11387280715;B
20241106;110742;728.6;5;11387280716;B
20241106;110742;728.6;40;11387280717;B
20241106;110742;728.8;50;11387280718;B
20241106;110742;728.8;1;11387280719;B
20241106;110742;728.8;1;11387280720;B
20241106;110742;728.8;100;11387280721;B
20241106;110742;728.8;64;11387280722;B
20241106;110749;729;2;11387283281;B
20241106;110749;729;1;11387283282;B
20241106;110749;729;30;11387283283;B
20241106;110749;729;25;11387283284;B
20241106;110749;729;1;11387283285;B
20241106;110749;729.2;1;11387283286;B
20241106;110749;729.2;1;11387283287;B
20241106;110749;729.2;48;11387283288;B
20241106;110749;729.2;17;11387283289;B
20241106;110749;729.2;40;11387283290;B
20241106;110749;729.4;1;11387283291;B
20241106;110749;729.4;1;11387283292;B
20241106;110749;729.4;17;11387283293;B
20241106;110749;729.4;315;11387283294;B
20241106;110750;729.4;49;11387283436;B
20241106;110750;729.4;6;11387283437;B
20241106;110750;729.4;40;11387283438;B
20241106;110750;729.6;1;11387283439;B
20241106;110750;729.6;4;11387283440;B
20241106;110801;729;2;11387287103;B
20241106;110810;729;28;11387288895;B
20241106;110810;729.2;40;11387288896;B
20241106;110810;729.4;16;11387288897;B
20241106;110852;729.2;26;11387306825;S
20241106;110926;728.6;1;11387321074;S
20241106;110933;728.6;1;11387323765;S
20241106;110933;729;500;11387323771;B
20241106;111000;729.4;1;11387331883;B
20241106;111000;729.4;40;11387331884;B
20241106;111009;729.6;90;11387336031;B
20241106;111012;729.6;56;11387337077;B
20241106;111012;729.6;1;11387337078;B
20241106;111012;729.6;1;11387337079;B
20241106;111012;729.6;5;11387337080;B
20241106;111012;729.6;1;11387337081;B
20241106;111012;729.6;26;11387337082;B
20241106;111032;729.6;1;11387347436;B
20241106;111059;729.6;170;11387356968;B
20241106;111059;729.6;3;11387356969;B
20241106;111059;729.6;1;11387356970;B
20241106;111059;729.6;1;11387356971;B
20241106;111059;729.8;1;11387356972;B
20241106;111059;729.8;1;11387356973;B
20241106;111059;729.8;50;11387356974;B
20241106;111059;729.8;1;11387356975;B
20241106;111059;729.8;2;11387356976;B
20241106;111059;729.8;1;11387356977;B
20241106;111059;729.8;50;11387356978;B
20241106;111059;729.8;50;11387356979;B
20241106;111059;729.8;2;11387356980;B
20241106;111059;729.8;23;11387356981;B
20241106;111059;729.8;10;11387356982;B
20241106;111059;729.8;3;11387356983;B
20241106;111059;729.8;31;11387356984;B
20241106;111104;729.8;69;11387359253;B
20241106;111104;729.8;2;11387359254;B
20241106;111104;729.8;100;11387359255;B
20241106;111104;729.8;1;11387359256;B
20241106;111104;729.8;1;11387359257;B
20241106;111104;730;25;11387359258;B
20241106;111104;730;1;11387359259;B
20241106;111104;730;1;11387359260;B
20241106;111109;729.8;127;11387361447;B
20241106;111109;730;499;11387361448;B
20241106;111109;730;16;11387361449;B
20241106;111109;730;703;11387361450;B
20241106;111109;730;655;11387361451;B
20241106;111111;730;100;11387362171;B
20241106;111112;730;245;11387362312;B
20241106;111112;730;1;11387362313;B
20241106;111112;730;10;11387362314;B
20241106;111112;730;16;11387362315;B
20241106;111112;730;20;11387362316;B
20241106;111112;730;50;11387362317;B
20241106;111112;730;1;11387362318;B
20241106;111112;730;1;11387362319;B
20241106;111112;730;1;11387362320;B
20241106;111112;730;30;11387362321;B
20241106;111112;730;20;11387362322;B
20241106;111112;730;6;11387362323;B
20241106;111112;730.2;300;11387362324;B
20241106;111112;730.2;2;11387362325;B
20241106;111112;730.2;1;11387362326;B
20241106;111113;730.4;3;11387362562;B
20241106;111113;730.4;10;11387362563;B
20241106;111113;730.4;14;11387362564;B
20241106;111113;730.8;1;11387362786;B
20241106;111113;731;5;11387362787;B
20241106;111113;731;1;11387362788;B
20241106;111113;731;1;11387362789;B
20241106;111113;731;3;11387362790;B
20241106;111114;730.4;3;11387362937;S
20241106;111114;730.4;2;11387362938;S
20241106;111115;731;2;11387363136;B
20241106;111115;731;105;11387363137;B
20241106;111116;731;20;11387363446;B
20241106;111116;731;500;11387363633;B
20241106;111118;731;25;11387364488;B
20241106;111119;731;200;11387364647;B
20241106;111119;731;1;11387364648;B
20241106;111119;731;8;11387364649;B
20241106;111123;731;42;11387366291;B
20241106;111123;731.2;1;11387366292;B
20241106;111123;731.4;30;11387366293;B
20241106;111123;731.8;1;11387366294;B
20241106;111123;731.8;1;11387366295;B
20241106;111123;732;5;11387366296;B
20241106;111123;732;30;11387366297;B
20241106;111123;732;5;11387366298;B
20241106;111124;732;12;11387366631;B
20241106;111124;731.6;54;11387367160;B
20241106;111124;732;63;11387367161;B
20241106;111124;732;100;11387367162;B
20241106;111124;732.2;2;11387367163;B
20241106;111124;732.4;14;11387367164;B
20241106;111124;732.4;1;11387367165;B
20241106;111124;732.6;20;11387367166;B
20241106;111124;732.6;17;11387367167;B
20241106;111124;732.8;300;11387367168;B
20241106;111124;732.8;1;11387367169;B
20241106;111124;733;1;11387367170;B
20241106;111124;733;657;11387367171;B
20241106;111124;733;10;11387367172;B
20241106;111124;733;1;11387367173;B
20241106;111124;733.2;11;11387367174;B
20241106;111124;733.6;1;11387367175;B
20241106;111124;734.4;4;11387367176;B
20241106;111124;734.6;98;11387367177;B
20241106;111124;734.8;1;11387367178;B
20241106;111124;734.8;150;11387367179;B
20241106;111124;735;25;11387367180;B
20241106;111124;735;50;11387367181;B
20241106;111124;735;20;11387367182;B
20241106;111124;735;25;11387367183;B
20241106;111124;735;20;11387367184;B
20241106;111124;735;2;11387367185;B
20241106;111124;735;2;11387367186;B
20241106;111124;735;1;11387367187;B
20241106;111124;735;25;11387367188;B
20241106;111124;735;24;11387367189;B
20241106;111125;734.8;49;11387367338;B
20241106;111125;734.8;15;11387367339;B
20241106;111125;735;16;11387367340;B
20241106;111125;735;500;11387367341;B
20241106;111125;735;50;11387367342;B
20241106;111125;735;48;11387367343;B
20241106;111128;734.8;25;11387369240;B
20241106;111128;735;2;11387369241;B
20241106;111128;735;10;11387369242;B
20241106;111128;735;63;11387369243;B
20241106;111131;734.6;10;11387370592;B
20241106;111133;733.4;50;11387371286;S
20241106;111134;734.6;2;11387371635;B
20241106;111134;734.8;200;11387371636;B
20241106;111134;735;31;11387371637;B
20241106;111144;734.6;25;11387375166;B
20241106;111144;734.6;5;11387375167;B
20241106;111148;734;3;11387376810;S
20241106;111153;734;25;11387378901;S
20241106;111158;734.4;1;11387380623;S
20241106;111158;734.4;1;11387380624;S
20241106;111158;734.2;1;11387380625;S
20241106;111158;734;7;11387380626;S
20241106;111200;734;15;11387381273;S
20241106;111201;733.8;10;11387381700;B
20241106;111213;733.6;1;11387385318;S
20241106;111219;733.6;1;11387387235;B
20241106;111225;733.6;1;11387389130;S
20241106;111225;733.6;2;11387389131;S
20241106;111228;733.6;48;11387390011;S
20241106;111228;733.4;1;11387390012;S
20241106;111228;733.4;11;11387390013;S
20241106;111230;733.4;2;11387390426;B
20241106;111231;733.4;2;11387390606;B
20241106;111233;733.2;1;11387391590;S
20241106;111234;733.2;4;11387391765;B
20241106;111234;733.2;3;11387391766;B
20241106;111236;733;1;11387392642;B
20241106;111238;732.8;50;11387393674;B
20241106;111238;733;1;11387393675;B
20241106;111238;733;8;11387393676;B
20241106;111238;733.2;140;11387393677;B
20241106;111238;733.4;91;11387393678;B
20241106;111239;732.6;3;11387394153;S
20241106;111242;732.6;13;11387394890;S
20241106;111256;732;1;11387399026;S
20241106;111305;732;1;11387401859;S
20241106;111312;732;20;11387404419;S
20241106;111313;732;1;11387404759;S
20241106;111321;732;1;11387406745;S
20241106;111331;732.4;1;11387409750;B
20241106;111331;732.6;17;11387409751;B
20241106;111331;732.8;50;11387409752;B
20241106;111331;732.8;1;11387409754;S
20241106;111333;733;50;11387410127;B
20241106;111333;733;1;11387410128;B
20241106;111333;733.4;99;11387410129;B
20241106;111335;732.8;1;11387411248;S
20241106;111338;732.8;3;11387412340;S
20241106;111341;733;235;11387413068;B
20241106;111341;733;1;11387413069;B
20241106;111341;733.2;94;11387413070;B
20241106;111341;733.4;31;11387413071;B
20241106;111349;733;10;11387415467;B
20241106;111349;733.2;70;11387415468;B
20241106;111349;733.4;215;11387415469;B
20241106;111349;733.6;50;11387415470;B
20241106;111349;733.6;1;11387415471;B
20241106;111349;733.6;1;11387415472;B
20241106;111349;733.8;25;11387415473;B
20241106;111349;733.8;50;11387415474;B
20241106;111349;733.8;10;11387415475;B
20241106;111349;733.8;1;11387415476;B
20241106;111349;734;9;11387415477;B
20241106;111349;734.2;1;11387415478;B
20241106;111349;734.4;57;11387415479;B
20241106;111356;734;4;11387417698;S
20241106;111357;734;10;11387417921;S
20241106;111402;734;50;11387419927;S
20241106;111404;733.8;30;11387420698;B
20241106;111404;734;70;11387420699;B
20241106;111407;734;65;11387421364;B
20241106;111409;734;1;11387422275;B
20241106;111416;733.8;30;11387424112;S
20241106;111419;733.8;2;11387424761;B
20241106;111425;733.8;22;11387426570;B
20241106;111425;733.8;30;11387426573;S
20241106;111429;733.8;6;11387427795;S
20241106;111430;733.8;5;11387427913;S
20241106;111431;733.8;1;11387428179;B
20241106;111431;733.8;4;11387428232;S
20241106;111432;733.8;9;11387428480;B
20241106;111432;734;1;11387428481;B
20241106;111444;733.4;1;11387432105;B
20241106;111444;733.6;1;11387432106;B
20241106;111452;733.4;1;11387435341;B
20241106;111457;732.8;68;11387437087;S
20241106;111457;732.8;30;11387437088;S
20241106;111457;732.8;2;11387437106;B
20241106;111505;733.2;1;11387439835;B
20241106;111541;732.2;1;11387450000;S
20241106;111544;732.2;7;11387450928;S
20241106;111545;732.2;3;11387451307;B
20241106;111545;732.8;6;11387451308;B
20241106;111553;732;2;11387453976;S
20241106;111604;732;6;11387458376;S
20241106;111605;732;45;11387458840;B
20241106;111625;731.8;36;11387465352;S
20241106;111626;731.8;30;11387465546;S
20241106;111641;731.8;115;11387470519;S
20241106;111641;731.8;8;11387470722;S
20241106;111642;731.8;111;11387470889;S
20241106;111645;731.2;4;11387471693;S
20241106;111645;731;5;11387471694;S
20241106;111645;730.4;14;11387471695;S
20241106;111645;730.4;16;11387471696;S
20241106;111645;730.4;60;11387471697;S
20241106;111645;730.4;36;11387471698;S
20241106;111646;730.2;2;11387472051;S
20241106;111646;730.2;4;11387472129;B
20241106;111647;730.4;4;11387472282;B
20241106;111650;730.2;4;11387473181;B
20241106;111654;730;8;11387474472;S
20241106;111654;730.4;1;11387474625;B
20241106;111655;730;17;11387474803;S
20241106;111655;730;3;11387474804;S
20241106;111655;730;5;11387474805;S
20241106;111700;730;1;11387476187;B
20241106;111704;730;10;11387477352;B
20241106;111711;730;7;11387479272;B
20241106;111711;730;1;11387479273;B
20241106;111711;730;1;11387479274;B
20241106;111711;730;78;11387479275;B
20241106;111714;729.8;2;11387480592;S
20241106;111714;729.8;3;11387480593;S
20241106;111714;729.8;4;11387480594;S
20241106;111719;730;2;11387482227;B
20241106;111728;729.8;120;11387484824;S
20241106;111729;731.6;30;11387485335;B
20241106;111731;731.6;6;11387485959;B
20241106;111738;731.4;1;11387492815;B
20241106;111802;730.6;390;11387521154;S
20241106;111802;730.6;40;11387521155;S
20241106;111802;730.4;70;11387521156;S
20241106;111804;730.4;9;11387522757;S
20241106;111805;730.6;16;11387523588;S
20241106;111805;730.6;40;11387523589;S
20241106;111805;730.4;20;11387523590;S
20241106;111805;730.4;97;11387523591;S
20241106;111811;729.8;1;11387530124;S
20241106;111813;730.4;7;11387532761;B
20241106;111813;730.4;193;11387532762;B
20241106;111815;730.4;107;11387534879;B
20241106;111903;730.4;7;11387589989;S
20241106;111903;730.4;40;11387589990;S
20241106;111903;730.4;21;11387589991;S
20241106;111903;730.2;21;11387589992;S
20241106;111903;730.2;61;11387589993;S
20241106;111903;730;10;11387589994;S
20241106;111903;729.6;79;11387589995;S
20241106;111941;730.6;16;11387632458;B
20241106;111941;730.6;20;11387632459;B
20241106;111941;730.8;39;11387632460;B
20241106;112039;731;5;11387694788;B
20241106;112039;731;100;11387694789;B
20241106;112039;731;10;11387694790;B
20241106;112039;731.4;2;11387694791;B
20241106;112039;731.4;19;11387694792;B
20241106;112114;732;9;11387732911;B
20241106;112141;731.4;4;11387763226;S
20241106;112148;730.8;6;11387772038;S
20241106;112214;730.8;5;11387799925;S
20241106;112235;731;7;11387823915;S
20241106;112235;731;117;11387823916;S
20241106;112235;731;40;11387823917;S
20241106;112235;730.8;189;11387823918;S
20241106;112235;730.2;247;11387823919;S
20241106;112242;731.6;5;11387833170;S
20241106;112256;730;1;11387848389;S
20241106;112256;730;29;11387848390;S
20241106;112307;730.8;15;11387860815;B
20241106;112320;730;17;11387875824;S
20241106;112351;730;81;11387908011;S
20241106;112354;730;14;11387911859;S
20241106;112354;730;29;11387911862;S
20241106;112354;730;2;11387911863;S
20241106;112432;730;1;11387955661;B
20241106;112432;730.2;40;11387955662;B
20241106;112432;730.2;35;11387955663;B
20241106;112432;730.4;20;11387955664;B
20241106;112432;731;17;11387955665;B
20241106;112432;731;5;11387955666;B
20241106;112432;731.2;86;11387955667;B
20241106;112449;731;2;11387975818;S
20241106;112453;731;2;11387980287;S
20241106;112508;731;3;11387996858;S
20241106;112515;730.8;1;11388004420;B
20241106;112527;730.8;22;11388017018;B
20241106;112527;730.8;40;11388017019;B
20241106;112527;730.8;84;11388017020;B
20241106;112529;730.2;24;11388019113;S
20241106;112546;730.8;13;11388038081;B
20241106;112602;730.8;42;11388056027;B
20241106;112603;730;8;11388057492;S
20241106;112607;730.2;5;11388061017;S
20241106;112609;730.8;3;11388063854;B
20241106;112609;730.8;5;11388063855;B
20241106;112609;731;5;11388063856;B
20241106;112630;731;20;11388088884;B
20241106;112631;730.4;1;11388089070;S
20241106;112631;730.2;4;11388089071;S
20241106;112631;731;200;11388089708;B
20241106;112632;731;72;11388089897;B
20241106;112632;731;50;11388089898;B
20241106;112632;731;34;11388089899;B
20241106;112632;731.4;6;11388090484;B
20241106;112649;731.4;5;11388107161;B
20241106;112711;731.4;1;11388127822;S
20241106;112711;731.4;10;11388128178;S
20241106;112713;731.4;1;11388130556;S
20241106;112729;731.6;5;11388147767;B
20241106;112729;731.6;9;11388147768;B
20241106;112729;731.6;6;11388147769;B
20241106;112737;731.8;132;11388157465;B
20241106;112737;731.8;40;11388157466;B
20241106;112737;732;1;11388157467;B
20241106;112737;732;30;11388157468;B
20241106;112737;732.6;5;11388157469;B
20241106;112737;732.6;304;11388157470;B
20241106;112737;732.6;6;11388157471;B
20241106;112737;732.8;44;11388157472;B
20241106;112737;732.8;228;11388157473;B
20241106;112737;733;50;11388157474;B
20241106;112737;733;3;11388157475;B
20241106;112737;733.2;3;11388157476;B
20241106;112737;733.2;4;11388157477;B
20241106;112737;733.2;1;11388157478;B
20241106;112737;733.2;66;11388157479;B
20241106;112737;733.4;300;11388157480;B
20241106;112737;733.8;1;11388157481;B
20241106;112737;734;100;11388157482;B
20241106;112737;734;2;11388157483;B
20241106;112737;734;1;11388157484;B
20241106;112737;734;5;11388157485;B
20241106;112737;734;17;11388157486;B
20241106;112737;734.2;50;11388157487;B
20241106;112737;734.4;4;11388157488;B
20241106;112737;734.4;14;11388157489;B
20241106;112737;734.4;256;11388157490;B
20241106;112737;734.4;140;11388157491;B
20241106;112737;734.6;100;11388157492;B
20241106;112737;734.6;5;11388157493;B
20241106;112737;734.6;1;11388157494;B
20241106;112737;734.6;43;11388157495;B
20241106;112737;734.8;100;11388157496;B
20241106;112737;734.8;1;11388157497;B
20241106;112737;734.8;1;11388157498;B
20241106;112737;734.8;100;11388157499;B
20241106;112737;734.8;300;11388157500;B
20241106;112737;735;390;11388157501;B
20241106;112737;735;30;11388157502;B
20241106;112737;735;10;11388157503;B
20241106;112737;735;2;11388157504;B
20241106;112737;735;300;11388157505;B
20241106;112737;735;20;11388157506;B
20241106;112737;735;300;11388157507;B
20241106;112737;735;100;11388157508;B
20241106;112737;735;25;11388157509;B
20241106;112737;735;2;11388157510;B
20241106;112737;735;10;11388157511;B
20241106;112737;735;5;11388157512;B
20241106;112737;735;5;11388157513;B
20241106;112737;735.2;2;11388157514;B
20241106;112737;735.6;300;11388157515;B
20241106;112737;735.6;300;11388157516;B
20241106;112737;735.6;5;11388157517;B
20241106;112737;735.6;2;11388157518;B
20241106;112737;735.8;20;11388157519;B
20241106;112737;736;10;11388157520;B
20241106;112737;736;80;11388157521;B
20241106;112737;736;10;11388157522;B
20241106;112737;736;20;11388157523;B
20241106;112737;736;10;11388157524;B
20241106;112737;736;500;11388157525;B
20241106;112737;736;84;11388157526;B
20241106;112808;732.8;100;11388193528;B
20241106;112819;732.2;1;11388205618;S
20241106;112820;732.6;1;11388206583;B
20241106;112820;732.6;25;11388206584;B
20241106;112831;732;3;11388219652;S
20241106;112845;732.2;1;11388236254;S
20241106;112856;732.2;13;11388248906;S
20241106;112905;732.4;5;11388259679;S
20241106;112906;732.4;14;11388260066;S
20241106;112906;732.2;5;11388260067;S
20241106;112910;732.2;7;11388264588;S
20241106;112916;732.2;4;11388270956;S
20241106;112920;732.2;3;11388275640;S
20241106;112923;732.2;1;11388279061;S
20241106;112927;732.8;8;11388284538;B
20241106;112933;732.2;60;11388290735;S
20241106;112946;732.4;1;11388306297;S
20241106;113009;732.2;720;11388329648;S
20241106;113009;732.2;29;11388329649;S
20241106;113009;732.2;40;11388329650;S
20241106;113009;732;29;11388329651;S
20241106;113018;732;3;11388338547;B
20241106;113020;732;20;11388340630;B
20241106;113026;731.4;8;11388347923;S
20241106;113026;731.4;1;11388347924;S
20241106;113026;731.4;5;11388347925;S
20241106;113026;731.4;16;11388347926;S
20241106;113036;731.4;15;11388358809;S
20241106;113040;731.4;9;11388363437;S
20241106;113040;731.4;28;11388363438;S
20241106;113121;732;1659;11388410750;B
20241106;113121;732;1;11388410751;B
20241106;113126;732;3;11388415865;B
20241106;113134;731.6;1;11388424917;S
20241106;113135;732;6;11388426133;B
20241106;113135;732;44;11388426134;B
20241106;113137;732;14;11388429148;B
20241106;113137;732;1;11388429149;B
20241106;113154;732.2;1;11388449247;S
20241106;113215;732.2;2;11388474014;S
20241106;113225;732;85;11388485649;S
20241106;113225;732;4;11388485650;S
20241106;113225;731.8;40;11388485651;S
20241106;113225;731.6;390;11388485652;S
20241106;113225;731.4;30;11388485653;S
20241106;113225;731.4;126;11388485654;S
20241106;113225;731.2;10;11388485655;S
20241106;113225;731.2;115;11388485656;S
20241106;113313;732.2;1;11388538887;B
20241106;113331;732;1;11388558088;S
20241106;113331;732;3;11388558693;S
20241106;113332;732;44;11388559947;S
20241106;113347;732;2;11388577780;S
20241106;113452;731.8;1;11388653732;B
20241106;113458;731.2;8;11388660170;S
20241106;113508;731.8;1;11388671315;B
20241106;113508;732;98;11388671316;B
20241106;113508;732;2;11388671317;B
20241106;113508;732;34;11388671318;B
20241106;113508;732.2;200;11388671319;B
20241106;113508;732.2;41;11388671320;B
20241106;113508;732.8;50;11388671321;B
20241106;113508;732.8;42;11388671322;B
20241106;113508;732.8;60;11388671323;B
20241106;113508;733;100;11388671324;B
20241106;113508;733;1;11388671325;B
20241106;113508;733.4;8;11388671326;B
20241106;113508;733.8;1;11388671327;B
20241106;113508;734;30;11388671328;B
20241106;113508;734;100;11388671329;B
20241106;113508;734.2;12;11388671330;B
20241106;113508;734.4;4;11388671331;B
20241106;113508;734.4;1;11388671332;B
20241106;113508;734.4;5;11388671333;B
20241106;113508;734.6;4;11388671334;B
20241106;113508;734.6;140;11388671335;B
20241106;113508;734.6;390;11388671336;B
20241106;113508;734.8;100;11388671337;B
20241106;113508;734.8;9;11388671338;B
20241106;113508;735;1000;11388671339;B
20241106;113508;735;6;11388671340;B
20241106;113508;735;100;11388671341;B
20241106;113508;735;1;11388672333;S
20241106;113508;735;100;11388672679;S
20241106;113510;735;18529;11388673969;S
20241106;113510;735;16;11388673970;S
20241106;113512;735;500;11388676350;S
20241106;113512;735;92;11388676351;S
20241106;113512;735;50;11388676795;S
20241106;113512;735;100;11388677052;S
20241106;113513;735;25;11388677436;S
20241106;113513;735;500;11388677602;S
20241106;113513;735;75;11388677648;S
20241106;113513;735;30;11388678075;S
20241106;113513;735;20;11388678202;S
20241106;113513;735;124;11388678208;S
20241106;113513;735;1;11388678211;S
20241106;113513;735;20;11388678219;S
20241106;113513;735;100;11388678270;S
20241106;113513;735;124;11388678274;S
20241106;113513;735;20;11388678275;S
20241106;113514;735;20;11388678365;S
20241106;113514;735;20;11388678676;S
20241106;113514;735;500;11388678861;S
20241106;113514;735;20;11388679074;S
20241106;113514;735;100;11388679402;S
20241106;113514;735;50;11388679406;S
20241106;113514;735;20;11388679454;S
20241106;113514;735;2016;11388679639;S
20241106;113516;734.8;83;11388681558;B
20241106;113517;733.4;1;11388683034;S
20241106;113517;733.4;2;11388683035;S
20241106;113518;733.8;7;11388683550;S
20241106;113518;733.8;6;11388684307;S
20241106;113523;734.2;2;11388690633;S
20241106;113538;734;50;11388701040;S
20241106;113548;733.8;1;11388702303;S
20241106;113558;733.8;7;11388704083;S
20241106;113558;733.8;20;11388704084;S
20241106;113558;733.8;24;11388704085;S
20241106;113609;733.8;180;11388706489;B
20241106;113618;733.6;1;11388707305;S
20241106;113618;733.6;1;11388707317;S
20241106;113620;733.6;1;11388707666;S
20241106;113700;733.6;10;11388715180;S
20241106;113712;733.6;1;11388716977;S
20241106;113715;733.6;6;11388717209;S
20241106;113715;733.6;25;11388717210;S
20241106;113715;733.6;15;11388717211;S
20241106;113715;733.6;20;11388717212;S
20241106;113715;733.4;20;11388717213;S
20241106;113715;733.4;40;11388717214;S
20241106;113715;733.4;74;11388717215;S
20241106;113725;733.6;8;11388718636;S
20241106;113725;733.4;7;11388718637;S
20241106;113730;733.6;5;11388719561;S
20241106;113735;733.6;3;11388720817;S
20241106;113735;733.6;1;11388720818;S
20241106;113743;733.8;9;11388722815;B
20241106;113744;733.6;3;11388723613;S
20241106;113745;733.8;6;11388723690;B
20241106;113804;733.6;40;11388727030;S
20241106;113805;733.6;21;11388727124;S
20241106;113805;733.6;19;11388727125;S
20241106;113822;733.8;4;11388730879;B
20241106;113822;733.8;50;11388730880;B
20241106;113822;733.8;46;11388730881;B
20241106;113822;733.8;120;11388730931;B
20241106;113826;733.8;24;11388731959;B
20241106;113830;733.8;2;11388732661;B
20241106;113851;733.6;1;11388735512;S
20241106;113853;733.8;3;11388735920;B
20241106;113857;733.8;54;11388736387;B
20241106;113906;733.8;1;11388738242;B
20241106;113914;733.8;250;11388739797;B
20241106;113914;733.8;1;11388739798;B
20241106;113914;733.8;3;11388739799;B
20241106;113914;733.8;100;11388739800;B
20241106;113914;733.8;1;11388739801;B
20241106;113914;733.8;1;11388739802;B
20241106;113914;734;10;11388739803;B
20241106;113914;734;53;11388739804;B
20241106;113914;734;47;11388739917;B
20241106;113914;734;2;11388739918;B
20241106;113914;734.4;28;11388739919;B
20241106;113915;734.4;17;11388740170;B
20241106;113915;734.4;191;11388740171;B
20241106;113916;734.4;40;11388740328;B
20241106;113920;734.4;9;11388740902;B
20241106;113920;734.8;2;11388740903;B
20241106;113920;734.8;29;11388740904;B
20241106;113941;734.8;4;11388744376;B
20241106;113942;734.8;4;11388744454;B
20241106;114005;733.6;100;11388747658;S
20241106;114006;733.4;5;11388747929;S
20241106;114016;733.4;3;11388749486;S
20241106;114017;733.6;2;11388749616;S
20241106;114028;733.6;40;11388751727;S
20241106;114031;733.6;40;11388752246;S
20241106;114041;733.6;2;11388754250;S
20241106;114041;733.6;8;11388754251;S
20241106;114041;733.6;4;11388754335;S
20241106;114042;733.6;4;11388754387;S
20241106;114043;734;4;11388754554;B
20241106;114043;734.2;4;11388754555;B
20241106;114043;734.2;2;11388754556;B
20241106;114110;734.2;10;11388759667;B
20241106;114110;734.2;8;11388759668;B
20241106;114110;734.2;10;11388759669;B
20241106;114110;734.2;50;11388759670;B
20241106;114110;734.4;4;11388759671;B
20241106;114110;734.4;8;11388759672;B
20241106;114110;734.6;50;11388759673;B
20241106;114110;734.6;4;11388759674;B
20241106;114110;734.6;140;11388759675;B
20241106;114110;734.8;13;11388759676;B
20241106;114110;734.8;100;11388759677;B
20241106;114110;734.8;50;11388759678;B
20241106;114110;735;10;11388759679;B
20241106;114110;735;100;11388759680;B
20241106;114110;735;4;11388759681;B
20241106;114110;735.2;5;11388759682;B
20241106;114110;735.2;300;11388759683;B
20241106;114110;735.4;36;11388759684;B
20241106;114110;735.6;98;11388759685;B
20241106;114118;734.8;1;11388761917;S
20241106;114118;734.8;40;11388761918;S
20241106;114118;734.6;6;11388761919;S
20241106;114118;734.4;6;11388761920;S
20241106;114118;733.4;2;11388761921;S
20241106;114118;733;45;11388761922;S
20241106;114127;734.8;16;11388764911;B
20241106;114127;735;30;11388764912;B
20241106;114127;735.4;140;11388764913;B
20241106;114127;735.4;45;11388764914;B
20241106;114127;735.6;2;11388764915;B
20241106;114127;735.6;100;11388764916;B
20241106;114127;735.6;10;11388764917;B
20241106;114127;735.8;2;11388764918;B
20241106;114127;736;16;11388764919;B
20241106;114127;736;9;11388764920;B
20241106;114127;736;86;11388764921;B
20241106;114127;736;1;11388764922;B
20241106;114127;736;20;11388764923;B
20241106;114127;736;40;11388764924;B
20241106;114127;736;100;11388764925;B
20241106;114127;736.2;40;11388764926;B
20241106;114127;736.2;100;11388764927;B
20241106;114127;736.4;4;11388764928;B
20241106;114127;736.4;1;11388764929;B
20241106;114127;736.6;24;11388764930;B
20241106;114127;736.8;50;11388764931;B
20241106;114127;736.8;4;11388764932;B
20241106;114127;736.8;1;11388764933;B
20241106;114127;737;159;11388764934;B
20241106;114135;735.6;2;11388766246;S
20241106;114145;736;40;11388768410;B
20241106;114145;736;6;11388768411;B
20241106;114145;736.6;4;11388768412;B
20241106;114145;736.8;140;11388768413;B
20241106;114145;736.8;100;11388768414;B
20241106;114145;736.8;50;11388768415;B
20241106;114145;736.8;6;11388768416;B
20241106;114145;737;91;11388768417;B
20241106;114145;737;99;11388768418;B
20241106;114145;737;1;11388768419;B
20241106;114145;737;100;11388768420;B
20241106;114145;737;50;11388768421;B
20241106;114145;737;14;11388768422;B
20241106;114145;737;200;11388768423;B
20241106;114145;737.2;13;11388768424;B
20241106;114145;737.2;100;11388768425;B
20241106;114145;737.2;300;11388768426;B
20241106;114145;737.2;4;11388768427;B
20241106;114145;737.4;1;11388768428;B
20241106;114145;737.6;150;11388768429;B
20241106;114145;737.6;50;11388768430;B
20241106;114145;737.8;1;11388768431;B
20241106;114145;737.8;1;11388768432;B
20241106;114145;738;19;11388768433;B
20241106;114145;738;10;11388768434;B
20241106;114145;738;650;11388768435;B
20241106;114145;738;10;11388768436;B
20241106;114145;738;100;11388768437;B
20241106;114145;738;2;11388768438;B
20241106;114145;738.2;300;11388768439;B
20241106;114145;738.4;4;11388768440;B
20241106;114145;738.6;1;11388768441;B
20241106;114145;738.6;4;11388768442;B
20241106;114145;738.6;4;11388768443;B
20241106;114145;738.8;50;11388768444;B
20241106;114145;738.8;50;11388768445;B
20241106;114145;738.8;300;11388768446;B
20241106;114145;738.8;10;11388768447;B
20241106;114145;738.8;200;11388768448;B
20241106;114145;738.8;300;11388768449;B
20241106;114145;739;25;11388768450;B
20241106;114145;739;100;11388768451;B
20241106;114145;739;1;11388768452;B
20241106;114145;739;1800;11388768453;B
20241106;114145;739;52;11388768454;B
20241106;114145;739;10;11388768455;B
20241106;114145;739.2;1;11388768456;B
20241106;114145;739.4;10;11388768457;B
20241106;114145;739.6;17;11388768458;B
20241106;114145;739.6;5;11388768459;B
20241106;114145;739.8;1;11388768460;B
20241106;114145;739.8;3;11388768461;B
20241106;114145;739.8;1;11388768462;B
20241106;114145;739.8;3;11388768463;B
20241106;114145;739.8;50;11388768464;B
20241106;114145;739.8;1000;11388768465;B
20241106;114145;739.8;386;11388768466;B
20241106;114200;737.8;140;11388771298;B
20241106;114200;737.8;40;11388771299;B
20241106;114200;738;15;11388771300;B
20241106;114200;738;2;11388771301;B
20241106;114200;738;246;11388771302;B
20241106;114200;738.4;4;11388771303;B
20241106;114200;738.8;100;11388771304;B
20241106;114200;738.8;100;11388771305;B
20241106;114200;738.8;300;11388771306;B
20241106;114200;739;74;11388771307;B
20241106;114200;739;1280;11388771308;B
