<DATE>;<TIME>;<LAST>;<VOL>;<ID>;<OPER>
20241015;095949;703.8;1;11297660114;S
20241015;095949;703.8;2;11297660115;S
20241015;095949;703.8;1;11297660116;S
20241015;095949;703.8;1;11297660117;S
20241015;095949;703.8;1;11297660118;S
20241015;095949;703.8;2;11297660119;S
20241015;095949;703.8;8;11297660120;S
20241015;095949;703.8;50;11297660121;S
20241015;095949;703.8;1;11297660122;S
20241015;095949;703.8;1;11297660123;S
20241015;095949;703.8;1;11297660124;S
20241015;095949;703.8;1;11297660125;S
20241015;095949;703.8;1;11297660126;S
20241015;095949;703.8;18;11297660127;S
20241015;095949;703.8;40;11297660128;S
20241015;095949;703.8;7;11297660129;B
20241015;095949;703.8;35;11297660130;S
20241015;100004;703.8;1;11297666747;B
20241015;100004;703.8;1;11297666748;B
20241015;100004;703.8;1;11297667322;B
20241015;100005;703;1;11297668732;S
20241015;100008;703.8;1;11297672102;B
20241015;100008;703;1;11297672441;S
20241015;100008;703;1;11297672442;S
20241015;100008;702.8;6;11297672443;S
20241015;100008;702.8;1;11297672444;S
20241015;100008;702.6;1;11297672445;S
20241015;100008;702;2;11297672446;S
20241015;100008;701.8;1;11297672447;S
20241015;100008;701.6;3;11297672448;S
20241015;100009;702.2;1;11297672647;S
20241015;100012;702.2;2;11297673555;S
20241015;100012;701.6;7;11297673556;S
20241015;100025;701.4;6;11297677915;S
20241015;100025;701.2;1;11297677916;S
20241015;100025;701.2;1;11297677917;S
20241015;100030;701.2;3;11297679858;B
20241015;100101;702.8;8;11297688845;B
20241015;100104;703;134;11297689604;B
20241015;100123;702;1;11297693409;S
20241015;100123;703;3;11297693450;B
20241015;100123;703;1;11297693466;B
20241015;100129;702;50;11297694731;S
20241015;100139;702;40;11297697255;S
20241015;100204;702;20;11297704048;S
20241015;100218;702.2;20;11297707429;S
20241015;100218;702.2;414;11297707430;S
20241015;100219;702.2;20;11297707821;S
20241015;100220;702.6;1;11297707944;B
20241015;100222;702.2;15;11297708455;S
20241015;100235;702.2;1;11297711108;S
20241015;100256;702.2;50;11297715405;S
20241015;100256;702;100;11297715406;S
20241015;100256;702;39;11297715407;S
20241015;100256;702;1;11297715408;S
20241015;100256;701.8;361;11297715409;S
20241015;100316;702.2;1;11297719513;B
20241015;100329;702;8;11297722121;B
20241015;100329;702;92;11297722122;B
20241015;100357;701.8;67;11297727815;S
20241015;100357;701.8;291;11297727816;S
20241015;100415;701.8;100;11297731230;S
20241015;100416;702;1;11297731408;B
20241015;100421;701.8;36;11297732329;S
20241015;100421;701.8;1;11297732330;S
20241015;100421;701.8;3;11297732331;S
20241015;100423;701.4;1;11297732862;B
20241015;100426;701.2;5;11297733416;S
20241015;100426;701.2;95;11297733417;S
20241015;100427;701.2;100;11297733640;S
20241015;100431;702;1;11297734532;B
20241015;100436;702;1;11297735780;B
20241015;100440;702;1;11297736728;B
20241015;100441;702;1;11297736756;B
20241015;100441;701.6;2;11297736920;S
20241015;100441;701.4;13;11297736921;S
20241015;100443;702;28;11297737406;B
20241015;100445;702;1;11297737900;B
20241015;100449;702;1;11297738623;B
20241015;100451;702;373;11297739160;B
20241015;100451;702;20;11297739161;B
20241015;100451;702;7;11297739162;B
20241015;100503;702.4;9;11297742029;B
20241015;100504;702.4;10;11297742344;B
20241015;100516;702.4;1;11297744753;B
20241015;100516;702.4;4;11297744754;B
20241015;100520;702.4;1;11297745468;B
20241015;100522;702.4;1;11297745746;S
20241015;100541;702.6;1;11297749232;S
20241015;100541;702.4;3;11297749233;S
20241015;100541;702;3;11297749234;S
20241015;100541;701.8;1;11297749235;S
20241015;100541;701.8;17;11297749236;S
20241015;100541;701.6;23;11297749237;S
20241015;100541;701.6;17;11297749238;S
20241015;100541;701.6;15;11297749239;S
20241015;100541;701.4;135;11297749240;S
20241015;100543;702.6;5;11297749640;B
20241015;100555;702.6;1;11297752125;B
20241015;100606;702.6;2;11297754351;B
20241015;100641;702.6;57;11297761696;B
20241015;100641;702.8;15;11297761697;B
20241015;100713;703.6;1;11297767184;B
20241015;100722;703.6;1;11297768648;B
20241015;100753;703.6;1;11297775062;B
20241015;100753;704.6;2;11297775063;B
20241015;100753;704.6;17;11297775064;B
20241015;100838;704.8;1;11297784389;B
20241015;100851;703.2;11;11297787226;S
20241015;100851;703.2;10;11297787227;S
20241015;100851;703;179;11297787228;S
20241015;100909;704;1;11297791256;B
20241015;100909;704.2;2;11297791257;B
20241015;100909;704.2;16;11297791258;B
20241015;100909;704.4;16;11297791259;B
20241015;100909;704.6;45;11297791260;B
20241015;100909;704.8;50;11297791261;B
20241015;100909;704.8;170;11297791262;B
20241015;100915;705;2;11297792659;B
20241015;100915;705;1;11297792660;B
20241015;100915;705;1;11297792661;B
20241015;100915;705;1;11297792662;B
20241015;100915;705;6;11297792663;B
20241015;100917;705;3;11297793096;B
20241015;100936;704.8;93;11297796747;B
20241015;100936;704.8;18;11297796748;B
20241015;100936;705;19;11297796749;B
20241015;100940;705;1;11297797348;B
20241015;100950;705;4;11297799270;B
20241015;100957;705;3;11297800578;B
20241015;101005;705;2;11297802358;B
20241015;101008;705;18;11297803052;B
20241015;101008;705;14;11297803053;B
20241015;101027;705;10;11297806821;B
20241015;101027;705;6;11297806822;B
20241015;101118;705.4;1;11297814674;B
20241015;101118;705.4;3;11297814675;B
20241015;101126;705.4;2;11297815658;S
20241015;101126;705;1;11297815659;S
20241015;101126;704.4;3;11297815660;S
20241015;101126;704.2;3;11297815661;S
20241015;101126;704.2;2;11297815662;S
20241015;101126;704;16;11297815663;S
20241015;101126;704;20;11297815664;S
20241015;101126;703.8;86;11297815665;S
20241015;101126;703.6;462;11297815666;S
20241015;101126;703;2;11297815667;S
20241015;101126;703;2;11297815668;S
20241015;101126;702.8;201;11297815669;S
20241015;101127;705;5;11297815705;B
20241015;101201;703.8;5;11297820666;B
20241015;101211;703;5;11297822262;S
20241015;101225;703;9;11297824329;S
20241015;101225;703;2;11297824330;S
20241015;101354;703.2;22;11297836907;S
20241015;101450;704.2;2;11297844412;B
20241015;101450;704.2;11;11297844413;B
20241015;101450;704.4;2;11297844414;B
20241015;101450;704.4;4;11297844415;B
20241015;101450;704.4;40;11297844416;B
20241015;101450;704.6;4;11297844417;B
20241015;101450;705;1;11297844418;B
20241015;101450;705.2;2;11297844419;B
20241015;101450;705.4;2;11297844420;B
20241015;101450;705.4;50;11297844421;B
20241015;101450;705.6;1;11297844422;B
20241015;101450;705.6;2;11297844423;B
20241015;101450;705.6;8;11297844424;B
20241015;101450;705.6;6;11297844425;B
20241015;101450;705.6;5;11297844426;B
20241015;101456;705.2;1;11297845463;B
20241015;101456;705.2;40;11297845464;B
20241015;101456;705.4;5;11297845465;B
20241015;101456;705.8;3;11297845466;B
20241015;101456;706;71;11297845467;B
20241015;101607;703.8;16;11297865636;S
20241015;101607;703.6;50;11297865637;S
20241015;101607;703.4;11;11297865638;S
20241015;101657;703.8;18;11297876533;B
20241015;101657;703.8;23;11297876534;B
20241015;101702;704.2;42;11297877360;B
20241015;101702;704.2;4;11297877361;B
20241015;101721;703.6;6;11297880623;S
20241015;101739;703.6;1;11297883556;S
20241015;101822;703.6;16;11297890451;S
20241015;101912;703.6;36;11297899076;S
20241015;101928;703.6;1;11297901876;S
20241015;101936;703.6;50;11297903180;S
20241015;101945;703.8;1;11297904965;B
20241015;102019;703.6;12;11297911506;S
20241015;102022;703.8;19;11297912667;B
20241015;102022;704;11;11297912668;B
20241015;102230;703.6;7;11297970787;S
20241015;102305;703.8;1;11297976943;S
20241015;102443;703.8;16;11297988380;S
20241015;102443;703.6;100;11297988381;S
20241015;102443;703.6;40;11297988382;S
20241015;102443;703.6;16;11297988383;S
20241015;102506;703.6;1;11297991925;B
20241015;102529;703.6;10;11297995425;B
20241015;102534;703.6;10;11297995862;B
20241015;102540;703;5;11297996449;S
20241015;102659;703.6;10;11298011317;B
20241015;102712;703.6;1;11298025043;B
20241015;102831;703.6;1;11298107155;B
20241015;102846;703;1;11298119952;S
20241015;102937;703.6;187;11298168523;B
20241015;102937;703.6;250;11298168524;B
20241015;102937;703.6;1;11298168525;B
20241015;102937;703.6;162;11298168526;B
20241015;102949;703.4;3;11298181314;S
20241015;102949;703.2;38;11298181315;S
20241015;103046;703.2;13;11298241599;B
20241015;103128;703.6;33;11298287889;B
20241015;103129;703.2;10;11298288820;S
20241015;103204;703.6;10;11298320687;B
20241015;103207;703.6;1;11298323935;B
20241015;103215;703.6;10;11298330144;B
20241015;103220;703.6;12;11298334336;B
20241015;103220;703.6;7;11298334346;B
20241015;103222;703.6;12;11298336840;B
20241015;103233;703.6;28;11298349236;S
20241015;103233;703.6;34;11298349237;S
20241015;103300;703.6;30;11298377993;S
20241015;103300;703.6;40;11298377994;S
20241015;103300;703.6;6;11298377995;S
20241015;103300;703.4;54;11298377996;S
20241015;103300;703.4;6;11298377997;S
20241015;103300;703;14;11298377998;S
20241015;103300;703;10;11298377999;S
20241015;103300;703;10;11298378000;S
20241015;103300;702.8;99;11298378001;S
20241015;103300;702.8;9;11298378002;S
20241015;103300;702.4;79;11298378003;S
20241015;103300;702.2;71;11298378004;S
20241015;103300;702;1;11298378005;S
20241015;103300;702;50;11298378006;S
20241015;103300;702;10;11298378007;S
20241015;103300;702;3;11298378008;S
20241015;103300;702;10;11298378009;S
20241015;103300;701.8;1;11298378010;S
20241015;103300;701.8;2;11298378011;S
20241015;103300;701.6;5;11298378012;S
20241015;103300;701.6;5;11298378013;S
20241015;103300;701.4;52;11298378014;S
20241015;103300;701.4;2;11298378015;S
20241015;103300;701.4;5;11298378016;S
20241015;103300;701.4;1;11298378017;S
20241015;103300;701.4;6;11298378018;S
20241015;103300;701.4;3;11298378019;S
20241015;103300;701.2;5;11298378020;S
20241015;103300;701.2;3;11298378021;S
20241015;103300;701.2;5;11298378022;S
20241015;103300;701;1;11298378023;S
20241015;103300;701;1;11298378024;S
20241015;103300;701;100;11298378025;S
20241015;103300;701;10;11298378026;S
20241015;103300;701;10;11298378027;S
20241015;103300;701;5;11298378028;S
20241015;103300;701;10;11298378029;S
20241015;103300;700.8;8;11298378030;S
20241015;103300;700.8;1;11298378031;S
20241015;103300;700.6;117;11298378032;S
20241015;103300;701.2;25;11298378058;S
20241015;103300;701.2;14;11298378060;S
20241015;103300;701;21;11298378061;S
20241015;103301;703.8;2;11298378705;B
20241015;103301;703.8;1;11298378738;B
20241015;103301;704;1;11298378739;B
20241015;103301;703.8;1;11298378759;B
20241015;103353;703.8;1;11298431182;B
20241015;103420;704;9;11298459683;B
20241015;103451;704;6;11298491189;S
20241015;103459;704;1;11298497881;S
20241015;103511;704;18;11298509053;S
20241015;103511;704;10;11298509054;S
20241015;103511;704.2;1;11298509566;B
20241015;103512;704;1;11298510426;S
20241015;103512;703.8;5;11298510427;S
20241015;103551;704;20;11298546436;S
20241015;103733;704;20;11298650258;S
20241015;103801;704.2;1;11298674491;B
20241015;103805;704.2;11;11298678624;B
20241015;103822;704.2;4;11298693008;B
20241015;103822;704.4;6;11298693009;B
20241015;103833;704.2;1;11298702385;S
20241015;103910;704.4;29;11298738641;B
20241015;103910;704.4;10;11298738642;B
20241015;103910;704.6;23;11298738643;B
20241015;103910;704.6;8;11298738644;B
20241015;103910;704.8;16;11298738645;B
20241015;103910;704.8;9;11298738646;B
20241015;103910;705;5;11298738647;B
20241015;103934;704.8;7;11298762865;B
20241015;103934;704.8;18;11298762866;B
20241015;104002;705;10;11298791408;B
20241015;104002;705;15;11298791409;B
20241015;104002;705;1;11298791410;B
20241015;104002;705;5;11298791411;B
20241015;104002;705.2;20;11298791412;B
20241015;104002;705.2;5;11298791413;B
20241015;104002;705.2;15;11298791414;B
20241015;104045;705.4;1;11298836768;B
20241015;104045;705.6;6;11298836769;B
20241015;104045;705.6;7;11298836770;B
20241015;104045;705.6;40;11298836771;B
20241015;104045;705.8;3;11298836772;B
20241015;104045;705.8;19;11298836773;B
20241015;104045;705.8;7;11298836774;B
20241015;104045;706;2;11298836775;B
20241015;104045;706.2;50;11298836776;B
20241015;104045;706.4;123;11298836777;B
20241015;104046;706.4;275;11298837767;B
20241015;104046;706.4;21;11298837768;B
20241015;104046;706.4;4;11298837769;B
20241015;104200;705.4;10;11298903906;B
20241015;104220;705.8;2;11298923967;B
20241015;104255;706.2;5;11298960119;B
20241015;104338;706.2;1;11299005234;B
20241015;104338;706.2;1;11299005235;B
20241015;104338;706.4;1;11299005236;B
20241015;104338;706.6;14;11299005237;B
20241015;104338;706.8;179;11299005238;B
20241015;104339;706.8;63;11299006695;B
20241015;104339;706.8;40;11299006696;B
20241015;104339;707;6;11299006697;B
20241015;104339;707;30;11299006698;B
20241015;104339;707;37;11299006699;B
20241015;104405;706.8;100;11299031055;B
20241015;104624;706.6;7;11299133259;B
20241015;104624;706.6;71;11299133260;B
20241015;104624;706.6;40;11299133261;B
20241015;104624;706.8;50;11299133262;B
20241015;104624;706.8;10;11299133263;B
20241015;104624;706.8;7;11299133264;B
20241015;104624;707;343;11299133265;B
20241015;104624;707;9;11299133266;B
20241015;104848;707;1;11299154326;S
20241015;104943;707.2;2;11299163943;S
20241015;105001;707.4;52;11299167043;B
20241015;105002;707.4;198;11299167529;B
20241015;105049;707.4;1;11299177713;S
20241015;105049;707.2;99;11299177714;S
20241015;105056;707;100;11299178423;S
20241015;105056;706.8;11;11299178424;S
20241015;105056;706.6;26;11299178425;S
20241015;105119;705.8;5;11299180540;S
20241015;105146;706.8;3;11299183710;B
20241015;105213;706.4;9;11299188497;B
20241015;105213;706.4;40;11299188498;B
20241015;105213;706.6;9;11299188499;B
20241015;105213;707;10;11299188500;B
20241015;105213;707;1;11299188573;S
20241015;105214;707;212;11299188636;S
20241015;105223;707;5;11299190199;S
20241015;105224;707;3;11299190325;S
20241015;105225;707;110;11299190552;S
20241015;105307;706.4;18;11299198695;B
20241015;105413;707;1;11299206923;B
20241015;105612;706.4;17;11299221589;B
20241015;105717;705.6;6;11299232207;S
20241015;105745;705.6;3;11299235714;S
20241015;105824;705.8;1;11299239784;B
20241015;105843;705.8;29;11299241790;B
20241015;105843;705.8;20;11299241791;B
20241015;105940;705.8;1;11299249587;S
20241015;105940;705.6;37;11299249588;S
20241015;105940;705.6;40;11299249589;S
20241015;105940;705.6;6;11299249590;S
20241015;105940;705.4;6;11299249591;S
20241015;105940;705.4;16;11299249592;S
20241015;110115;705;100;11299263860;S
20241015;110206;704.2;1;11299272774;S
20241015;110217;704.2;1;11299274455;S
20241015;110217;704.2;4;11299274456;S
20241015;110317;704.2;2;11299287080;S
20241015;110343;704.2;1;11299291650;S
20241015;110407;704.8;1;11299295581;B
20241015;110612;704.8;1;11299324463;B
20241015;110641;704.8;90;11299329928;B
20241015;110745;704.8;1;11299342499;B
20241015;110749;704.6;5;11299343170;S
20241015;110813;704.8;1;11299347408;B
20241015;110827;704.8;32;11299350210;B
20241015;110837;704.8;30;11299352096;B
20241015;110838;704.6;1;11299352431;S
20241015;111005;704.8;60;11299372448;B
20241015;111005;704.8;5;11299372540;B
20241015;111006;704.8;3;11299372774;B
20241015;111019;704.8;5;11299375729;B
20241015;111039;704.8;5;11299378950;B
20241015;111048;704.8;5;11299380692;B
20241015;111106;704.8;5;11299384184;B
20241015;111115;704.6;1;11299385846;S
20241015;111119;704.6;1;11299386672;S
20241015;111126;704.8;1;11299388360;B
20241015;111132;704.8;5;11299389932;B
20241015;111150;704.8;2;11299393476;B
20241015;111210;704.8;3;11299397524;S
20241015;111210;704.8;7;11299397525;S
20241015;111231;704.8;1;11299402313;S
20241015;111255;704.6;1;11299407309;B
20241015;111255;704.6;1;11299407381;S
20241015;111322;705;3;11299418503;B
20241015;111325;705;1;11299419318;B
20241015;111330;705;1;11299421357;B
20241015;111331;705;5;11299421712;B
20241015;111342;704.8;1;11299425630;S
20241015;111419;705.8;5;11299439584;B
20241015;111420;706;12;11299440259;B
20241015;111423;706.4;3;11299441078;B
20241015;111545;706.4;1;11299461184;B
20241015;111609;706.4;3;11299466008;S
20241015;111636;706.4;1;11299474158;S
20241015;111649;706.4;1;11299478367;S
20241015;111717;706.4;1;11299484926;S
20241015;111749;706.4;1;11299491694;S
20241015;111815;706.4;1;11299496933;S
20241015;111847;707.2;1;11299502819;B
20241015;111847;707.2;9;11299502820;B
20241015;111847;707.2;20;11299502821;B
20241015;111918;707.4;10;11299508632;B
20241015;111918;707.4;10;11299508633;B
20241015;111918;707.4;10;11299508634;B
20241015;111925;707.4;50;11299509968;B
20241015;111925;707.4;36;11299509969;B
20241015;111925;707.6;40;11299509970;B
20241015;111925;707.6;11;11299509971;B
20241015;111925;707.8;10;11299509972;B
20241015;111925;707.8;27;11299509973;B
20241015;111925;707.8;11;11299509974;B
20241015;111925;708;2;11299509975;B
20241015;111925;708;77;11299509976;B
20241015;111925;708;10;11299509977;B
20241015;111925;708;20;11299509978;B
20241015;111925;708.2;1;11299509979;B
20241015;111925;708.2;105;11299509980;B
20241015;111943;707;1;11299513780;S
20241015;111943;707;1;11299513811;S
20241015;111943;707;14;11299513817;S
20241015;111943;706.8;40;11299513818;S
20241015;111943;706.4;63;11299513819;S
20241015;111943;706.4;1;11299513820;S
20241015;111943;706.4;1;11299513821;S
20241015;111943;706.2;398;11299513822;S
20241015;111943;706;245;11299513823;S
20241015;111943;705.8;50;11299513824;S
20241015;111943;705.8;105;11299513825;S
20241015;111943;705;95;11299513826;S
20241015;111944;706.8;3;11299514192;B
20241015;112009;706;16;11299519836;B
20241015;112009;706.2;1;11299519837;B
20241015;112009;706.2;1;11299519838;B
20241015;112009;706.2;1;11299519839;B
20241015;112009;706.2;1;11299519840;B
20241015;112009;706.2;40;11299519841;B
20241015;112009;706.2;14;11299519842;B
20241015;112009;706.4;14;11299519843;B
20241015;112026;706.4;1;11299523817;S
20241015;112035;706.4;1;11299525323;S
20241015;112054;706.4;1;11299529271;S
20241015;112133;707;3;11299536161;B
20241015;112159;707.8;1;11299541408;B
20241015;112159;707.8;37;11299541416;B
20241015;112207;707;1;11299543345;S
20241015;112211;707;1;11299545184;S
20241015;112249;707.8;80;11299556160;B
20241015;112328;707.8;22;11299564158;B
20241015;112328;707.8;66;11299564159;B
20241015;112328;708;61;11299564160;B
20241015;112328;708;30;11299564161;B
20241015;112328;708;40;11299564162;B
20241015;112328;708.2;84;11299564163;B
20241015;112328;708.4;6;11299564164;B
20241015;112328;708.4;28;11299564165;B
20241015;112338;708.2;70;11299565896;B
20241015;112338;708.2;12;11299565897;B
20241015;112338;708.2;20;11299565898;B
20241015;112338;708.2;40;11299565899;B
20241015;112338;708.4;422;11299565900;B
20241015;112338;708.4;50;11299565901;B
20241015;112338;708.4;63;11299565902;B
20241015;112338;708.4;12;11299565903;S
20241015;112401;708.6;1;11299570712;B
20241015;112401;708.6;108;11299570713;B
20241015;112401;708.6;18;11299570715;S
20241015;112402;708.6;17;11299570807;S
20241015;112406;708.6;1;11299571450;S
20241015;112440;708.8;12;11299578099;B
20241015;112440;708.8;24;11299578100;B
20241015;112440;708.8;35;11299578101;B
20241015;112441;708.8;18;11299578461;S
20241015;112446;709;1;11299579221;B
20241015;112446;709;1;11299579222;B
20241015;112451;708.8;164;11299580128;S
20241015;112451;708.8;1;11299580129;S
20241015;112451;708.8;26;11299580245;B
20241015;112451;708.8;18;11299580246;B
20241015;112554;708.8;2;11299592197;B
20241015;112611;708.8;1;11299594843;B
20241015;112716;708.8;6;11299605039;B
20241015;112716;708.8;12;11299605040;B
20241015;112716;708.8;26;11299605041;B
20241015;112716;708.8;44;11299605042;B
20241015;112716;708.8;108;11299605043;S
20241015;112720;708.8;3;11299605534;S
20241015;112722;709;1;11299605693;B
20241015;112725;708.8;1;11299606184;S
20241015;112739;708.8;12;11299608209;S
20241015;112816;709;1;11299614163;B
20241015;112817;709;1;11299614276;B
20241015;112834;709;2;11299617661;B
20241015;112835;708.8;1;11299617831;S
20241015;112836;708.8;1;11299617918;S
20241015;112921;708.8;10;11299624439;S
20241015;112926;709;1;11299625358;B
20241015;113017;709;172;11299632002;B
20241015;113018;709;22;11299632055;B
20241015;113018;709;28;11299632056;B
20241015;113041;709;1;11299635240;B
20241015;113102;709;1;11299638266;B
20241015;113102;709;10;11299638267;B
20241015;113102;709;3;11299638268;B
20241015;113102;709;1;11299638269;B
20241015;113102;709;85;11299638270;B
20241015;113203;708.8;776;11299646510;S
20241015;113203;708.8;269;11299646511;S
20241015;113203;708.8;20;11299646512;S
20241015;113203;708.6;3;11299646513;S
20241015;113204;708.4;50;11299646772;S
20241015;113211;708.4;205;11299648194;S
20241015;113213;708.4;2;11299648866;S
20241015;113214;708.4;54;11299649017;S
20241015;113216;707.8;1;11299649447;S
20241015;113217;707;3;11299649680;S
20241015;113320;708.4;4;11299658699;B
20241015;113320;708.4;16;11299658700;B
20241015;113413;708.4;3;11299665566;B
20241015;113413;708.4;2;11299665567;B
20241015;113442;708.4;14;11299668296;S
20241015;113442;708.4;23;11299668297;S
20241015;113611;708.4;3;11299679602;B
20241015;113628;708.4;1;11299681592;B
20241015;113656;708.4;50;11299684299;B
20241015;113725;708;28;11299688032;S
20241015;113732;708;172;11299688693;S
20241015;113733;707.8;1;11299688722;S
20241015;113745;708;227;11299689868;B
20241015;113745;708;40;11299689869;B
20241015;113745;708;22;11299689870;B
20241015;113745;708.2;711;11299689871;B
20241015;113905;708.4;31;11299698647;B
20241015;113905;708.4;300;11299698648;B
20241015;113905;708.6;40;11299698649;B
20241015;113905;708.6;1;11299698650;B
20241015;113905;709;15;11299698651;B
20241015;113905;709;1;11299698652;B
20241015;113905;709;363;11299698653;B
20241015;113905;709.6;2;11299698654;B
20241015;113905;709.8;1;11299698655;B
20241015;113905;709.8;1;11299698656;B
20241015;113905;709.8;45;11299698657;B
20241015;113905;709.6;1;11299698669;B
20241015;113905;709.8;24;11299698670;B
20241015;113942;709.6;2;11299702489;B
20241015;113942;709.6;40;11299702490;B
20241015;113942;709.8;30;11299702491;B
20241015;114055;709.8;1;11299711595;B
20241015;114055;709.8;24;11299711596;B
20241015;114055;710;1;11299711597;B
20241015;114055;710;7;11299711598;B
20241015;114055;710;5;11299711599;B
20241015;114055;710;1;11299711600;B
20241015;114055;710;1;11299711601;B
20241015;114055;710;2;11299711602;B
20241015;114055;710;2;11299711603;B
20241015;114055;710;40;11299711604;B
20241015;114055;710;100;11299711605;B
20241015;114055;710;10;11299711606;B
20241015;114055;710;1;11299711607;B
20241015;114055;710;30;11299711608;B
20241015;114055;710;50;11299711609;B
20241015;114055;710;1;11299711623;S
20241015;114055;710;10;11299711636;S
20241015;114055;710.2;3;11299711650;B
20241015;114055;710.4;13;11299711651;B
20241015;114058;710.4;2;11299711891;B
20241015;114058;710.4;2;11299711892;B
20241015;114058;710.4;1;11299711893;B
20241015;114100;710.6;2;11299712147;B
20241015;114100;710.6;1;11299712148;B
20241015;114100;710.6;10;11299712149;B
20241015;114100;710.8;1;11299712150;B
20241015;114100;710.8;10;11299712151;B
20241015;114100;710.8;2;11299712152;B
20241015;114100;710.8;100;11299712153;B
20241015;114100;710.8;10;11299712154;B
20241015;114100;710.8;20;11299712155;B
20241015;114102;710.8;100;11299712285;S
20241015;114122;710.8;142;11299714546;B
20241015;114122;710.8;398;11299714547;B
20241015;114122;710.8;1;11299714548;B
20241015;114122;710.8;217;11299714549;B
20241015;114122;711;200;11299714550;B
20241015;114122;711;2500;11299714551;B
20241015;114122;711;20;11299714552;B
20241015;114122;711;2;11299714553;B
20241015;114122;711;10;11299714554;B
20241015;114123;711.2;6;11299714742;B
20241015;114123;711.2;20;11299714743;B
20241015;114123;711.6;4;11299714744;B
20241015;114126;711.2;3;11299715068;S
20241015;114126;711.2;3;11299715069;S
20241015;114126;711.6;1;11299715103;B
20241015;114126;711.6;38;11299715104;B
20241015;114126;711.8;132;11299715105;B
20241015;114126;712;2;11299715106;B
20241015;114126;712;1;11299715107;B
20241015;114126;712;310;11299715108;B
20241015;114126;712;16;11299715109;B
20241015;114129;712;14;11299715364;B
20241015;114129;712;100;11299715365;B
20241015;114129;712;1;11299715366;B
20241015;114129;712;10;11299715367;B
20241015;114129;712.2;1;11299715368;B
20241015;114129;712.2;10;11299715369;B
20241015;114129;712.4;10;11299715370;B
20241015;114129;712.4;1;11299715371;B
20241015;114129;712.6;4;11299715372;B
20241015;114129;712.6;1;11299715373;B
20241015;114129;712.6;1;11299715374;B
20241015;114130;712.8;1;11299715445;B
20241015;114130;712.8;119;11299715446;B
20241015;114140;712.2;50;11299716975;S
20241015;114140;712.2;40;11299716976;S
20241015;114140;712.2;142;11299716977;S
20241015;114140;712.2;20;11299716978;S
20241015;114140;712.2;400;11299716979;S
20241015;114155;712.6;3;11299719022;B
20241015;114155;712.6;17;11299719023;B
20241015;114200;712.4;1;11299719402;B
20241015;114205;712.8;10;11299719930;S
20241015;114205;712.6;10;11299719931;S
20241015;114205;712.6;40;11299719932;S
20241015;114205;712.4;29;11299719933;S
20241015;114205;712;11;11299719934;S
20241015;114208;712;100;11299720273;S
20241015;114211;712.6;10;11299720689;S
20241015;114211;712.2;1;11299720690;S
20241015;114211;712;239;11299720691;S
20241015;114216;712.6;1;11299721041;B
20241015;114216;712.6;40;11299721042;B
20241015;114216;713;300;11299721043;B
20241015;114216;713;30;11299721044;B
20241015;114216;713;38;11299721094;S
20241015;114216;713;10;11299721124;S
20241015;114217;713;81;11299721182;S
20241015;114220;712.6;15;11299721561;S
20241015;114220;712.6;263;11299721562;S
20241015;114220;712.6;20;11299721563;S
20241015;114220;712.4;2;11299721564;S
20241015;114220;712.4;120;11299721565;S
20241015;114220;712.2;398;11299721566;S
20241015;114220;712.2;40;11299721567;S
20241015;114220;712;50;11299721568;S
20241015;114220;712;50;11299721569;S
20241015;114225;711.2;8;11299721941;S
20241015;114231;709.8;2;11299722558;S
20241015;114231;709.8;40;11299722559;S
20241015;114234;711.4;142;11299722818;B
20241015;114234;711.4;20;11299722819;B
20241015;114234;711.4;40;11299722820;B
20241015;114234;711.6;15;11299722821;B
20241015;114234;711.8;120;11299722822;B
20241015;114239;711.8;100;11299723243;S
20241015;114241;711.8;63;11299723538;S
20241015;114241;711.6;40;11299723539;S
20241015;114241;711.2;131;11299723540;S
20241015;114241;711;54;11299723541;S
20241015;114241;711;41;11299723542;S
20241015;114243;712.2;20;11299723741;B
20241015;114243;712.2;7;11299723742;B
20241015;114245;710.4;2;11299723849;S
20241015;114251;710.4;2;11299724591;S
20241015;114251;710.4;37;11299724592;S
20241015;114255;711;2;11299724905;B
20241015;114312;710.2;1;11299726807;S
20241015;114316;710.2;300;11299727100;S
20241015;114327;711;1;11299729254;B
20241015;114331;710.8;1;11299729765;S
20241015;114334;710.8;200;11299730079;S
20241015;114342;711;1;11299730996;B
20241015;114355;711;3;11299732256;B
20241015;114403;711;135;11299733009;B
20241015;114408;711;100;11299733536;B
20241015;114426;710.8;1;11299735800;S
20241015;114428;711;1;11299736005;B
20241015;114457;710.8;10;11299739470;S
20241015;114457;710.6;44;11299739471;S
20241015;114459;710.6;81;11299739627;B
20241015;114459;710.8;40;11299739628;B
20241015;114459;711;57;11299739629;B
20241015;114459;711;100;11299739630;B
20241015;114459;711;17;11299739631;B
20241015;114459;711;12;11299739632;B
20241015;114459;711.6;142;11299739633;B
20241015;114459;711.8;168;11299739634;B
20241015;114459;712;3;11299739635;B
20241015;114548;711.6;197;11299744676;B
20241015;114548;711.6;40;11299744677;B
20241015;114549;711.6;1;11299744803;S
20241015;114554;712;47;11299745295;B
20241015;114554;712;3;11299745296;B
20241015;114555;711.6;416;11299745352;S
20241015;114555;711.4;34;11299745353;S
20241015;114559;711.8;1;11299745781;B
20241015;114714;711.6;49;11299753100;B
20241015;114714;711.6;40;11299753101;B
20241015;114715;711.8;7;11299753186;B
20241015;114715;712;17;11299753199;B
20241015;114715;712;26;11299753200;B
20241015;114719;711.8;1;11299753561;S
20241015;114726;711.8;1;11299754564;S
20241015;114730;712;74;11299754898;B
20241015;114730;712.4;26;11299754899;B
20241015;114903;711.8;1;11299763521;S
20241015;114909;711.8;6;11299764166;S
20241015;114914;711.8;2;11299764782;S
20241015;114915;712.2;1;11299764787;B
20241015;114940;712;6;11299767749;B
20241015;114940;712.2;24;11299767750;B
20241015;114952;711.8;12;11299769199;S
20241015;114959;711.8;35;11299769941;S
20241015;114959;711.8;25;11299769942;S
20241015;114959;711.8;20;11299769943;S
20241015;114959;711.8;20;11299769944;S
20241015;114959;711.6;900;11299769945;S
20241015;115000;711.6;11;11299770001;S
20241015;115006;711;30;11299770943;S
20241015;115021;710.8;1;11299773406;B
20241015;115048;710.8;2;11299776613;S
20241015;115215;710.2;1;11299786334;S
20241015;115331;710.2;35;11299794384;S
20241015;115331;710.2;20;11299794401;S
20241015;115434;710.8;4;11299800717;B
20241015;115512;710.2;1;11299803943;S
20241015;115544;710.6;3;11299807692;S
20241015;115544;710.6;7;11299807693;S
20241015;115620;710.6;1;11299811187;S
20241015;115620;710.4;40;11299811188;S
20241015;115620;710.4;7;11299811189;S
20241015;115626;710.2;7;11299811746;S
20241015;115731;710.2;15;11299817638;S
20241015;115734;710.2;20;11299817830;S
20241015;115737;710.2;2;11299818122;S
20241015;115756;710.2;6;11299819744;S
20241015;115802;710.4;50;11299820347;B
20241015;115920;710.2;6;11299827702;S
20241015;115920;710;7;11299827703;S
20241015;115920;710;2;11299827704;S
20241015;115920;710;7;11299827705;S
20241015;115920;710;2;11299827706;S
20241015;115920;710;9;11299827707;S
20241015;115920;709.8;27;11299827708;S
20241015;120032;710.4;10;11299835056;B
20241015;120105;710.4;1;11299837836;B
20241015;120137;710;1;11299841300;S
20241015;120155;710;5;11299843235;S
20241015;120155;710;15;11299843236;S
20241015;120241;709.8;1;11299847016;S
20241015;120244;709.6;1;11299847255;S
20241015;120438;709.6;1;11299856510;S
20241015;120445;709.6;14;11299857035;S
20241015;120614;709;1;11299864446;S
20241015;120614;709;1;11299864447;S
20241015;120614;709;4;11299864448;S
20241015;120614;708.8;1;11299864466;B
20241015;120615;708.8;183;11299864523;B
20241015;120615;709;12;11299864524;B
20241015;120615;709;40;11299864525;B
20241015;120623;709;165;11299865365;S
20241015;120623;709;5;11299865366;S
20241015;120629;709;1;11299865949;S
20241015;120643;708.6;1;11299867328;S
20241015;120643;708.6;1;11299867329;S
20241015;120643;708.6;82;11299867330;S
20241015;120644;708.4;6;11299867366;S
20241015;120644;707.8;13;11299867367;S
20241015;120644;707.6;31;11299867368;S
20241015;120708;707.8;40;11299869635;S
20241015;120708;707.8;20;11299869636;S
20241015;120708;707.8;1;11299869637;S
20241015;120708;707.4;50;11299869638;S
20241015;120708;707.2;58;11299869639;S
20241015;120737;708;2;11299871873;B
20241015;120921;708.4;3;11299882365;B
20241015;120924;708.4;8;11299882619;B
20241015;120943;708.4;1;11299884838;B
20241015;121004;708.4;2;11299886764;B
20241015;121008;708.6;1;11299887223;B
20241015;121123;708.6;2;11299899217;B
20241015;121255;708.6;3;11299908386;B
20241015;121312;708.4;3;11299909969;S
20241015;121407;708.2;3;11299914846;S
20241015;121407;708;3;11299914847;S
20241015;121407;708;9;11299914848;S
20241015;121407;707.8;40;11299914849;S
20241015;121436;707.8;4;11299916986;B
20241015;121436;708.2;10;11299916987;B
20241015;121509;707.6;7;11299919860;B
20241015;121614;707.6;2;11299925718;S
20241015;121710;707.4;3;11299931555;S
20241015;121710;707.4;39;11299931556;S
20241015;121728;707.4;1;11299933438;B
20241015;121745;707.6;1;11299935286;B
20241015;121745;707.6;3;11299935287;B
20241015;121819;707.4;1;11299939197;S
20241015;121839;707.6;1;11299941096;B
20241015;121951;707.4;1;11299949299;S
20241015;122026;707.4;1;11299953930;S
20241015;122026;707.4;29;11299953931;S
20241015;122039;707.2;80;11299957486;S
20241015;122101;707.2;62;11299963180;S
20241015;122101;707;70;11299963181;S
20241015;122101;707;1;11299963182;S
20241015;122102;706.8;264;11299963461;S
20241015;122102;706.4;20;11299963462;S
20241015;122102;706.2;2;11299963463;S
20241015;122102;706.2;22;11299963464;S
20241015;122102;706;2;11299963465;S
20241015;122104;706.4;10;11299963849;B
20241015;122104;706.6;12;11299963850;B
20241015;122159;706.2;16;11299973629;S
20241015;122159;706.2;40;11299973630;S
20241015;122159;706;3;11299973631;S
20241015;122159;706;3;11299973632;S
20241015;122249;705.8;2;11299978216;S
20241015;122249;705.6;6;11299978217;S
20241015;122249;705.6;7;11299978218;S
20241015;122249;705.6;85;11299978219;S
20241015;122249;705.6;2;11299978243;S
20241015;122314;705.6;10;11299980518;S
20241015;122319;706;17;11299981127;B
20241015;122344;705.6;7;11299983302;S
20241015;122418;705.6;1;11299987442;S
20241015;122422;705.8;40;11299987758;S
20241015;122422;705.8;62;11299987759;S
20241015;122422;705.8;12;11299987760;S
20241015;122451;705.8;6;11299996156;B
20241015;122457;705.8;1;11300001159;S
20241015;122504;705.8;5;11300007462;S
20241015;122717;706;3;11300130987;B
20241015;122724;706;3;11300131618;B
20241015;122724;705.8;1;11300131656;S
20241015;122724;705.8;5;11300131657;S
20241015;122729;706;100;11300132253;B
20241015;122738;706;138;11300132970;B
20241015;122738;706.2;15;11300132971;B
20241015;122738;706.4;15;11300132972;B
20241015;122816;707.2;2;11300135894;B
20241015;123736;708.2;3;11300190390;B
20241015;123800;707.8;2;11300192548;B
20241015;123812;708;1;11300193925;B
20241015;124111;708;1;11300214143;B
20241015;124241;707;2;11300226208;S
20241015;124241;707;15;11300226209;S
20241015;124948;707;5;11300267098;S
20241015;124948;707;2;11300267099;S
20241015;124948;707;1;11300267100;S
20241015;124948;707;13;11300267101;S
20241015;124948;707;10;11300267102;S
20241015;125224;706.6;1;11300281097;S
20241015;125429;707.6;5;11300299314;B
20241015;125429;707.6;10;11300299315;B
20241015;125432;708;2;11300299922;B
20241015;125440;708.4;3;11300300937;B
20241015;125441;708.4;3;11300300975;B
20241015;125441;708.4;150;11300300976;B
20241015;125444;708.6;28;11300301750;B
20241015;125510;709;10;11300305374;B
20241015;125512;709;10;11300305749;B
20241015;125516;709;12;11300306330;B
20241015;125525;709;12;11300308471;B
20241015;125551;708.6;2;11300311607;S
20241015;125551;708.4;1;11300311608;S
20241015;125622;708.8;1;11300315990;S
20241015;125624;708.6;2;11300316306;S
20241015;125624;708.6;40;11300316307;S
20241015;125624;708.6;7;11300316308;S
20241015;125630;708.4;4;11300317101;S
20241015;125645;709.2;1;11300319002;B
20241015;125648;709.2;2;11300319210;B
20241015;125652;709.2;1;11300319814;B
20241015;125653;709.2;1;11300319894;B
20241015;125655;709.2;2;11300320135;B
20241015;125656;709.2;2;11300320238;B
20241015;125657;709.2;2;11300320286;B
20241015;125659;709.2;2;11300320638;B
20241015;125704;709.2;1;11300321122;B
20241015;125714;709;1;11300322552;S
20241015;125715;709;1;11300322720;B
20241015;125717;709;1;11300322923;B
20241015;125722;709;1;11300323581;B
20241015;125734;708.8;1;11300325060;S
20241015;125740;708.8;1;11300325720;B
20241015;125741;708.8;1;11300325793;B
20241015;125748;709.2;1;11300326598;B
20241015;125754;709.2;2;11300327211;B
20241015;125800;709;50;11300327730;S
20241015;125812;709.2;1;11300328930;B
20241015;125813;709;1;11300329018;S
20241015;125814;709.2;1;11300329089;B
20241015;125832;709;1;11300330939;B
20241015;125834;709.4;5;11300331066;B
20241015;125837;709;1;11300331472;B
20241015;125839;709.2;1;11300331671;B
20241015;125840;709.2;1;11300331731;B
20241015;125844;709;1;11300332149;B
20241015;125918;709.4;1;11300336218;B
20241015;130000;709.2;1;11300341752;B
20241015;130009;709.2;1;11300342883;B
20241015;130025;709.2;1;11300344371;B
20241015;130027;709.2;2;11300344457;B
20241015;130054;708.8;1;11300347621;S
20241015;130055;708.6;1;11300347732;S
20241015;130057;708.4;1;11300347914;S
20241015;130152;708.4;10;11300356860;S
20241015;130249;708.4;9;11300362022;S
20241015;130513;708.2;7;11300380506;B
20241015;130513;708.2;4;11300380507;B
20241015;130519;708;1;11300381003;S
20241015;130540;708;1;11300383991;B
20241015;130543;707.6;1;11300384308;S
20241015;130543;706.8;2;11300384309;S
20241015;130614;707.8;4;11300386883;B
20241015;130615;707.2;1;11300386927;S
20241015;130615;707;1;11300386928;S
20241015;130625;707.8;1;11300387818;B
20241015;130651;707.8;2;11300389847;B
20241015;130703;707.8;2;11300390640;B
20241015;130728;708.2;2;11300392471;B
20241015;130837;707.8;3;11300397835;S
20241015;130837;707.8;27;11300397836;S
20241015;130917;707.8;1;11300400847;B
20241015;130940;707.4;1;11300403017;S
20241015;131035;707.4;6;11300410019;S
20241015;131039;707.2;1;11300410468;S
20241015;131120;707;1;11300414522;B
20241015;131159;707.6;1;11300417434;B
20241015;131224;707.8;1;11300419624;B
20241015;131226;707.8;1;11300419755;B
20241015;131310;708;1;11300423984;B
20241015;131313;707.6;1;11300424261;S
20241015;131313;707.6;9;11300424262;S
20241015;131318;707.4;1;11300424735;S
20241015;131403;707.4;1;11300428307;S
20241015;131403;707.2;1;11300428308;S
20241015;131403;707.2;8;11300428309;S
20241015;131403;707;1;11300428310;S
20241015;131403;707;1;11300428311;S
20241015;131403;707;40;11300428312;S
20241015;131403;707;11;11300428313;S
20241015;131404;707;1;11300428346;B
20241015;131418;707;2;11300429454;B
20241015;131445;707;1;11300431463;B
20241015;131517;707;1;11300434329;B
20241015;131550;707;2;11300437785;B
20241015;131707;706.8;1;11300444204;S
20241015;131751;706.6;1;11300447801;S
20241015;131751;706.6;1;11300447802;S
20241015;131751;706.4;1;11300447803;S
20241015;131847;706.8;1;11300452527;B
20241015;131949;706.8;3;11300457170;B
20241015;131949;706.8;1;11300457249;S
20241015;131952;706.6;1;11300457928;S
20241015;131952;706.4;1;11300457929;S
20241015;132001;706.4;11;11300459337;B
20241015;132003;706.8;1;11300459597;B
20241015;132007;706.4;1;11300459984;S
20241015;132025;706.4;11;11300461865;B
20241015;132036;706.2;43;11300462822;S
20241015;132147;707.4;1;11300468808;B
20241015;132509;708;8;11300484272;B
20241015;132517;707.8;1;11300484844;S
20241015;132620;707.8;17;11300489758;B
20241015;132620;707.8;19;11300489759;B
20241015;132622;707.8;7;11300489961;S
20241015;132648;708;1;11300491629;B
20241015;132733;707.8;1;11300495103;S
20241015;132735;707.8;1;11300495195;S
20241015;132736;707.8;1;11300495274;S
20241015;132738;707.8;1;11300495413;S
20241015;132740;707.8;1;11300495596;S
20241015;132742;707.8;1;11300495745;S
20241015;132743;707.8;1;11300496025;S
20241015;132745;707.8;1;11300496130;S
20241015;132746;707.8;1;11300496270;S
20241015;132747;708;1;11300496339;B
20241015;132748;707.8;1;11300496366;S
20241015;132809;707.8;1;11300497973;S
20241015;132811;707.8;1;11300498239;S
20241015;132813;707.8;1;11300498395;S
20241015;132815;707.8;1;11300498538;S
20241015;132817;707.8;1;11300498686;S
20241015;132818;707.8;1;11300498820;S
20241015;132820;707.8;1;11300498933;S
20241015;132822;707.8;1;11300499086;S
20241015;132826;707.8;1;11300499486;S
20241015;132828;707.8;1;11300499718;S
20241015;132831;707.8;1;11300499985;S
20241015;132833;707.8;1;11300500103;S
20241015;132835;707.8;1;11300500286;S
20241015;132837;707.8;1;11300500441;S
20241015;132839;707.8;1;11300500557;S
20241015;132840;707.8;1;11300500689;S
20241015;132842;707.8;1;11300500870;S
20241015;132843;707.8;1;11300501027;S
20241015;132857;707.8;1;11300502248;S
20241015;132858;707.8;1;11300502288;S
20241015;132859;707.8;1;11300502327;S
20241015;132901;707.8;1;11300502605;S
20241015;132902;707.8;1;11300502699;S
20241015;132903;707.8;1;11300502882;S
20241015;132905;707.8;1;11300503037;S
20241015;132906;707.8;1;11300503196;S
20241015;132944;708;1;11300506819;B
20241015;133024;707.8;1;11300510373;S
20241015;133025;707.8;1;11300510488;S
20241015;133027;707.8;1;11300510586;S
20241015;133029;707.8;1;11300510730;S
20241015;133030;707.8;1;11300511092;S
20241015;133033;707.8;1;11300511383;S
20241015;133034;707.8;1;11300511510;S
20241015;133039;708;4;11300511948;B
20241015;133039;708.2;6;11300512021;S
20241015;133039;708.2;15;11300512022;S
20241015;133126;708.2;4;11300516296;B
20241015;133128;707.8;1;11300516457;S
20241015;133144;707.8;1;11300517873;S
20241015;133147;707.8;1;11300518084;S
20241015;133150;707.8;1;11300518274;S
20241015;133151;707.8;1;11300518363;S
20241015;133153;707.8;1;11300518506;S
20241015;133156;707.8;1;11300518710;S
20241015;133158;707.8;1;11300518854;S
20241015;133159;707.8;1;11300518973;S
20241015;133200;707.8;1;11300519060;S
20241015;133202;707.8;1;11300519185;S
20241015;133203;707.8;1;11300519262;S
20241015;133204;707.8;1;11300519471;S
20241015;133206;707.8;1;11300519543;S
20241015;133207;707.8;1;11300519614;S
20241015;133314;708.2;1;11300527924;B
20241015;133424;707.2;1;11300538867;S
20241015;133431;707.2;1;11300539434;B
20241015;133509;707.4;1;11300543139;B
20241015;133757;707.2;4;11300558011;B
20241015;133840;707.2;26;11300561358;B
20241015;133957;709;3;11300568165;B
20241015;133958;709;1;11300568174;S
20241015;134001;707.6;1;11300568556;S
20241015;134005;707.8;1;11300568889;B
20241015;134010;708;11;11300569151;B
20241015;134129;708.4;1;11300575157;S
20241015;134133;708.4;1;11300575546;S
20241015;134138;708;1;11300575944;S
20241015;134204;708;1;11300577955;S
20241015;134205;708;1;11300578039;S
20241015;134208;708;1;11300578193;S
20241015;134209;708;1;11300578253;S
20241015;134310;708;1;11300582919;S
20241015;134312;708;1;11300583071;S
20241015;134313;708;1;11300583149;S
20241015;134320;708;1;11300583653;S
20241015;134321;708;1;11300583922;S
20241015;134323;708;1;11300584119;S
20241015;134324;708;1;11300584291;S
20241015;134326;708;1;11300584438;S
20241015;134327;708;1;11300584634;S
20241015;134328;708;1;11300584730;S
20241015;134339;708;40;11300585808;S
20241015;134359;708;1;11300587282;S
20241015;134401;708;1;11300587328;S
20241015;134402;708;1;11300587430;S
20241015;134403;708;1;11300587507;S
20241015;134405;708;1;11300587638;S
20241015;134428;708.2;1;11300589060;S
20241015;134526;709;3;11300593500;B
20241015;134626;708.6;1;11300598431;S
20241015;134627;708.6;1;11300598525;S
20241015;134639;708.2;1;11300599381;S
20241015;134641;708.2;1;11300599512;S
20241015;134656;708.2;1;11300600482;S
20241015;134657;708.2;1;11300600559;S
20241015;134658;708.2;1;11300600643;S
20241015;134659;708.2;1;11300600685;S
20241015;134701;708.2;1;11300600768;S
20241015;134706;708.6;14;11300601105;B
20241015;134800;708.2;42;11300604751;S
20241015;134800;708.2;1;11300604783;S
20241015;134851;708.4;1;11300607902;B
20241015;134900;708;17;11300608772;S
20241015;134900;708;43;11300608773;S
20241015;134906;708;5;11300609190;S
20241015;134908;708;2;11300609407;S
20241015;134916;707.8;40;11300609916;S
20241015;134921;707.8;1;11300610287;S
20241015;134923;707.8;1;11300610384;S
20241015;134925;707.8;1;11300610558;S
20241015;134925;707.8;1;11300610585;S
20241015;134926;707.8;1;11300610653;S
20241015;134929;707.8;1;11300610744;S
20241015;134938;707.8;1;11300611719;S
20241015;134939;707.8;1;11300611785;S
20241015;134940;707.8;1;11300611863;S
20241015;135052;708;1;11300617162;S
20241015;135116;708;1;11300618837;S
20241015;135209;708.2;7;11300626166;B
20241015;135209;708.2;18;11300626167;B
20241015;135231;707.8;1;11300627442;S
20241015;135258;708.2;13;11300629153;B
20241015;135310;707.6;1;11300630079;S
20241015;135312;707.6;1;11300630215;S
20241015;135313;707.6;1;11300630269;S
20241015;135315;707.6;1;11300630377;S
20241015;135316;707.6;1;11300630546;S
20241015;135318;707.6;1;11300630628;S
20241015;135318;707.6;1;11300630656;S
20241015;135319;707.6;1;11300630693;S
20241015;135320;707.6;1;11300630724;S
20241015;135321;707.6;1;11300630780;S
20241015;135346;707.4;10;11300632361;S
20241015;135354;707.8;1;11300632806;B
20241015;135654;707.6;1;11300650668;S
20241015;135809;707.4;40;11300658921;S
20241015;135809;707.4;35;11300658922;S
20241015;135809;707.2;50;11300658923;S
20241015;135809;707.2;35;11300658924;S
20241015;135809;707.2;50;11300658925;S
20241015;135809;707;1;11300658926;S
20241015;135809;707;50;11300658927;S
20241015;135809;707;45;11300658928;S
20241015;135809;706.8;67;11300658929;S
20241015;135809;706.6;4;11300658930;S
20241015;135809;706.6;50;11300658931;S
20241015;135809;706.6;142;11300658932;S
20241015;135809;706.4;100;11300658933;S
20241015;135809;706.4;31;11300658934;S
20241015;135809;707.6;31;11300658937;B
20241015;135809;707.8;393;11300658938;B
20241015;135809;707.8;5;11300658939;B
20241015;135832;707;18;11300661448;S
20241015;135919;707.8;1;11300668369;B
20241015;135937;707.8;1;11300670280;B
20241015;140035;707.8;2;11300678102;B
20241015;140220;707.6;1;11300692487;S
20241015;140220;707.4;1;11300692488;S
20241015;140220;707.4;12;11300692489;S
20241015;140256;708;1;11300698014;B
20241015;140300;708;3;11300698458;B
20241015;140308;708;2;11300700677;B
20241015;140310;708;1;11300700976;B
20241015;140325;708;1;11300702850;B
20241015;140326;708;2;11300702944;B
20241015;140327;708;1;11300703086;B
20241015;140328;708;2;11300703132;B
20241015;140329;708;1;11300703215;B
20241015;140329;708;2;11300703238;B
20241015;140330;708;1;11300703255;B
20241015;140330;708;2;11300703272;B
20241015;140331;708;1;11300703308;B
20241015;140331;708;1;11300703480;B
20241015;140331;708;1;11300703573;B
20241015;140406;708;20;11300708721;B
20241015;140457;708;1;11300714659;B
20241015;140620;708;310;11300731202;B
20241015;140726;708.8;3;11300740772;B
20241015;140735;708.8;23;11300741835;B
20241015;140735;709;27;11300741836;B
20241015;140749;709;20;11300743424;B
20241015;140752;709.2;1;11300743836;B
20241015;140752;709.2;1;11300743837;B
20241015;140803;709.4;2;11300744699;B
20241015;140804;709.4;2;11300744842;B
20241015;140806;709.2;1;11300745199;S
20241015;140807;709.2;50;11300745363;S
20241015;140809;709.2;20;11300745492;S
20241015;140815;709;1;11300746013;S
20241015;140815;708.8;1;11300746014;S
20241015;140815;708.8;2;11300746015;S
20241015;140857;708.8;98;11300748981;S
20241015;140857;708.8;7;11300748982;S
20241015;140857;708.8;40;11300748983;S
20241015;140857;708.6;1;11300748984;S
20241015;140857;708.6;7;11300748985;S
20241015;140857;708.4;1;11300748986;S
20241015;140857;708.2;1;11300748987;S
20241015;140857;707.8;33;11300748988;S
20241015;140857;707.6;94;11300748989;S
20241015;140857;707.4;398;11300748990;S
20241015;140857;707.4;20;11300748991;S
20241015;140927;709.2;2;11300751629;B
20241015;141002;709.2;1;11300757480;B
20241015;141047;709.2;1;11300761743;B
20241015;141119;709;1;11300765320;S
20241015;141119;709;40;11300765321;S
20241015;141119;709;5;11300765322;S
20241015;141139;709.6;20;11300767301;B
20241015;141217;709.2;4;11300779603;S
20241015;141228;709.2;88;11300782506;S
20241015;141228;709.2;40;11300782507;S
20241015;141228;709.2;18;11300782508;S
20241015;141228;709;453;11300782509;S
20241015;141304;709.4;1;11300789858;B
20241015;141321;709;8;11300793213;S
20241015;141328;709.4;2;11300794445;B
20241015;141423;709.4;1;11300803032;B
20241015;141637;709;1;11300815200;S
20241015;141706;709.6;5;11300818615;B
20241015;141737;709.6;2;11300824467;B
20241015;141737;709.6;1;11300824468;B
20241015;141912;709;20;11300834253;S
20241015;141957;709.6;1;11300839144;B
20241015;142110;709.4;53;11300853916;B
20241015;142204;709.4;1;11300862719;B
20241015;142242;709;1;11300866064;S
20241015;142345;709;1;11300871788;S
20241015;142352;709.4;1;11300872257;B
20241015;142421;709.4;1;11300876845;B
20241015;142518;709.4;50;11300880896;B
20241015;142524;709.4;4;11300881314;B
20241015;142558;709.4;1;11300884398;B
20241015;142558;709.4;74;11300884399;B
20241015;142834;709.4;4;11300901994;B
20241015;142834;709.4;6;11300901995;B
20241015;142834;709.4;70;11300901996;B
20241015;142843;709;900;11300903365;S
20241015;142903;709.4;1;11300906532;B
20241015;142941;709.4;1;11300909673;B
20241015;143005;709.4;1;11300912209;B
20241015;143120;709.4;1;11300919770;B
20241015;143155;709.4;33;11300927713;B
20241015;143155;709.4;37;11300927714;B
20241015;143157;709.6;3;11300927934;B
20241015;143245;709.4;21;11300932143;S
20241015;143303;709.6;68;11300933927;B
20241015;143344;709.4;65;11300960995;S
20241015;143344;709.2;73;11300960996;S
20241015;143344;709.2;27;11300960997;S
20241015;143356;709.6;1;11300972691;B
20241015;143543;709.2;22;11301073905;S
20241015;143654;709.2;2;11301093101;S
20241015;143717;709.2;22;11301094772;S
20241015;143814;709.6;4;11301099956;B
20241015;144014;709.6;22;11301110527;B
20241015;144014;709.6;1;11301110528;B
20241015;144014;709.6;15;11301110529;B
20241015;144014;709.6;49;11301110530;B
20241015;144014;709.6;238;11301110531;B
20241015;144014;709.8;6;11301110532;B
20241015;144014;709.8;40;11301110533;B
20241015;144014;710;59;11301110534;B
20241015;144014;710;1;11301110535;B
20241015;144014;710;1;11301110536;B
20241015;144014;710;5;11301110537;B
20241015;144014;710.2;278;11301110538;B
20241015;144014;710.2;50;11301110539;B
20241015;144014;710.4;191;11301110540;B
20241015;144015;710.6;10;11301110604;S
20241015;144025;710.6;90;11301111415;S
20241015;144030;710.6;1;11301111773;S
20241015;144032;710.6;1;11301111952;S
20241015;144033;710.8;2;11301112046;B
20241015;144033;710.8;8;11301112047;B
20241015;144119;710.8;1;11301115461;B
20241015;144143;710.8;200;11301118314;B
20241015;144152;710.8;5;11301119461;B
20241015;144308;710.6;1;11301128751;S
20241015;144440;710.6;1;11301139463;S
20241015;144513;710.6;10;11301145523;S
20241015;144516;710.6;17;11301146010;S
20241015;144558;710.6;1;11301150991;S
20241015;144829;710.6;40;11301168136;S
20241015;144853;710.6;1;11301169898;S
20241015;144926;710.6;107;11301172472;S
20241015;145040;710.8;1;11301178886;B
20241015;145041;710.6;1;11301178945;S
20241015;145103;710.6;2;11301182937;S
20241015;145148;710.6;10;11301186680;S
20241015;145203;710.8;1;11301188251;B
20241015;145303;710.8;24;11301194773;B
20241015;145320;710.6;120;11301196059;S
20241015;145346;710.6;131;11301198418;S
20241015;145346;710.6;2;11301198419;S
20241015;145346;710.6;5;11301198420;S
20241015;145346;710.6;12;11301198421;S
20241015;145422;710.6;1;11301201473;S
20241015;145606;710.6;2;11301212767;S
20241015;145619;710.6;45;11301214125;S
20241015;145619;710.6;1;11301214126;S
20241015;145619;710.6;3;11301214127;S
20241015;145619;710.4;110;11301214128;S
20241015;145619;710.2;3;11301214129;S
20241015;145704;710.6;10;11301219638;B
20241015;145741;709.8;10;11301222609;S
20241015;145749;709.8;1;11301223198;S
20241015;145958;710.6;11;11301234477;B
20241015;150027;710;1;11301238921;S
20241015;150027;710;19;11301238922;S
20241015;150041;710;1;11301240392;S
20241015;150041;710;59;11301240393;S
20241015;150341;710;1;11301256993;S
20241015;150439;710;47;11301262453;S
20241015;150439;709.8;1;11301262454;S
20241015;150439;709.6;158;11301262455;S
20241015;150439;709.4;296;11301262456;S
20241015;150444;709.4;3;11301262936;S
20241015;150644;709.6;7;11301274168;S
20241015;150908;709.8;20;11301287292;S
20241015;151129;710;1;11301298981;S
20241015;151137;710.6;1;11301299444;B
20241015;151312;710.6;75;11301308366;B
20241015;151820;710.6;107;11301335067;B
20241015;151820;710.6;40;11301335068;B
20241015;151820;710.6;393;11301335069;B
20241015;151820;710.6;5;11301335070;B
20241015;152448;710.2;5;11301370665;B
20241015;152448;710.2;5;11301370679;B
20241015;152448;710.2;5;11301370694;B
20241015;152448;710.2;5;11301370712;B
20241015;152448;710.2;5;11301370726;B
20241015;152448;710;1;11301370738;S
20241015;152448;710.2;5;11301370741;B
20241015;152448;710.2;4;11301370750;B
20241015;152538;710.4;5;11301374261;B
20241015;152538;710.4;5;11301374262;B
20241015;152538;710.4;5;11301374264;B
20241015;152626;710.4;43;11301377502;B
20241015;152717;710;1;11301380939;S
20241015;152721;710;4;11301381161;S
20241015;152721;709.8;1;11301381162;S
20241015;152721;709.8;15;11301381163;S
20241015;152721;710.2;1;11301381169;B
20241015;153003;710;1;11301508826;S
20241015;153106;710;9;11301522743;S
20241015;153147;709.6;1;11301526892;S
20241015;153245;709.2;2;11301532003;S
20241015;153247;709.6;10;11301532143;B
20241015;153322;709;5;11301534736;S
20241015;153437;709.2;40;11301540068;S
20241015;153551;709.8;3;11301546794;B
20241015;153602;709.2;1;11301547852;S
20241015;153813;709.2;3;11301558889;S
20241015;153830;709.2;4;11301559792;S
20241015;153830;709.2;50;11301559793;S
20241015;153921;709.4;4;11301563963;S
20241015;154113;709.2;2;11301571419;S
20241015;154514;709.2;1;11301596017;S
20241015;154521;710;4;11301596342;B
20241015;154607;709.8;10;11301600912;B
20241015;154808;709.8;2;11301613710;B
20241015;154929;709.2;1;11301619002;S
20241015;154939;709.2;1;11301619607;S
20241015;155202;709.2;10;11301634258;S
20241015;155235;709.2;1;11301637060;S
20241015;155240;709.2;120;11301638759;S
20241015;155432;709.4;5;11301650710;B
20241015;155551;709.6;1;11301658425;B
20241015;155602;709.4;2;11301659623;B
20241015;155611;709.2;1;11301660925;S
20241015;155705;709.2;36;11301667746;S
20241015;155914;709.2;14;11301679556;B
20241015;160023;709.6;1;11301686232;B
20241015;160033;709.6;1;11301686909;B
20241015;160144;709.2;1;11301692052;S
20241015;160404;709.2;1;11301702376;S
20241015;160411;709.6;7;11301702900;B
20241015;160429;709.6;3;11301704508;B
20241015;160429;709.8;7;11301704509;B
20241015;160443;709.2;1;11301705699;S
20241015;160654;709.2;76;11301728017;S
20241015;160725;709.8;1;11301731382;B
20241015;160803;709.2;12;11301734038;S
20241015;160803;709.2;40;11301734039;S
20241015;160842;709.2;3;11301746941;B
20241015;160908;709.2;15;11301753224;S
20241015;161209;709.6;1;11301771304;B
20241015;161255;709.6;1;11301775969;B
20241015;161444;709.8;3;11301809690;B
20241015;161453;709.8;97;11301818208;B
20241015;161453;709.8;3;11301818209;B
20241015;161630;709.2;6;11301831496;S
20241015;161634;709.8;2;11301831838;B
20241015;161659;709.8;3;11301834701;B
20241015;161803;709.8;12;11301842944;B
20241015;161914;709.8;1;11301851690;B
20241015;161914;709.8;2;11301851691;B
20241015;162043;709.2;25;11301865228;S
20241015;162043;709.2;1;11301865229;S
20241015;162043;709.2;398;11301865230;S
20241015;162043;709.2;1;11301865231;S
20241015;162043;709.2;1;11301865232;S
20241015;162043;709;122;11301865233;S
20241015;162159;709.8;2;11301876622;B
20241015;162340;709.2;3;11301885207;S
20241015;162354;709.2;3;11301886761;S
20241015;162429;709.6;3;11301889432;B
20241015;162644;709.6;3;11301901224;B
20241015;162714;709.4;1;11301903214;S
20241015;162755;709.6;30;11301906155;B
20241015;162859;709.6;3;11301910498;B
20241015;162930;709.6;1;11301914172;B
20241015;163022;709.6;2;11301918921;B
20241015;163108;709.6;10;11301923297;B
20241015;163114;709.6;3;11301923871;B
20241015;163329;709.6;3;11301934282;B
20241015;163401;709.2;3;11301937625;S
20241015;163544;709.6;3;11301949091;B
20241015;163730;709.4;2;11301957142;B
20241015;163759;709.4;3;11301959106;B
20241015;163929;709.4;1;11301966118;B
20241015;164014;709.4;3;11301970116;B
20241015;164111;709.2;24;11301976990;S
20241015;164111;709.2;1;11301976991;S
20241015;164114;709;33;11301977388;S
20241015;164212;709;1000;11301982371;S
20241015;164212;709;10;11301982372;S
20241015;164215;709;70;11301982597;S
20241015;164215;709;30;11301982598;S
20241015;164217;709;70;11301982681;S
20241015;164217;709;1;11301982682;S
20241015;164217;709;1;11301982683;S
20241015;164217;709;1;11301982684;S
20241015;164217;709;1;11301982685;S
20241015;164217;708.8;1;11301982686;S
20241015;164217;708.6;23;11301982687;S
20241015;164217;708.4;1;11301982688;S
20241015;164217;708.4;1;11301982689;S
20241015;164217;708.2;199;11301982705;S
20241015;164217;708.2;11;11301982706;S
20241015;164217;708;50;11301982707;S
20241015;164218;708.4;40;11301982724;B
20241015;164218;708.4;23;11301982725;B
20241015;164218;708.6;21;11301982726;B
20241015;164218;708.8;16;11301982787;S
20241015;164218;708.2;48;11301982788;S
20241015;164218;708.2;16;11301982789;S
20241015;164234;708;10;11301984144;S
20241015;164235;708;500;11301984264;S
20241015;164238;708;140;11301984589;S
20241015;164243;707.2;131;11301984979;S
20241015;164243;707;5;11301984980;S
20241015;164243;707;6;11301984981;S
20241015;164243;707;40;11301984982;S
20241015;164243;706.8;8;11301984983;S
20241015;164243;706.8;1;11301984994;B
20241015;164244;706.6;100;11301985041;S
20241015;164244;706.6;103;11301985042;S
20241015;164244;706.6;4;11301985043;S
20241015;164244;706.4;43;11301985044;S
20241015;164244;706.6;1;11301985066;S
20241015;164250;706.6;1;11301985523;S
20241015;164250;706.4;157;11301985524;S
20241015;164250;706.4;283;11301985525;S
20241015;164250;706.4;40;11301985526;S
20241015;164253;706.2;2;11301985830;S
20241015;164253;706;3;11301985831;S
20241015;164253;706;36;11301985832;S
20241015;164253;706;1;11301985833;S
20241015;164253;705.8;36;11301985834;S
20241015;164253;705.8;40;11301985835;S
20241015;164253;705.6;36;11301985836;S
20241015;164253;705.6;50;11301985837;S
20241015;164300;706.2;1;11301986629;B
20241015;164302;706.2;142;11301986856;B
20241015;164302;706.2;40;11301986857;B
20241015;164302;706.2;20;11301986858;B
20241015;164309;706.2;131;11301988696;B
20241015;164312;706.2;65;11301988946;B
20241015;164312;706.2;40;11301988947;B
20241015;164314;706.2;33;11301989127;B
20241015;164314;706.2;40;11301989128;B
20241015;164314;706.2;72;11301989129;B
20241015;164317;706.2;10;11301989358;B
20241015;164319;706.4;2;11301989495;B
20241015;164320;706.4;6;11301989582;B
20241015;164322;706.2;1;11301989697;S
20241015;164324;707.6;1;11301989943;B
20241015;164345;706.6;40;11301991932;S
20241015;164345;706.6;1;11301991933;S
20241015;164345;706.4;26;11301991934;S
20241015;164400;706.6;50;11301994632;B
20241015;164400;706.6;76;11301994633;B
20241015;164405;706.6;38;11301995426;B
20241015;164409;706.6;19;11301995924;B
20241015;164411;706.6;9;11301996117;B
20241015;164414;706.6;5;11301996280;B
20241015;164436;707.2;2;11301998044;B
20241015;164436;707.2;40;11301998045;B
20241015;164436;707.4;26;11301998046;B
20241015;164436;707.4;120;11301998047;B
20241015;164436;707.4;312;11301998048;B
20241015;164439;707.2;1;11301998313;B
20241015;164439;707.2;40;11301998314;B
20241015;164439;707.4;88;11301998315;B
20241015;164439;707.4;315;11301998316;B
20241015;164450;707.2;2;11301998898;B
20241015;164450;707.4;82;11301998899;B
20241015;164450;707.4;16;11301998900;B
20241015;164534;708.8;20;11302001860;B
20241015;164534;708.8;30;11302001861;B
20241015;164609;709;3;11302005595;B
20241015;164637;708.8;6;11302008406;B
20241015;164637;708.8;30;11302008407;B
20241015;164702;708.6;10;11302009955;S
20241015;164702;708.6;1;11302009973;S
20241015;164705;708.8;9;11302010143;B
20241015;164705;708.8;40;11302010144;B
20241015;164705;708.8;1;11302010145;B
20241015;164707;708.8;34;11302010203;B
20241015;164707;708.8;16;11302010204;B
20241015;164714;709;100;11302010911;B
20241015;164714;709.2;125;11302010912;B
20241015;164714;709.2;40;11302010913;B
20241015;164714;709.6;39;11302010914;B
20241015;164714;709.6;10;11302010915;B
20241015;164714;709.8;33;11302010916;B
20241015;164714;709.8;42;11302010917;B
20241015;164714;709.8;60;11302010918;S
20241015;164718;709.8;46;11302011336;S
20241015;164731;709.8;1;11302012621;B
20241015;164854;709.8;3;11302019931;B
20241015;165009;708.6;40;11302024951;S
20241015;165009;708.6;1;11302024952;S
20241015;165009;708.4;24;11302024953;S
20241015;165009;708.2;24;11302024954;S
20241015;165009;708.2;46;11302024992;B
20241015;165020;707.8;20;11302025650;S
20241015;165020;707.8;40;11302025651;S
20241015;165020;707.8;103;11302025652;S
20241015;165025;707.8;37;11302025986;B
20241015;165038;707.8;1;11302026949;S
20241015;165038;707.8;14;11302026950;S
20241015;165038;707.8;13;11302026951;S
20241015;165038;707.8;40;11302026952;S
20241015;165038;707.6;14;11302026953;S
20241015;165133;707.2;10;11302031202;S
20241015;165219;707.6;2;11302034016;B
20241015;165237;707.6;82;11302035017;B
20241015;165237;707.6;10;11302035018;B
20241015;165314;708.2;3;11302037080;B
20241015;165429;708.2;3;11302042071;B
20241015;165611;707.8;11;11302047461;S
20241015;165611;707.8;1;11302047462;S
20241015;165611;707.8;1;11302047463;S
20241015;165611;707.6;8;11302047464;S
20241015;165611;707.6;11;11302047465;S
20241015;165611;707.6;40;11302047466;S
20241015;165611;707;6;11302047467;S
20241015;165611;707;155;11302047468;S
20241015;165659;708.2;1;11302050038;B
20241015;165705;708.2;1;11302050378;B
20241015;165859;708.2;3;11302057365;B
20241015;170114;708.2;3;11302065023;B
20241015;170114;707.6;1;11302065044;S
20241015;170334;708.2;1;11302075802;B
20241015;170334;708.2;2;11302075803;B
20241015;170523;708.2;5;11302091633;B
20241015;170523;708.2;1;11302091634;B
20241015;170549;708.4;3;11302094436;B
20241015;170804;708.4;3;11302105260;B
20241015;170926;708.8;1;11302111716;S
20241015;170926;708.8;1;11302111717;S
20241015;170926;708.8;1;11302111718;S
20241015;170926;708.6;8;11302111719;S
20241015;170926;708.4;40;11302111720;S
20241015;170926;708;83;11302111721;S
20241015;171054;709;2;11302118461;B
20241015;171319;709;3;11302127150;B
20241015;171345;707.2;40;11302128813;S
20241015;171345;707.2;13;11302128814;S
20241015;171345;707;1;11302128815;S
20241015;171345;707;6;11302128816;S
20241015;171345;707;13;11302128817;S
20241015;171345;706.6;144;11302128818;S
20241015;171345;706.4;320;11302128819;S
20241015;171525;707.4;2;11302134796;S
20241015;171525;707.4;1;11302134797;S
20241015;171525;707.4;1;11302134798;S
20241015;171525;707.4;1;11302134799;S
20241015;171525;707.4;40;11302134800;S
20241015;171544;707.4;1;11302135881;B
20241015;171609;707.4;1;11302137690;B
20241015;171616;707.4;5;11302138392;B
20241015;171623;707.4;1;11302138951;B
20241015;171651;707.4;5;11302140487;B
20241015;171829;707.2;23;11302147052;S
20241015;171834;707.4;3;11302147261;B
20241015;171849;707.4;19;11302152640;B
20241015;172020;707.2;1;11302198884;S
20241015;172043;707.4;4;11302210118;B
20241015;172049;708.4;3;11302212662;B
20241015;172138;708.4;3;11302218466;B
20241015;172138;708.4;10;11302218467;B
20241015;172203;707.8;1;11302219900;S
20241015;172203;707.8;2;11302219901;S
20241015;172230;707.8;1;11302221503;S
20241015;172306;708;1;11302224712;S
20241015;172308;708.2;1;11302224750;B
20241015;172308;708.4;21;11302224751;B
20241015;172308;708.4;5;11302224752;B
20241015;172308;708.6;5;11302224753;B
20241015;172308;708.6;40;11302224754;B
20241015;172308;708.8;50;11302224755;B
20241015;172308;709;463;11302224756;B
20241015;172308;709.6;2;11302224757;B
20241015;172308;709.6;1;11302224758;B
20241015;172308;709.6;3;11302224759;B
20241015;172308;709.8;30;11302224760;B
20241015;172308;709.8;6;11302224761;B
20241015;172308;709.8;123;11302224762;B
20241015;172344;709.8;1;11302226590;B
20241015;172406;709.8;3;11302227672;B
20241015;172406;709.8;64;11302227680;B
20241015;172406;709.8;20;11302227681;B
20241015;172406;709.8;40;11302227682;B
20241015;172406;710;4;11302227683;B
20241015;172406;710;12;11302227684;B
20241015;172407;709.8;2;11302227781;B
20241015;172604;709.6;3;11302234691;B
20241015;172615;709.6;1;11302235246;B
20241015;172616;709.2;20;11302235307;S
20241015;172633;709.2;10;11302236298;S
20241015;172633;709;15;11302236299;S
20241015;172819;709.2;3;11302241865;B
20241015;172823;709;3;11302242187;S
20241015;172823;709;3;11302242188;S
20241015;172839;709;8;11302243068;S
20241015;172839;709;8;11302243075;S
20241015;173034;709.4;3;11302265441;B
20241015;173225;709;6;11302274405;S
20241015;173225;709;1;11302274406;S
20241015;173225;709;1;11302274407;S
20241015;173225;709;1;11302274408;S
20241015;173339;709;1;11302279043;B
20241015;173443;708.6;7;11302282783;B
20241015;173548;708;1;11302286517;S
20241015;173552;708;1;11302286876;S
20241015;173552;708;1;11302286877;S
20241015;173552;708;40;11302286878;S
20241015;173555;708;1;11302287087;B
20241015;173613;707.8;6;11302288368;S
20241015;173613;707.8;41;11302288369;S
20241015;173619;707.8;1;11302288681;B
20241015;173630;707.6;8;11302289418;S
20241015;173632;707.6;47;11302289556;S
20241015;173713;707.4;1;11302291867;S
20241015;173713;707.4;17;11302291868;S
20241015;173718;707.2;1;11302292228;S
20241015;173718;707.2;150;11302292229;S
20241015;173718;707.2;19;11302292230;S
20241015;173718;707.2;18;11302292231;S
20241015;173725;707;6;11302292521;S
20241015;173735;706.8;1;11302292979;S
20241015;173735;706.8;17;11302292980;S
20241015;173823;706.8;38;11302295822;B
20241015;173824;707;194;11302295827;B
20241015;173824;707.2;12;11302295853;B
20241015;173825;707.4;1;11302296039;B
20241015;173825;707.4;50;11302296040;B
20241015;173825;707.4;131;11302296041;B
20241015;173829;708.4;2;11302296386;B
20241015;173851;708;1;11302298539;S
20241015;173900;708.2;1;11302299183;S
20241015;173902;708.4;4;11302299377;B
20241015;173924;709.4;1;11302300818;B
20241015;173924;709.4;2;11302300819;B
20241015;174113;709.2;1;11302308867;B
20241015;174149;709.2;3;11302311874;B
20241015;174404;709.2;3;11302320711;B
20241015;174426;708.8;3;11302322018;S
20241015;174526;708.4;7;11302326684;S
20241015;174526;708.4;1;11302326685;S
20241015;174526;708.4;1;11302326686;S
20241015;174554;707.6;40;11302328334;S
20241015;174554;707.6;2;11302328335;S
20241015;174644;708.8;1;11302331757;B
20241015;174654;708.6;1;11302332229;B
20241015;174654;708.6;1;11302332230;B
20241015;174924;708.6;1;11302341815;B
20241015;174924;709;2;11302341819;B
20241015;175139;709;1;11302351639;B
20241015;175139;709.4;2;11302351644;B
20241015;175354;709.2;1;11302360898;B
20241015;175354;709.4;2;11302360900;B
20241015;175545;709.2;1;11302368658;B
20241015;175545;709.2;4;11302368659;B
20241015;175609;709.4;3;11302371108;B
20241015;175824;709.4;3;11302380380;B
20241015;175833;709.4;11;11302380953;B
20241015;175833;709.4;18;11302380954;B
20241015;175833;709.6;9;11302380955;B
20241015;175833;709.6;7;11302380956;B
20241015;175833;709.6;40;11302380957;B
20241015;175833;709.8;7;11302380958;B
20241015;175833;709.8;8;11302380959;B
20241015;175837;709.6;1;11302381165;B
20241015;180013;709.6;1;11302407606;B
20241015;180013;709.6;14;11302407607;B
20241015;180039;709.6;3;11302413259;B
20241015;180051;709.8;1;11302414198;B
20241015;180141;709.4;18;11302418211;B
20241015;180159;709.6;1;11302419316;B
20241015;180254;709.6;3;11302423520;B
20241015;180320;709.6;14;11302425744;B
20241015;180320;709.6;40;11302425745;B
20241015;180320;709.8;90;11302425746;B
20241015;180320;709.8;4;11302425747;B
20241015;180320;709.8;12;11302425748;B
20241015;180320;710;38;11302425749;B
20241015;180320;710;100;11302425750;B
20241015;180320;710;1;11302425751;B
20241015;180320;710;1;11302425752;B
20241015;180320;710;5;11302425753;B
20241015;180320;710;1;11302425754;B
20241015;180320;710;10;11302425755;B
20241015;180320;710;93;11302425756;B
20241015;180509;710;3;11302434168;B
20241015;180541;710;4;11302436491;B
20241015;180541;710;36;11302436492;B
20241015;180729;709.8;3;11302446477;B
20241015;180939;709.4;3;11302459369;B
20241015;181159;709.4;3;11302470597;B
20241015;181230;709;1;11302472944;S
20241015;181230;709;1;11302472945;S
20241015;181230;708.6;51;11302472946;S
20241015;181350;708.8;1;11302479041;S
20241015;181444;709;3;11302482931;B
20241015;181709;708.8;3;11302492848;B
20241015;181724;708.8;3;11302493738;B
20241015;181724;708.8;221;11302493739;B
20241015;181724;708.8;23;11302493740;B
20241015;181829;709;1;11302497775;S
20241015;181829;709;1;11302497776;S
20241015;181844;709;1;11302498686;S
20241015;181847;709;15;11302498956;B
20241015;181944;709;1;11302502615;B
20241015;181954;709;3;11302503335;B
20241015;181954;709.6;12;11302503336;B
20241015;182026;709.8;1;11302505923;B
20241015;182033;709.8;1;11302507111;B
20241015;182037;709.8;1;11302507902;B
20241015;182043;709.8;1;11302508842;B
20241015;182139;709.8;3;11302519740;B
20241015;182339;709;1;11302527786;S
20241015;182339;709;1;11302527787;S
20241015;182339;709;1;11302527788;S
20241015;182339;708.8;53;11302527789;S
20241015;182339;708.8;40;11302527790;S
20241015;182403;708.4;1;11302529257;B
20241015;182424;708.4;6;11302530447;B
20241015;182433;708.4;6;11302531141;B
20241015;182434;708.4;1;11302531153;B
20241015;182644;708.2;1;11302540003;S
20241015;182654;708.4;3;11302540476;B
20241015;182755;708.4;37;11302544231;B
20241015;182909;709;1;11302549395;B
20241015;182909;709.6;2;11302549412;B
20241015;183103;709.6;1;11302556927;B
20241015;183124;709.8;2;11302558430;B
20241015;183124;709.8;1;11302558431;B
20241015;183310;709.8;12;11302565599;B
20241015;183339;709.8;3;11302567481;B
20241015;183444;709.8;1;11302571205;B
20241015;183611;709.8;1;11302576747;B
20241015;183740;709.8;39;11302582070;B
20241015;183740;709.8;28;11302582071;B
20241015;183740;709.8;33;11302582072;B
20241015;183826;709;101;11302585651;S
20241015;183851;708.4;1;11302587209;S
20241015;183851;708.2;1;11302587210;S
20241015;184514;708.2;2;11302594782;S
20241015;184553;708.2;4;11302596743;S
