<DATE>;<TIME>;<LAST>;<VOL>;<ID>;<OPER>
20241007;095954;715;2;11267089843;S
20241007;095954;715;5;11267089844;S
20241007;095954;715;38;11267089845;S
20241007;095954;715;1;11267089846;B
20241007;095954;715;1;11267089847;B
20241007;095954;715;1;11267089848;B
20241007;095954;715;1;11267089849;B
20241007;095954;715;1;11267089850;B
20241007;095954;715;1;11267089851;B
20241007;095954;715;1;11267089852;B
20241007;095954;715;12;11267089853;B
20241007;095954;715;7;11267089854;B
20241007;095954;715;13;11267089855;B
20241007;095954;715;26;11267089856;B
20241007;095954;715;1;11267089857;B
20241007;095954;715;1;11267089858;B
20241007;095954;715;73;11267089859;B
20241007;095954;715;1;11267089860;B
20241007;095954;715;2;11267089861;B
20241007;095954;715;50;11267089862;S
20241007;095954;715;5;11267089863;B
20241007;095954;715;1;11267089864;B
20241007;095954;715;200;11267089865;B
20241007;095954;715;2;11267089866;B
20241007;095954;715;1;11267089867;B
20241007;095954;715;3;11267089868;B
20241007;095954;715;1;11267089869;B
20241007;095954;715;4;11267089870;B
20241007;095954;715;2;11267089871;B
20241007;095954;715;5;11267089872;B
20241007;095954;715;1;11267089873;B
20241007;095954;715;20;11267089874;B
20241007;095954;715;70;11267089875;B
20241007;095954;715;1;11267089876;B
20241007;095954;715;25;11267089877;B
20241007;095954;715;1;11267089878;B
20241007;095954;715;1;11267089879;B
20241007;095954;715;31;11267089880;B
20241007;095954;715;81;11267089881;B
20241007;095954;715;10;11267089882;B
20241007;095954;715;1;11267089883;B
20241007;095954;715;1;11267089884;B
20241007;095954;715;3;11267089885;B
20241007;095954;715;5;11267089886;B
20241007;095954;715;21;11267089887;B
20241007;095954;715;20;11267089888;B
20241007;095954;715;25;11267089889;B
20241007;095954;715;112;11267089890;B
20241007;095954;715;5;11267089891;B
20241007;095954;715;1;11267089892;B
20241007;100001;715.2;40;11267091859;B
20241007;100001;715.2;72;11267091909;B
20241007;100001;715.2;1;11267091910;B
20241007;100001;715.4;112;11267091911;B
20241007;100001;715.6;1;11267091912;B
20241007;100001;715.6;1;11267091913;B
20241007;100001;715.6;112;11267091914;B
20241007;100001;715.8;1;11267091915;B
20241007;100001;715.8;39;11267091948;B
20241007;100001;715.8;73;11267091957;B
20241007;100001;716;1;11267091958;B
20241007;100001;716;3;11267091959;B
20241007;100001;716;112;11267091960;B
20241007;100001;716;4;11267091972;S
20241007;100001;716.2;20;11267091973;B
20241007;100001;716;50;11267092023;S
20241007;100001;716;1;11267092024;S
20241007;100001;716.2;92;11267092031;B
20241007;100001;716.4;77;11267092032;B
20241007;100001;716.4;4;11267092075;B
20241007;100001;716.4;4;11267092076;B
20241007;100001;716.4;27;11267092080;B
20241007;100001;716.6;53;11267092081;B
20241007;100001;716.6;14;11267092082;B
20241007;100001;716.6;45;11267092086;B
20241007;100001;717;1;11267092087;B
20241007;100001;717;2;11267092088;B
20241007;100001;717;1;11267092089;B
20241007;100001;717;3;11267092090;B
20241007;100001;717;5;11267092091;B
20241007;100001;717;1;11267092092;B
20241007;100001;717;1;11267092093;B
20241007;100001;717;1;11267092094;B
20241007;100001;717.2;5;11267092095;B
20241007;100001;717.4;5;11267092096;B
20241007;100002;717.4;45;11267092117;B
20241007;100002;717.4;1;11267092118;B
20241007;100002;717.8;15;11267092119;B
20241007;100002;717.8;1;11267092120;B
20241007;100002;717.8;11;11267092121;B
20241007;100002;718;1;11267092122;B
20241007;100002;718;1;11267092123;B
20241007;100002;718;3;11267092124;B
20241007;100002;718;1;11267092125;B
20241007;100002;718;5;11267092126;B
20241007;100002;718;56;11267092127;B
20241007;100002;717;4;11267092296;B
20241007;100002;717;1;11267092333;B
20241007;100002;716.2;3;11267092363;S
20241007;100002;717;28;11267092368;B
20241007;100002;717.4;1;11267092369;B
20241007;100002;716.4;1;11267092370;S
20241007;100002;716.4;10;11267092379;S
20241007;100002;716.6;200;11267092389;S
20241007;100002;716.2;12;11267092391;S
20241007;100002;716.6;21;11267092430;B
20241007;100002;716.2;15;11267092431;S
20241007;100002;716.6;60;11267092435;B
20241007;100002;716.2;10;11267092458;S
20241007;100002;716.6;2;11267092468;B
20241007;100002;716.6;17;11267092471;B
20241007;100002;717;10;11267092472;B
20241007;100002;717;3;11267092473;B
20241007;100002;717.4;131;11267092474;B
20241007;100002;717.4;1;11267092475;B
20241007;100002;718;58;11267092476;B
20241007;100003;716.4;10;11267092523;S
20241007;100003;716.4;20;11267092527;S
20241007;100003;716.4;2;11267092538;S
20241007;100003;717;1;11267092596;B
20241007;100003;717.8;19;11267092597;B
20241007;100003;716.4;3;11267092633;S
20241007;100003;716.4;135;11267092638;S
20241007;100003;717.8;122;11267092661;B
20241007;100003;718;86;11267092662;B
20241007;100003;718;1;11267092663;B
20241007;100003;718.2;4;11267092664;B
20241007;100003;718.6;50;11267092665;B
20241007;100003;718.8;1;11267092666;B
20241007;100003;718.8;1;11267092667;B
20241007;100003;718.8;15;11267092668;B
20241007;100003;718.8;20;11267092669;B
20241007;100003;716.6;50;11267092684;S
20241007;100003;716.4;36;11267092685;S
20241007;100003;716.2;14;11267092686;S
20241007;100003;716.2;1;11267092689;S
20241007;100003;716.2;20;11267092700;S
20241007;100003;716.2;75;11267092704;S
20241007;100003;716;25;11267092705;S
20241007;100003;716;5;11267092715;S
20241007;100003;717;1;11267092718;B
20241007;100003;716;200;11267092736;S
20241007;100003;716;1;11267092776;S
20241007;100003;716;15;11267092785;S
20241007;100003;717;14;11267092796;B
20241007;100003;716;17;11267092823;S
20241007;100004;716.6;7;11267092944;B
20241007;100004;716.8;3;11267092945;B
20241007;100004;716.8;4;11267092947;B
20241007;100004;716.8;7;11267092962;B
20241007;100004;716.8;127;11267092987;B
20241007;100004;716.8;2;11267092988;B
20241007;100004;717;65;11267092989;B
20241007;100004;717;300;11267092990;B
20241007;100004;717;1;11267092991;B
20241007;100004;717.8;50;11267092992;B
20241007;100004;718;400;11267092993;B
20241007;100004;718;71;11267092994;B
20241007;100004;719;3;11267092995;B
20241007;100004;719;1;11267092996;B
20241007;100004;719;200;11267092997;B
20241007;100004;719.2;1;11267092998;B
20241007;100004;719.4;1;11267092999;B
20241007;100004;719.4;5;11267093000;B
20241007;100004;719.6;2;11267093001;B
20241007;100004;719.6;20;11267093002;B
20241007;100004;719.6;5;11267093003;B
20241007;100004;719.8;1;11267093004;B
20241007;100004;719.8;2;11267093005;B
20241007;100004;719.8;2;11267093006;B
20241007;100004;719.8;1;11267093007;B
20241007;100004;719.8;1;11267093008;B
20241007;100004;719.8;220;11267093009;B
20241007;100004;719;5;11267093012;S
20241007;100004;719.8;30;11267093103;B
20241007;100004;719.8;50;11267093104;B
20241007;100004;720;7;11267093105;B
20241007;100004;720;1;11267093106;B
20241007;100004;720;1;11267093107;B
20241007;100004;720;10;11267093108;B
20241007;100004;720;50;11267093109;B
20241007;100004;720;4;11267093110;B
20241007;100004;720;1;11267093111;B
20241007;100004;720;50;11267093112;B
20241007;100004;720;2;11267093113;B
20241007;100004;720;25;11267093114;B
20241007;100004;720;1;11267093115;B
20241007;100004;720;200;11267093116;B
20241007;100004;720;5;11267093117;B
20241007;100004;720;2;11267093118;B
20241007;100004;720.2;3;11267093123;B
20241007;100004;720;100;11267093224;S
20241007;100004;720;300;11267093225;S
20241007;100004;720;1;11267093244;S
20241007;100004;720;1;11267093281;S
20241007;100004;720;2;11267093418;S
20241007;100004;720;50;11267093487;S
20241007;100004;720;1;11267093494;S
20241007;100004;720;7;11267093495;S
20241007;100004;720;20;11267093528;S
20241007;100004;720;3;11267093534;S
20241007;100004;720;1;11267093683;S
20241007;100004;720;500;11267093752;S
20241007;100004;720;52;11267093768;S
20241007;100004;720;1;11267093773;S
20241007;100005;719.2;5;11267095204;S
20241007;100005;719.2;25;11267095241;S
20241007;100005;719;28;11267095660;S
20241007;100005;720;30;11267097655;B
20241007;100005;719;1;11267097675;S
20241007;100005;719.2;2;11267097739;B
20241007;100005;719.2;1;11267097740;B
20241007;100005;720;97;11267097741;B
20241007;100005;719.8;1;11267097828;B
20241007;100005;719;10;11267097879;S
20241007;100005;719;50;11267098247;S
20241007;100006;719;1;11267099528;S
20241007;100006;719.2;1;11267100246;S
20241007;100006;719.2;3;11267100247;S
20241007;100006;719.2;33;11267100700;S
20241007;100006;719.8;4;11267101791;B
20241007;100007;719.8;1;11267102849;B
20241007;100007;719.8;1;11267102859;B
20241007;100007;719.8;5;11267103105;B
20241007;100007;719.2;1;11267103573;S
20241007;100007;719.2;2;11267103760;S
20241007;100007;719.8;129;11267104345;B
20241007;100007;720;10;11267104346;B
20241007;100007;720;16;11267104347;B
20241007;100007;720;2;11267104348;B
20241007;100007;720;343;11267104349;B
20241007;100007;719.2;1;11267105382;S
20241007;100008;720;14;11267105782;B
20241007;100008;720;1;11267105783;B
20241007;100008;720;1;11267107655;B
20241007;100009;719.4;2;11267109935;S
20241007;100009;720;1;11267110075;B
20241007;100009;719.4;1;11267110540;S
20241007;100010;720;5;11267111032;B
20241007;100010;720;63;11267111318;B
20241007;100010;720;72;11267111878;B
20241007;100010;720;5;11267111879;B
20241007;100010;720;1;11267111880;B
20241007;100010;720;1;11267111881;B
20241007;100010;720.2;22;11267111882;B
20241007;100010;720.2;100;11267111883;B
20241007;100010;720.6;2;11267111884;B
20241007;100010;720.6;97;11267111885;B
20241007;100010;720.6;15;11267111886;B
20241007;100010;720.8;112;11267111887;B
20241007;100010;721;10;11267111888;B
20241007;100010;721;1;11267111889;B
20241007;100010;721;112;11267111890;B
20241007;100010;721;6;11267111891;B
20241007;100010;721.2;44;11267111892;B
20241007;100010;721.2;1;11267112167;B
20241007;100010;719.6;20;11267112348;S
20241007;100010;719.6;14;11267112349;S
20241007;100010;719.4;97;11267112350;S
20241007;100010;719.2;15;11267112351;S
20241007;100010;719;493;11267112352;S
20241007;100011;719.6;1;11267112434;S
20241007;100013;719.4;4;11267114691;S
20241007;100018;719.4;84;11267115827;S
20241007;100019;719.4;40;11267115977;S
20241007;100019;719.2;99;11267115978;S
20241007;100019;719;11;11267115979;S
20241007;100019;719.8;20;11267116214;B
20241007;100020;719.2;64;11267116344;S
20241007;100020;719;6;11267116345;S
20241007;100020;719;971;11267116520;S
20241007;100022;718;1;11267116974;S
20241007;100022;717.2;5;11267116987;S
20241007;100023;717.2;27;11267117230;S
20241007;100023;717;73;11267117231;S
20241007;100023;717;15;11267117301;S
20241007;100027;717.2;16;11267118523;S
20241007;100030;717.2;70;11267119255;B
20241007;100031;717.2;14;11267119633;B
20241007;100034;717;236;11267120453;S
20241007;100035;717;1;11267120757;S
20241007;100037;717;13;11267121206;S
20241007;100037;717;11;11267121207;S
20241007;100039;716.4;1;11267122147;S
20241007;100041;716.4;7;11267122592;S
20241007;100041;716.4;1;11267122593;S
20241007;100041;716.2;11;11267122594;S
20241007;100041;716.2;1;11267122595;S
20241007;100043;716.4;4;11267123200;S
20241007;100044;716.4;1;11267123430;S
20241007;100044;716.4;1;11267123432;S
20241007;100044;716.4;1;11267123435;S
20241007;100044;716.2;1;11267123439;S
20241007;100051;716.8;50;11267125882;B
20241007;100053;716.8;1;11267126388;B
20241007;100053;717;2;11267126389;B
20241007;100053;717;77;11267126390;B
20241007;100057;716.8;50;11267127408;B
20241007;100059;716.6;1;11267128450;S
20241007;100103;716.6;4;11267130175;S
20241007;100103;716.6;1;11267130176;S
20241007;100103;716.6;1;11267130177;S
20241007;100104;716.6;9;11267130280;S
20241007;100104;716.6;1;11267130281;S
20241007;100104;716.4;3;11267130282;S
20241007;100104;716.4;320;11267130283;S
20241007;100104;716.4;23;11267130284;S
20241007;100104;716.4;298;11267130285;S
20241007;100104;716.2;23;11267130286;S
20241007;100104;716;323;11267130287;S
20241007;100104;716;60;11267130515;S
20241007;100107;716.2;1;11267131172;S
20241007;100107;716;299;11267131173;S
20241007;100107;716.2;29;11267131488;B
20241007;100110;716.2;100;11267132097;S
20241007;100118;716.2;190;11267134259;S
20241007;100118;716;10;11267134260;S
20241007;100119;716;3;11267134559;S
20241007;100120;716.2;1;11267134771;B
20241007;100120;716;3;11267134826;S
20241007;100123;716;200;11267135594;S
20241007;100123;716;30;11267135635;S
20241007;100124;716;580;11267135777;S
20241007;100126;716;30;11267136238;S
20241007;100126;716;978;11267136247;S
20241007;100126;716;22;11267136248;S
20241007;100126;716;78;11267136252;S
20241007;100126;716;1;11267136253;S
20241007;100126;716;10;11267136268;S
20241007;100126;716;20;11267136289;S
20241007;100126;716;3332;11267136389;S
20241007;100126;716.2;100;11267136390;B
20241007;100127;716.2;50;11267136452;S
20241007;100127;716.2;100;11267136490;S
20241007;100127;716;260;11267136491;S
20241007;100138;715.8;10;11267138974;B
20241007;100138;716;90;11267138975;B
20241007;100139;715.6;200;11267139270;S
20241007;100141;715.8;99;11267139791;B
20241007;100141;716;101;11267139792;B
20241007;100144;715.6;2;11267140537;S
20241007;100146;715.6;5;11267140865;S
20241007;100149;716;300;11267141684;B
20241007;100149;716;10;11267141685;B
20241007;100149;716;1;11267141686;B
20241007;100149;716;40;11267141687;B
20241007;100149;716;10;11267141688;B
20241007;100150;716.2;33;11267141817;B
20241007;100150;716.6;1;11267141818;B
20241007;100150;716.8;9;11267141819;B
20241007;100150;716.8;4;11267141820;B
20241007;100150;717;3;11267141821;B
20241007;100202;717;1;11267145433;B
20241007;100207;716.2;25;11267147009;S
20241007;100207;716.2;40;11267147010;S
20241007;100207;716.2;1;11267147011;S
20241007;100207;716.2;84;11267147012;B
20241007;100217;716;19;11267150968;S
20241007;100217;716;1;11267150969;S
20241007;100217;716;1;11267150970;S
20241007;100217;715.8;1;11267150971;S
20241007;100217;715.6;8;11267150972;S
20241007;100218;715.6;30;11267151171;S
20241007;100223;716.4;10;11267152891;S
20241007;100228;716.8;2;11267154109;B
20241007;100236;716.8;14;11267156405;B
20241007;100236;716.8;14;11267156406;B
20241007;100236;717;9;11267156407;B
20241007;100236;717;23;11267156408;B
20241007;100240;716.6;1;11267157379;S
20241007;100240;716.4;1;11267157430;S
20241007;100240;716.4;1;11267157541;S
20241007;100241;716.4;1;11267157621;S
20241007;100241;716.4;1;11267157718;S
20241007;100242;716.4;1;11267157776;S
20241007;100242;716.4;1;11267157851;S
20241007;100242;716.4;1;11267157906;S
20241007;100244;716.4;2;11267158344;S
20241007;100244;717;7;11267158519;B
20241007;100244;717;75;11267158520;B
20241007;100244;717;10;11267158521;B
20241007;100244;717;50;11267158522;B
20241007;100245;717;1;11267158741;S
20241007;100247;717;7;11267159325;S
20241007;100248;717;493;11267159433;B
20241007;100248;717.2;2;11267159434;B
20241007;100248;717.2;1;11267159435;B
20241007;100248;717.2;50;11267159436;B
20241007;100248;717.8;15;11267159437;B
20241007;100248;718;1;11267159438;B
20241007;100248;718;10;11267159439;B
20241007;100248;718;50;11267159440;B
20241007;100248;718;78;11267159441;B
20241007;100252;717;2;11267160149;S
20241007;100300;717;20;11267162295;B
20241007;100300;717;12;11267162307;B
20241007;100303;717;18;11267163216;B
20241007;100303;718;10;11267163229;B
20241007;100310;718;1;11267165916;B
20241007;100314;718.4;89;11267168240;B
20241007;100316;718.4;121;11267168865;B
20241007;100318;718.2;1;11267169801;S
20241007;100319;718.6;18;11267170379;B
20241007;100329;718.2;10;11267173952;S
20241007;100339;718.2;1;11267177683;S
20241007;100342;718.2;2;11267178654;S
20241007;100342;718;1;11267178655;S
20241007;100342;718.4;2;11267178839;B
20241007;100342;718.4;48;11267178840;B
20241007;100349;718;1;11267180978;S
20241007;100350;718.4;9;11267181112;B
20241007;100350;718.4;5;11267181113;B
20241007;100353;718;1;11267182011;S
20241007;100353;718;2;11267182032;S
20241007;100354;718;5;11267182241;S
20241007;100354;718;124;11267182242;S
20241007;100354;718;15;11267182243;S
20241007;100355;718;30;11267182582;B
20241007;100356;717.6;2;11267182903;B
20241007;100356;718;26;11267182904;B
20241007;100356;718;14;11267182905;B
20241007;100356;718.2;4;11267182906;B
20241007;100356;718.2;14;11267182907;B
20241007;100356;718.4;40;11267182908;B
20241007;100358;717;2;11267183485;S
20241007;100359;717;100;11267183762;S
20241007;100404;717.4;2;11267184905;B
20241007;100404;718.2;18;11267184906;B
20241007;100409;717.2;1;11267186106;S
20241007;100415;717.2;5;11267187542;S
20241007;100418;717.6;2;11267188280;B
20241007;100418;717.8;89;11267188281;B
20241007;100423;717.6;5;11267189254;S
20241007;100427;717.6;2;11267190304;S
20241007;100433;717.6;5;11267191895;S
20241007;100440;717.8;2;11267193626;B
20241007;100440;717.8;5;11267193627;B
20241007;100440;718;23;11267193628;B
20241007;100440;717.6;2;11267193696;S
20241007;100442;717.8;83;11267194101;S
20241007;100442;717.6;17;11267194102;S
20241007;100451;717.6;1;11267196564;S
20241007;100451;717.6;1;11267196645;S
20241007;100452;717.6;1;11267196695;S
20241007;100452;717.6;1;11267196825;S
20241007;100453;717.6;1;11267197062;S
20241007;100454;717.6;1;11267197445;S
20241007;100454;717.8;12;11267197465;B
20241007;100459;717.6;50;11267198787;S
20241007;100500;717.6;63;11267199159;S
20241007;100500;717.6;1;11267199160;S
20241007;100500;717.6;1;11267199161;S
20241007;100500;717.6;1;11267199162;S
20241007;100500;717.4;14;11267199163;S
20241007;100500;717.2;18;11267199164;S
20241007;100500;717;2;11267199165;S
20241007;100500;717;36;11267199410;S
20241007;100501;717;15;11267199453;S
20241007;100515;717;20;11267204036;S
20241007;100527;717;10;11267207343;S
20241007;100528;717;2;11267207503;S
20241007;100528;717;45;11267207626;S
20241007;100528;717;55;11267207627;S
20241007;100528;717;20;11267207629;S
20241007;100532;717;1;11267208590;S
20241007;100534;717;2;11267208965;S
20241007;100534;717;22;11267209019;S
20241007;100534;717;1;11267209020;S
20241007;100536;716.2;14;11267209420;S
20241007;100536;716;1;11267209421;S
20241007;100536;716;1;11267209481;S
20241007;100537;716;20;11267209532;S
20241007;100559;716.2;10;11267214745;S
20241007;100604;716.2;1;11267215726;S
20241007;100604;716.2;7;11267215871;S
20241007;100604;716.2;193;11267215872;S
20241007;100620;716;20;11267219754;S
20241007;100620;716;52;11267219798;B
20241007;100620;716;13;11267219799;B
20241007;100620;716.2;13;11267219800;B
20241007;100622;716.2;6;11267220273;S
20241007;100631;716.2;100;11267222375;S
20241007;100637;716.4;15;11267223838;B
20241007;100640;716.2;1;11267224512;S
20241007;100645;716.2;20;11267225777;S
20241007;100651;716.2;45;11267227203;S
20241007;100651;716.2;55;11267227204;S
20241007;100653;716.4;12;11267227618;B
20241007;100653;716.2;140;11267227661;S
20241007;100701;716.2;5;11267229632;S
20241007;100701;716;15;11267229633;S
20241007;100701;715.8;15;11267229634;S
20241007;100701;715.8;65;11267229635;S
20241007;100702;716.2;10;11267229854;B
20241007;100721;716.2;16;11267234095;B
20241007;100721;716.2;2;11267234096;B
20241007;100721;716.2;2;11267234097;B
20241007;100721;716.2;1;11267234098;B
20241007;100735;715.6;2;11267237174;S
20241007;100735;715.6;1;11267237216;S
20241007;100741;715.6;10;11267238559;S
20241007;100741;715.6;50;11267238560;S
20241007;100758;715.8;1;11267242626;B
20241007;100810;715.6;1;11267245296;S
20241007;100834;715.8;1;11267249722;B
20241007;100842;715.6;10;11267250900;S
20241007;100853;715.6;1;11267253106;S
20241007;100905;715.6;1;11267255964;S
20241007;100910;715.6;7;11267256984;S
20241007;100910;715.6;1;11267256985;S
20241007;100910;715.4;17;11267256986;S
20241007;100917;715.8;66;11267258599;B
20241007;100917;715.8;108;11267258600;B
20241007;100917;715.8;25;11267258601;B
20241007;100917;715.8;2;11267258602;B
20241007;100917;715.8;1;11267258603;B
20241007;100917;716;19;11267258604;B
20241007;100917;716.2;9;11267258605;B
20241007;100917;716.4;1;11267258606;B
20241007;100917;716.4;1;11267258607;B
20241007;100917;716.4;12;11267258608;B
20241007;100917;716.6;201;11267258609;B
20241007;100917;716.8;5;11267258610;B
20241007;100917;715.6;1;11267258671;S
20241007;100932;715.4;11;11267263938;S
20241007;100953;715.6;5;11267269348;S
20241007;100954;715.6;222;11267269486;S
20241007;100954;715.4;228;11267269487;S
20241007;100955;715.4;1;11267269918;S
20241007;100959;715.4;21;11267270957;S
20241007;101000;715.4;19;11267271269;S
20241007;101036;715.4;1;11267279240;S
20241007;101048;715.4;8;11267281950;S
20241007;101052;715.6;1;11267282991;B
20241007;101052;715.8;19;11267282992;B
20241007;101052;715.8;10;11267282993;B
20241007;101056;715.8;30;11267283897;B
20241007;101059;715.8;78;11267284376;B
20241007;101059;715.8;1;11267284403;S
20241007;101101;715.8;1;11267284802;S
20241007;101108;715.8;15;11267286283;S
20241007;101112;716;1;11267287044;B
20241007;101112;716;5;11267287045;B
20241007;101112;715.8;1;11267287053;S
20241007;101112;716;15;11267287054;B
20241007;101112;716;10;11267287055;B
20241007;101112;716;23;11267287056;B
20241007;101112;716.2;22;11267287057;B
20241007;101121;716.6;6;11267288857;B
20241007;101121;716.6;21;11267288858;B
20241007;101121;716.8;3;11267288859;B
20241007;101122;716.8;1;11267289105;B
20241007;101155;716.2;2;11267295691;B
20241007;101156;716;1;11267295776;S
20241007;101158;716.2;2;11267296215;B
20241007;101200;716;9;11267297065;S
20241007;101200;715.8;4;11267297066;S
20241007;101202;715.4;7;11267297399;S
20241007;101206;715.4;12;11267298276;S
20241007;101206;715.4;1;11267298277;S
20241007;101206;715.4;1;11267298278;S
20241007;101206;715.2;3;11267298318;S
20241007;101206;715;2;11267298319;S
20241007;101207;715;100;11267298431;S
20241007;101207;715;13;11267298432;S
20241007;101208;715.2;1;11267298535;B
20241007;101208;715.2;3;11267298536;B
20241007;101211;715;1;11267299230;S
20241007;101211;715;1;11267299234;S
20241007;101211;715;24;11267299235;S
20241007;101213;715.2;1;11267299724;B
20241007;101213;715.2;16;11267299725;B
20241007;101213;715.4;18;11267299726;B
20241007;101214;715.2;1;11267300049;B
20241007;101214;715.4;2;11267300050;B
20241007;101218;715;6;11267300824;S
20241007;101218;715;25;11267300825;S
20241007;101218;715;10;11267300826;S
20241007;101218;715;1;11267300827;S
20241007;101218;715;2;11267300828;S
20241007;101219;715.2;1;11267300912;B
20241007;101219;715.2;2;11267300913;B
20241007;101226;715;2;11267302488;S
20241007;101226;715;7;11267302489;S
20241007;101240;715;93;11267304544;S
20241007;101240;715;1;11267304545;S
20241007;101240;714.8;1;11267304546;S
20241007;101240;714.8;14;11267304547;S
20241007;101240;714.6;15;11267304548;S
20241007;101240;714.2;1;11267304549;S
20241007;101240;714.2;158;11267304550;S
20241007;101240;714;50;11267304551;S
20241007;101240;714;50;11267304552;S
20241007;101240;713.8;280;11267304553;S
20241007;101240;713.8;6;11267304564;S
20241007;101241;713.8;1;11267304672;S
20241007;101241;713.8;4;11267304711;S
20241007;101252;713.8;9;11267306196;S
20241007;101252;713.8;1;11267306223;S
20241007;101254;714;9;11267306528;B
20241007;101256;714;8;11267306727;B
20241007;101256;714;2;11267306728;B
20241007;101258;713.8;3;11267307159;S
20241007;101258;713.8;1;11267307171;S
20241007;101342;713.8;1;11267315644;S
20241007;101346;713.8;36;11267316572;S
20241007;101348;713.8;100;11267316857;S
20241007;101351;713.8;10;11267317509;S
20241007;101351;713.8;1;11267317548;S
20241007;101402;713.8;9;11267319814;S
20241007;101403;713.8;183;11267320012;S
20241007;101403;713.8;58;11267320013;S
20241007;101415;713.6;7;11267322086;S
20241007;101415;713.6;20;11267322087;S
20241007;101415;713.4;28;11267322088;S
20241007;101415;713.4;20;11267322089;S
20241007;101415;713.2;79;11267322090;S
20241007;101415;713;60;11267322091;S
20241007;101415;713;82;11267322092;S
20241007;101415;712.8;4;11267322093;S
20241007;101415;714;10;11267322133;B
20241007;101415;714;90;11267322134;B
20241007;101422;714;2;11267323345;B
20241007;101422;713.6;3;11267323405;S
20241007;101422;713.2;2;11267323406;S
20241007;101426;713.2;1;11267324081;S
20241007;101445;713.6;1;11267328071;B
20241007;101500;713.4;38;11267331774;S
20241007;101501;713.4;1;11267331836;S
20241007;101501;713.4;1;11267331853;S
20241007;101505;713.6;161;11267333570;B
20241007;101505;713.6;1;11267333571;B
20241007;101510;714;3;11267335711;S
20241007;101512;713.6;7;11267336728;S
20241007;101524;713.6;1;11267341388;S
20241007;101526;714;18;11267342300;B
20241007;101527;714.4;1;11267342630;B
20241007;101527;714.6;24;11267342631;B
20241007;101535;714;53;11267345762;S
20241007;101535;714;15;11267345763;S
20241007;101535;713.8;14;11267345764;S
20241007;101535;713.6;72;11267345765;S
20241007;101535;713.4;10;11267345766;S
20241007;101535;713.2;36;11267345767;S
20241007;101614;714;5;11267358696;S
20241007;101616;714;19;11267359233;S
20241007;101618;714.2;1;11267360128;B
20241007;101618;714.2;14;11267360129;B
20241007;101618;714.4;161;11267360130;B
20241007;101618;714.8;10;11267360131;B
20241007;101618;715;10;11267360132;B
20241007;101618;715;160;11267360133;B
20241007;101619;714.2;1;11267360213;S
20241007;101619;714.4;1;11267360363;B
20241007;101623;714.8;24;11267361725;S
20241007;101623;714.6;10;11267361726;S
20241007;101624;714;9;11267362137;S
20241007;101625;714;9;11267362455;S
20241007;101625;714;1;11267362633;S
20241007;101626;714.2;1;11267362874;B
20241007;101626;714.2;4;11267362920;B
20241007;101626;714.2;1;11267363129;B
20241007;101627;714.2;1;11267363202;B
20241007;101627;714;1;11267363322;S
20241007;101627;714.2;1;11267363401;B
20241007;101628;714.2;1;11267363493;B
20241007;101628;714.2;1;11267363813;B
20241007;101629;714.2;1;11267363911;B
20241007;101629;714.2;14;11267363913;B
20241007;101629;714;1;11267363995;S
20241007;101647;714.2;95;11267369272;B
20241007;101648;714;4;11267369498;S
20241007;101650;714;4;11267369899;S
20241007;101650;714;1;11267369915;S
20241007;101652;714.2;2;11267370418;B
20241007;101659;714;7;11267371744;S
20241007;101705;714;6;11267372986;S
20241007;101706;714;5;11267373099;S
20241007;101706;714;1;11267373135;S
20241007;101709;714.2;1;11267373837;B
20241007;101710;714;7;11267374042;S
20241007;101713;714;8;11267374527;S
20241007;101718;714.2;30;11267375377;B
20241007;101718;714;1;11267375560;S
20241007;101719;714.2;2;11267375629;B
20241007;101721;714;10;11267376222;S
20241007;101724;714;1;11267376705;S
20241007;101728;713.8;1;11267377600;S
20241007;101728;713.6;1;11267377873;S
20241007;101731;713.6;3;11267378419;S
20241007;101735;713.8;1;11267379346;B
20241007;101737;713.6;4;11267379886;S
20241007;101741;714;5;11267380797;B
20241007;101742;713.8;1;11267380941;B
20241007;101742;714;74;11267380942;B
20241007;101749;714;136;11267382873;B
20241007;101749;714;5;11267382874;B
20241007;101749;714.2;8;11267382875;B
20241007;101749;713.8;1;11267382896;S
20241007;101749;713.6;3;11267382961;S
20241007;101801;713.8;4;11267386405;S
20241007;101829;713.6;1;11267393793;S
20241007;101843;713.6;10;11267397124;S
20241007;101845;713.8;1;11267397646;B
20241007;101845;714;5;11267397647;B
20241007;101848;713.6;10;11267398346;S
20241007;101850;713.6;1;11267399026;S
20241007;101850;713.6;2;11267399027;S
20241007;101902;713.8;1;11267401905;B
20241007;101904;714;34;11267402735;B
20241007;101924;713.8;3;11267408497;S
20241007;101927;714;1;11267409163;B
20241007;101928;713.8;8;11267409289;S
20241007;101928;713.8;8;11267409290;S
20241007;101928;713.8;40;11267409291;S
20241007;101928;713.8;3;11267409292;S
20241007;101932;713.6;11;11267410790;S
20241007;101934;713.8;2;11267411372;B
20241007;101949;713.8;113;11267415379;B
20241007;102000;713.6;2;11267418239;S
20241007;102000;713.6;33;11267418240;S
20241007;102017;713.8;5;11267424085;B
20241007;102036;713.4;50;11267437590;S
20241007;102037;713.4;5;11267438206;S
20241007;102053;713.6;1;11267450904;B
20241007;102102;713.4;3;11267457702;S
20241007;102111;713.4;2;11267464366;S
20241007;102112;713.4;18;11267465442;S
20241007;102112;713.4;32;11267465443;S
20241007;102115;713.4;2;11267467218;S
20241007;102123;713.6;4;11267473335;B
20241007;102123;713.6;4;11267473336;B
20241007;102123;713.6;150;11267473337;B
20241007;102126;713.4;3;11267475257;S
20241007;102142;713.4;9;11267488310;S
20241007;102142;713.4;5;11267488311;S
20241007;102142;713.4;16;11267488312;S
20241007;102149;713.6;16;11267493200;S
20241007;102152;713.6;7;11267495352;S
20241007;102152;713.6;1;11267495353;S
20241007;102204;713.6;4;11267504172;S
20241007;102204;713.6;5;11267504173;S
20241007;102215;713.6;7;11267510817;S
20241007;102215;713.6;19;11267510818;S
20241007;102215;713.4;24;11267510819;S
20241007;102229;713.4;3;11267518648;S
20241007;102235;713.4;3;11267519525;S
20241007;102235;713.4;20;11267519526;S
20241007;102235;713.2;66;11267519527;S
20241007;102244;713.2;3;11267520886;S
20241007;102307;713.2;1;11267524494;S
20241007;102330;713.6;2;11267529156;B
20241007;102331;713.2;1;11267529331;S
20241007;102332;713.2;1;11267529647;S
20241007;102413;713.2;1;11267535961;S
20241007;102413;713.2;3;11267535962;S
20241007;102413;713.2;16;11267535963;S
20241007;102413;713;30;11267535964;S
20241007;102421;713.2;1;11267537329;S
20241007;102421;713.2;6;11267537330;S
20241007;102421;713.2;1;11267537339;S
20241007;102421;713;4;11267537340;S
20241007;102427;713.4;5;11267538293;B
20241007;102427;713.6;18;11267538294;B
20241007;102427;713.6;210;11267538295;B
20241007;102427;713.6;23;11267538296;B
20241007;102441;713.6;6;11267540657;S
20241007;102453;713.8;2;11267542445;B
20241007;102500;713.8;17;11267543617;S
20241007;102518;713.8;6;11267546418;S
20241007;102523;713.8;3;11267547560;S
20241007;102538;713.8;4;11267550185;S
20241007;102538;713.6;1;11267550341;S
20241007;102538;713.4;1;11267550342;S
20241007;102538;713.4;27;11267550343;S
20241007;102552;713.2;25;11267552484;S
20241007;102559;713.2;32;11267553742;S
20241007;102604;713.2;2;11267554556;S
20241007;102607;713.2;3;11267554978;S
20241007;102608;713.4;1;11267555152;B
20241007;102614;713.2;100;11267556134;S
20241007;102623;713.4;3;11267557440;B
20241007;102644;713.2;16;11267560726;S
20241007;102652;713.2;1;11267561732;S
20241007;102652;713.2;21;11267561845;S
20241007;102652;713.2;1;11267561846;S
20241007;102652;713;28;11267561847;S
20241007;102655;713;32;11267562209;S
20241007;102706;713.2;45;11267563811;B
20241007;102706;713.2;52;11267563812;B
20241007;102706;713.2;4;11267563867;S
20241007;102713;713.2;50;11267565378;S
20241007;102717;713.2;50;11267565995;S
20241007;102720;713.2;6;11267566562;S
20241007;102725;713.4;2;11267567382;B
20241007;102736;713.4;15;11267569445;B
20241007;102736;713.4;1;11267569446;B
20241007;102736;713.4;10;11267569447;B
20241007;102736;713.4;172;11267569448;B
20241007;102736;713.4;56;11267569449;B
20241007;102737;713.4;1;11267569549;S
20241007;102756;713.4;3;11267573127;S
20241007;102804;713.4;40;11267574339;S
20241007;102814;713.4;50;11267576177;S
20241007;102817;713.4;5;11267576558;S
20241007;102827;713.6;4;11267577989;B
20241007;102827;713.6;1;11267577990;B
20241007;102835;713.8;259;11267578974;B
20241007;102835;713.8;33;11267578975;B
20241007;102900;713.6;2;11267582703;S
20241007;102905;713.6;1;11267583334;S
20241007;102909;713.8;2;11267583916;B
20241007;102909;713.8;130;11267583939;B
20241007;102909;714;70;11267583940;B
20241007;102914;714;10;11267584464;B
20241007;102930;714;100;11267586418;B
20241007;102940;713.6;1;11267587552;S
20241007;102948;714;1;11267588462;B
20241007;102959;713.6;1;11267589921;S
20241007;102959;713.6;8;11267589967;S
20241007;103001;713.6;32;11267590167;S
20241007;103001;713.4;4;11267590168;S
20241007;103011;713.4;12;11267591533;S
20241007;103015;713;16;11267592117;S
20241007;103015;713;100;11267592118;S
20241007;103015;713;30;11267592119;S
20241007;103015;713;75;11267592120;S
20241007;103015;712.6;42;11267592121;S
20241007;103015;712.6;43;11267592122;S
20241007;103015;712.4;10;11267592157;S
20241007;103016;712.4;1;11267592218;S
20241007;103016;712.4;50;11267592219;S
20241007;103016;712.4;98;11267592220;S
20241007;103030;712.2;6;11267594241;S
20241007;103035;712.2;2;11267594901;S
20241007;103045;712.4;17;11267596376;B
20241007;103138;712.4;52;11267603969;S
20241007;103138;712.4;40;11267603970;S
20241007;103138;712.2;34;11267603971;S
20241007;103138;712.2;50;11267603972;S
20241007;103138;712.2;18;11267603973;S
20241007;103141;712;50;11267604321;S
20241007;103142;712;7;11267604519;S
20241007;103143;712;7;11267604563;S
20241007;103203;712.2;1;11267607004;B
20241007;103206;712.2;3;11267607332;B
20241007;103206;712;20;11267607346;S
20241007;103210;712;1;11267607851;S
20241007;103212;712;50;11267608158;S
20241007;103214;712.2;3;11267608564;B
20241007;103215;712;3;11267608750;S
20241007;103216;712.2;30;11267609131;B
20241007;103220;712;37;11267609576;S
20241007;103220;712;180;11267609577;S
20241007;103220;712;1;11267609578;S
20241007;103220;712;5;11267609579;S
20241007;103220;712;77;11267609580;S
20241007;103226;712.2;166;11267610190;B
20241007;103239;712;2;11267611735;S
20241007;103239;712;5;11267611808;S
20241007;103241;712;1;11267611970;S
20241007;103248;712.2;30;11267612713;B
20241007;103256;712;1;11267613814;S
20241007;103302;712;1;11267614787;S
20241007;103313;712;50;11267616356;S
20241007;103318;712;19;11267617019;S
20241007;103322;712;50;11267617558;S
20241007;103327;712;1;11267618208;S
20241007;103332;712;50;11267618761;S
20241007;103337;712;2;11267619431;S
20241007;103402;712;31;11267623248;S
20241007;103402;712;10;11267623249;S
20241007;103402;712;20;11267623250;S
20241007;103402;712;16;11267623251;S
20241007;103402;712;2;11267623252;S
20241007;103402;711.8;15;11267623253;S
20241007;103402;711.8;29;11267623254;S
20241007;103402;711.4;124;11267623255;S
20241007;103402;711.2;10;11267623256;S
20241007;103402;711.2;150;11267623257;S
20241007;103402;711;30;11267623258;S
20241007;103402;711;9;11267623259;S
20241007;103402;711;20;11267623260;S
20241007;103402;711;5;11267623261;S
20241007;103402;710.6;5;11267623262;S
20241007;103402;710.6;24;11267623263;S
20241007;103402;710.8;32;11267623270;S
20241007;103402;710.8;70;11267623273;S
20241007;103403;710.8;2;11267623383;S
20241007;103403;712;34;11267623384;B
20241007;103403;710.8;20;11267623425;S
20241007;103416;710.8;6;11267625057;S
20241007;103430;711;100;11267626896;S
20241007;103436;711.6;1;11267627810;B
20241007;103457;711.8;1;11267631058;B
20241007;103457;711.8;52;11267631059;B
20241007;103459;711.8;10;11267631349;B
20241007;103459;711.6;3;11267631352;S
20241007;103513;711.4;1;11267634011;S
20241007;103607;711.4;50;11267641092;S
20241007;103607;711.4;12;11267641093;S
20241007;103619;711.2;1;11267642504;S
20241007;103625;711.2;14;11267643358;S
20241007;103630;711;300;11267644104;S
20241007;103630;711;50;11267644105;S
20241007;103630;710.8;50;11267644122;S
20241007;103633;710.8;1;11267644493;S
20241007;103638;710.6;1;11267645010;S
20241007;103707;710.6;14;11267648350;S
20241007;103712;710.4;10;11267648847;S
20241007;103713;710.4;40;11267648963;S
20241007;103713;710.4;10;11267648964;S
20241007;103725;710.6;5;11267650428;B
20241007;103725;710.6;10;11267650429;B
20241007;103742;710.6;2;11267652623;B
20241007;103754;710.6;2;11267653729;B
20241007;103804;710.6;1;11267654961;B
20241007;103811;710.6;4;11267655817;S
20241007;103811;710.6;4;11267655818;S
20241007;103838;711.2;2;11267660046;B
20241007;103916;711.2;1;11267667226;B
20241007;103916;711.2;19;11267667294;B
20241007;103925;711.2;77;11267668272;B
20241007;103925;711.2;5;11267668273;B
20241007;103925;711.2;14;11267668274;B
20241007;103925;711.2;4;11267668275;B
20241007;103925;710.8;20;11267668304;S
20241007;103930;710.8;30;11267668899;S
20241007;103930;710.8;17;11267668900;S
20241007;103956;710.8;50;11267671599;B
20241007;103956;710.6;5;11267671624;S
20241007;103958;710.6;1;11267671869;S
20241007;103958;710.6;1;11267671870;S
20241007;103959;710.6;16;11267672116;S
20241007;104006;710.4;1;11267672892;S
20241007;104024;710.4;1;11267675199;S
20241007;104024;710.4;7;11267675200;S
20241007;104027;710.4;1;11267676023;B
20241007;104027;710.6;14;11267676024;B
20241007;104027;710.8;23;11267676025;B
20241007;104027;710.8;14;11267676026;B
20241007;104039;711;1;11267677979;S
20241007;104040;710.8;5;11267678095;S
20241007;104114;711.2;2;11267681930;B
20241007;104126;711;3;11267683223;S
20241007;104140;711;85;11267684651;B
20241007;104144;711;12;11267685181;B
20241007;104144;711;150;11267685182;B
20241007;104145;711.2;4;11267685336;B
20241007;104145;711.4;1;11267685337;B
20241007;104147;711.4;2;11267685560;B
20241007;104151;711;4;11267686077;S
20241007;104214;711;3;11267688926;S
20241007;104241;711;6;11267692031;S
20241007;104303;711.4;25;11267695178;B
20241007;104303;711.4;1;11267695179;B
20241007;104303;711.6;174;11267695180;B
20241007;104328;711.6;11;11267698432;B
20241007;104332;711.6;12;11267698922;B
20241007;104357;711.6;1;11267701515;B
20241007;104404;711.6;20;11267702467;B
20241007;104411;711.2;70;11267703201;S
20241007;104411;711;20;11267703202;S
20241007;104411;711;2;11267703203;S
20241007;104413;710.8;50;11267703733;S
20241007;104429;711;8;11267706439;B
20241007;104429;711;17;11267706440;B
20241007;104449;711;2;11267709093;B
20241007;104512;710.8;50;11267711855;S
20241007;104513;711;10;11267711941;B
20241007;104526;710.8;143;11267713246;S
20241007;104526;710.8;1;11267713247;S
20241007;104526;710.8;1;11267713248;S
20241007;104526;710.6;21;11267713249;S
20241007;104526;710.4;22;11267713250;S
20241007;104526;710.4;1;11267713251;S
20241007;104526;710.2;2;11267713252;S
20241007;104526;710.2;20;11267713253;S
20241007;104526;710.2;2;11267713254;S
20241007;104526;710.2;44;11267713255;S
20241007;104526;710.2;50;11267713256;S
20241007;104526;710;1;11267713257;S
20241007;104526;710;1;11267713258;S
20241007;104526;710;28;11267713259;S
20241007;104526;710;40;11267713260;S
20241007;104526;710;2;11267713261;S
20241007;104526;710;7;11267713262;S
20241007;104526;710;25;11267713263;S
20241007;104526;710;3;11267713264;S
20241007;104526;710;30;11267713265;S
20241007;104526;710;20;11267713266;S
20241007;104526;710;1;11267713267;S
20241007;104526;710;5;11267713268;S
20241007;104526;710;2;11267713269;S
20241007;104526;710;2;11267713270;S
20241007;104526;710;26;11267713271;S
20241007;104631;710.6;1;11267724173;S
20241007;104634;710.6;1;11267724449;B
20241007;104722;710.4;41;11267732816;B
20241007;104722;710.6;2;11267732817;B
20241007;104722;710.6;14;11267732818;B
20241007;104722;710.6;7;11267732819;B
20241007;104722;710.6;36;11267732820;B
20241007;104739;710.2;1;11267734906;S
20241007;104801;710.2;1;11267737716;B
20241007;104813;710;50;11267739418;S
20241007;104831;710;1;11267742386;S
20241007;104836;710;19;11267743101;S
20241007;104845;710;1;11267744769;S
20241007;104907;710;100;11267749774;S
20241007;104910;710;287;11267750122;S
20241007;104910;710;7;11267750123;S
20241007;104910;710;5;11267750124;S
20241007;104910;710;1;11267750125;S
20241007;104910;710;1;11267750126;S
20241007;104910;710;84;11267750127;S
20241007;104913;710;16;11267750594;S
20241007;104913;710;34;11267750595;S
20241007;104919;710;50;11267751923;S
20241007;104920;710.2;19;11267752145;B
20241007;104920;710.2;18;11267752146;B
20241007;104922;710;16;11267752455;S
20241007;104922;710;14;11267752456;S
20241007;104934;710.2;22;11267754806;B
20241007;104934;710.2;1;11267754807;B
20241007;104934;710.4;22;11267754808;B
20241007;104935;710;88;11267754866;S
20241007;104935;709.8;2;11267754956;S
20241007;104935;709.8;100;11267754957;S
20241007;104936;709.6;2;11267755064;S
20241007;104936;709.6;48;11267755065;S
20241007;104937;709.4;15;11267755148;S
20241007;104937;709.4;10;11267755149;S
20241007;105001;709.2;10;11267761458;S
20241007;105014;709;5;11267763882;S
20241007;105014;709;3;11267763883;S
20241007;105014;709;3;11267763884;S
20241007;105014;709;10;11267763885;S
20241007;105014;709;100;11267763886;S
20241007;105014;709;7;11267763887;S
20241007;105014;709;24;11267763888;S
20241007;105014;709;8;11267763889;S
20241007;105014;709;20;11267764013;S
20241007;105014;709;42;11267764087;S
20241007;105014;709;8;11267764088;S
20241007;105015;709;42;11267764136;S
20241007;105015;709;3;11267764137;S
20241007;105015;709;5;11267764138;S
20241007;105015;709;10;11267764139;S
20241007;105035;708.4;1;11267768034;S
20241007;105036;708.4;1;11267768113;S
20241007;105045;708.4;3;11267769544;S
20241007;105045;708.4;5;11267769545;S
20241007;105045;708.4;1;11267769546;S
20241007;105045;708.4;50;11267769547;S
20241007;105045;708.4;10;11267769548;S
20241007;105045;708.2;7;11267769549;S
20241007;105045;708.2;20;11267769550;S
20241007;105045;708.2;20;11267769551;S
20241007;105045;708.2;65;11267769552;S
20241007;105045;708;2;11267769553;S
20241007;105045;708;99;11267769554;S
20241007;105045;708;1;11267769555;S
20241007;105045;708;1;11267769556;S
20241007;105045;708;2;11267769557;S
20241007;105045;708;20;11267769558;S
20241007;105045;707.6;23;11267769624;S
20241007;105046;708;3;11267769660;B
20241007;105046;707.6;15;11267769677;S
20241007;105046;707.6;30;11267769679;S
20241007;105046;707.6;14;11267769861;S
20241007;105047;708;3;11267769878;B
20241007;105047;708;20;11267769879;B
20241007;105047;708;26;11267769880;B
20241007;105047;708.2;40;11267769881;B
20241007;105047;708.2;20;11267769882;B
20241007;105047;708.4;100;11267769883;B
20241007;105056;708.8;40;11267772427;B
20241007;105056;708.8;21;11267772428;B
20241007;105056;708.8;50;11267772429;B
20241007;105113;708.8;50;11267775076;S
20241007;105115;709;4;11267775403;B
20241007;105115;709;96;11267775404;B
20241007;105115;709;126;11267775405;B
20241007;105115;709;40;11267775406;B
20241007;105115;709;22;11267775407;B
20241007;105115;709;1;11267775408;B
20241007;105131;709;200;11267778496;S
20241007;105131;708.8;39;11267778497;S
20241007;105131;708.8;3;11267778498;S
20241007;105131;708.6;22;11267778499;S
20241007;105131;708.4;91;11267778500;S
20241007;105131;708.4;23;11267778501;S
20241007;105131;707.8;50;11267778502;S
20241007;105131;707.6;13;11267778503;S
20241007;105131;707.6;25;11267778504;S
20241007;105134;707.6;25;11267779092;S
20241007;105134;707.6;40;11267779093;S
20241007;105134;707.4;15;11267779094;S
20241007;105151;707.4;5;11267782321;S
20241007;105156;707.6;50;11267782993;S
20241007;105156;707.6;40;11267782994;S
20241007;105156;707.4;10;11267782995;S
20241007;105156;707.4;50;11267782996;S
20241007;105156;707.4;200;11267782997;S
20241007;105156;707.4;10;11267782998;S
20241007;105156;707.4;50;11267782999;S
20241007;105156;707.4;21;11267783000;S
20241007;105156;707.2;3;11267783001;S
20241007;105156;707.2;500;11267783002;S
20241007;105156;707.2;10;11267783003;S
20241007;105156;707.2;1;11267783004;S
20241007;105156;707.2;27;11267783005;S
20241007;105156;707;5;11267783006;S
20241007;105156;707;20;11267783007;S
20241007;105156;707;6;11267783008;S
20241007;105156;707;35;11267783009;S
20241007;105156;707;462;11267783010;S
20241007;105156;707.4;1;11267783123;S
20241007;105203;707.4;8;11267784146;S
20241007;105214;708;1;11267785936;B
20241007;105217;707.6;10;11267786290;S
20241007;105221;707.6;3;11267786832;S
20241007;105223;707.6;30;11267787279;S
20241007;105236;708;4;11267789645;B
20241007;105236;708.2;41;11267789646;B
20241007;105236;708.4;40;11267789647;B
20241007;105236;708.4;44;11267789648;B
20241007;105236;708.4;246;11267789649;B
20241007;105248;708.2;1;11267791700;S
20241007;105251;708.2;30;11267792572;S
20241007;105327;708;141;11267801470;S
20241007;105332;708;3;11267802106;B
20241007;105338;707.6;4;11267803430;S
20241007;105348;708;1;11267804953;B
20241007;105405;708;55;11267809236;B
20241007;105405;708.2;17;11267809237;B
20241007;105405;708.4;17;11267809238;B
20241007;105442;708.4;60;11267816539;S
20241007;105508;709;20;11267822360;B
20241007;105526;709.2;13;11267826347;B
20241007;105526;709.2;178;11267826348;B
20241007;105526;709.4;40;11267826349;B
20241007;105526;709.4;13;11267826350;B
20241007;105526;709.6;50;11267826351;B
20241007;105526;709.8;124;11267826352;B
20241007;105526;709.8;141;11267826353;B
20241007;105526;710;912;11267826354;B
20241007;105526;710;28;11267826355;B
20241007;105526;710;1;11267826356;B
20241007;105531;709.4;3;11267826892;B
20241007;105531;709.4;38;11267826930;B
20241007;105531;709.6;66;11267826931;B
20241007;105531;709.6;18;11267826932;B
20241007;105544;710.4;1;11267829060;B
20241007;105545;709.8;1;11267829347;S
20241007;105546;710.4;1;11267829515;B
20241007;105547;709.6;1;11267829702;S
20241007;105547;710.4;1;11267829824;B
20241007;105548;709.6;1;11267830242;S
20241007;105549;710.4;1;11267830509;B
20241007;105549;710.4;1;11267830718;B
20241007;105550;710.4;1;11267830787;B
20241007;105550;709.6;1;11267830913;S
20241007;105551;709.6;1;11267831063;S
20241007;105558;710;80;11267832337;S
20241007;105611;709.8;1;11267836035;B
20241007;105621;709.2;2;11267837742;S
20241007;105626;709.2;118;11267838559;S
20241007;105626;709;10;11267838560;S
20241007;105626;709;22;11267838561;S
20241007;105643;709.2;3;11267841357;S
20241007;105722;709;1;11267846873;S
20241007;105736;709;28;11267848583;S
20241007;105739;709.2;1;11267848952;B
20241007;105811;709;10;11267853020;S
20241007;105813;709;50;11267853448;S
20241007;105843;709;3;11267858937;S
20241007;105848;709;2;11267859651;S
20241007;105848;708.8;10;11267859652;S
20241007;105909;708.8;2;11267864199;S
20241007;105909;708.6;9;11267864200;S
20241007;105909;708.6;59;11267864201;S
20241007;105909;708.4;40;11267864202;S
20241007;105909;708.4;9;11267864203;S
20241007;105909;708.4;5;11267864204;S
20241007;105909;708.2;25;11267864205;S
20241007;105909;708.2;50;11267864206;S
20241007;105909;708;301;11267864207;S
20241007;105913;708.2;59;11267865152;S
20241007;105913;708;276;11267865153;S
20241007;105925;708;631;11267866418;S
20241007;105925;708;50;11267866419;S
20241007;105925;708;15;11267866420;S
20241007;105925;708;1304;11267866421;S
20241007;105925;708;61;11267866422;S
20241007;105925;708;61;11267866423;S
20241007;105929;708;5;11267866793;S
20241007;105941;708;5;11267868059;S
20241007;110002;708;1;11267871153;S
20241007;110003;708;3;11267871387;S
20241007;110003;708;24;11267871388;S
20241007;110003;707.8;29;11267871389;S
20241007;110004;707.6;11;11267871465;S
20241007;110020;707.8;3;11267873806;S
20241007;110033;708;6;11267875875;B
20241007;110041;707.8;4;11267877277;S
20241007;110101;707.8;12;11267880377;S
20241007;110116;708.2;20;11267882745;S
20241007;110131;708.2;3;11267886146;B
20241007;110137;707.8;3;11267887244;S
20241007;110249;708.8;10;11267907185;B
20241007;110249;709;10;11267907186;B
20241007;110256;708.6;4;11267908682;S
20241007;110301;709;5;11267909814;B
20241007;110318;708.6;1;11267915524;S
20241007;110324;709;5;11267917782;B
20241007;110327;709.6;90;11267918452;B
20241007;110347;709.6;25;11267925289;B
20241007;110353;709.6;100;11267926769;B
20241007;110359;709.6;100;11267928257;B
20241007;110400;709.6;25;11267928428;B
20241007;110401;709.6;125;11267928681;B
20241007;110401;709.6;20;11267928699;B
20241007;110401;709.6;15;11267928701;B
20241007;110412;710;24;11267931575;B
20241007;110412;710;25;11267931649;B
20241007;110413;710;51;11267931801;B
20241007;110413;710;19;11267931802;B
20241007;110413;710.2;19;11267931803;B
20241007;110413;710.4;40;11267931804;B
20241007;110413;710.4;40;11267931805;B
20241007;110413;710.8;191;11267931806;B
20241007;110413;710.8;203;11267931807;B
20241007;110413;710.8;42;11267931808;B
20241007;110414;710.8;50;11267931969;S
20241007;110414;711;8;11267931978;B
20241007;110414;711;142;11267931979;B
20241007;110414;711;100;11267932135;B
20241007;110414;711;2;11267932137;B
20241007;110415;711;15;11267932265;B
20241007;110415;711.2;185;11267932266;B
20241007;110418;711.2;200;11267933099;B
20241007;110419;711.2;65;11267933529;B
20241007;110420;711.8;1;11267933800;S
20241007;110420;712;5;11267933945;B
20241007;110420;711.8;5;11267933996;S
20241007;110420;712;14;11267934008;B
20241007;110420;712;1;11267934009;B
20241007;110420;712;125;11267934010;B
20241007;110421;712;5;11267934145;B
20241007;110421;712;25;11267934146;B
20241007;110422;712;38;11267934396;B
20241007;110422;712.2;8;11267934397;B
20241007;110422;712.2;4;11267934398;B
20241007;110422;712.2;65;11267934465;B
20241007;110422;712.2;40;11267934466;B
20241007;110422;712.4;35;11267934467;B
20241007;110423;712.4;27;11267934564;B
20241007;110423;712.4;10;11267934565;B
20241007;110423;712.4;13;11267934566;B
20241007;110423;712.2;20;11267934641;B
20241007;110423;712.2;30;11267934647;B
20241007;110423;712.2;39;11267934648;B
20241007;110423;712.2;40;11267934649;B
20241007;110423;712.6;41;11267934650;B
20241007;110425;712.2;25;11267935084;B
20241007;110425;712.2;25;11267935140;B
20241007;110430;711.2;141;11267937275;S
20241007;110430;711;2;11267937276;S
20241007;110430;711;227;11267937277;S
20241007;110430;711;20;11267937278;S
20241007;110430;710.8;5;11267937279;S
20241007;110432;710.4;12;11267937784;S
20241007;110437;712;25;11267939208;B
20241007;110442;712.4;50;11267940627;B
20241007;110442;712.4;9;11267940669;B
20241007;110442;712.4;41;11267940670;B
20241007;110447;712.2;1;11267941849;B
20241007;110447;712.2;24;11267941850;B
20241007;110448;712.6;14;11267942034;B
20241007;110448;712.6;62;11267942035;B
20241007;110448;712.6;51;11267942086;B
20241007;110448;712.6;40;11267942087;B
20241007;110448;712.8;9;11267942088;B
20241007;110449;712.6;56;11267942127;B
20241007;110449;712.6;40;11267942128;B
20241007;110449;712.8;204;11267942129;B
20241007;110449;712.8;300;11267942140;B
20241007;110449;712.8;150;11267942142;B
20241007;110449;712.8;336;11267942159;B
20241007;110449;712.8;3;11267942160;B
20241007;110449;712.8;4;11267942161;B
20241007;110449;713;17;11267942162;B
20241007;110449;713;85;11267942222;B
20241007;110449;713;40;11267942223;B
20241007;110449;713.2;26;11267942224;B
20241007;110449;713.4;17;11267942225;B
20241007;110449;713.6;3;11267942226;B
20241007;110449;713.6;3;11267942227;B
20241007;110449;713.6;2;11267942228;B
20241007;110449;713.8;1;11267942229;B
20241007;110449;714;119;11267942230;B
20241007;110449;714;4;11267942231;B
20241007;110449;714;41;11267942295;B
20241007;110449;714;8;11267942296;B
20241007;110449;714;1;11267942297;B
20241007;110449;714;49;11267942314;B
20241007;110449;714;1;11267942315;B
20241007;110449;713.8;50;11267942325;S
20241007;110449;713.4;20;11267942326;S
20241007;110450;714.6;28;11267942367;B
20241007;110450;714.6;22;11267942368;B
20241007;110450;714.6;18;11267942439;B
20241007;110450;714.6;32;11267942440;B
20241007;110450;714.6;18;11267942456;B
20241007;110450;714.6;7;11267942457;B
20241007;110450;714.8;2;11267942490;B
20241007;110450;714.8;2;11267942491;B
20241007;110451;714.8;100;11267942501;B
20241007;110451;714.8;150;11267942502;B
20241007;110451;714.6;1;11267942552;S
20241007;110451;714.8;50;11267942555;B
20241007;110451;714.8;300;11267942598;B
20241007;110451;714.8;22;11267942599;B
20241007;110451;715;33;11267942600;B
20241007;110451;715;1;11267942601;B
20241007;110451;715;100;11267942602;B
20241007;110451;715;700;11267942603;B
20241007;110451;715;25;11267942604;B
20241007;110451;715.4;69;11267942605;B
20241007;110451;714.8;50;11267942638;B
20241007;110451;714.8;50;11267942712;B
20241007;110452;715.4;50;11267942737;B
20241007;110452;715.4;1;11267942782;B
20241007;110452;715.4;2;11267942795;B
20241007;110452;715.4;1;11267942798;B
20241007;110452;715.4;17;11267942819;B
20241007;110452;715.4;5;11267942820;B
20241007;110452;715.6;16;11267942821;B
20241007;110452;715.6;1;11267942822;B
20241007;110452;715.8;10;11267942823;B
20241007;110452;716;10;11267942824;B
20241007;110452;716;101;11267942825;B
20241007;110452;716;22;11267942826;B
20241007;110452;716.2;2;11267942827;B
20241007;110452;716.2;3;11267942828;B
20241007;110452;716.2;3;11267942829;B
20241007;110452;716.6;55;11267942830;B
20241007;110453;716.4;14;11267942885;B
20241007;110453;716.4;36;11267942891;S
20241007;110453;716;1;11267942916;S
20241007;110453;715.8;1;11267942917;S
20241007;110453;716;1;11267942921;S
20241007;110454;716;1;11267942947;S
20241007;110454;715.6;1;11267942948;S
20241007;110454;716;3;11267942982;S
20241007;110454;715.8;1;11267942997;B
20241007;110454;715.8;1;11267943029;B
20241007;110455;715.6;1;11267943087;S
20241007;110455;715.6;49;11267943154;S
20241007;110455;715.4;20;11267943155;S
20241007;110455;715.2;1;11267943156;S
20241007;110455;715.2;1;11267943157;S
20241007;110455;715;1;11267943158;S
20241007;110455;715;1;11267943159;S
20241007;110455;714.6;20;11267943160;S
20241007;110457;714;60;11267943346;S
20241007;110457;714;192;11267943348;S
20241007;110457;714;100;11267943349;S
20241007;110457;713.8;3;11267943350;S
20241007;110457;713.4;30;11267943351;S
20241007;110457;713.4;50;11267943352;S
20241007;110457;713.4;1;11267943353;S
20241007;110457;713;87;11267943354;S
20241007;110457;713;6;11267943358;B
20241007;110457;712.6;99;11267943359;S
20241007;110502;712.4;25;11267944120;B
20241007;110504;712.8;40;11267944755;B
20241007;110505;712.8;60;11267944988;B
20241007;110505;713.4;94;11267944989;B
20241007;110506;713.4;5;11267945320;B
20241007;110506;713.8;40;11267945350;B
20241007;110506;713.8;50;11267945494;S
20241007;110506;713.8;5;11267945495;S
20241007;110506;712.4;15;11267945496;S
20241007;110515;714.8;15;11267948554;B
20241007;110515;714.8;10;11267948555;B
20241007;110523;714.2;20;11267949723;B
20241007;110523;714.2;1;11267949724;B
20241007;110523;714.6;47;11267949725;B
20241007;110523;714.6;201;11267949726;B
20241007;110523;714.6;74;11267949727;B
20241007;110523;715;1;11267949728;B
20241007;110523;715;20;11267949729;S
20241007;110523;715.2;50;11267949858;B
20241007;110523;715.4;41;11267949859;B
20241007;110523;715.4;9;11267949860;B
20241007;110523;715;70;11267949963;S
20241007;110524;715.6;5;11267950054;B
20241007;110524;715;500;11267950059;S
20241007;110524;715;66;11267950061;S
20241007;110524;715.6;25;11267950062;B
20241007;110524;714.8;50;11267950092;S
20241007;110525;714.8;50;11267950238;B
20241007;110527;715.6;25;11267950674;B
20241007;110535;715;10;11267952122;S
20241007;110535;714.8;4;11267952123;S
20241007;110540;715.6;10;11267953267;B
20241007;110540;715.8;1;11267953268;B
20241007;110540;715.8;14;11267953269;B
20241007;110546;715.2;20;11267954486;B
20241007;110552;715;24;11267955450;B
20241007;110552;715;1;11267955451;B
20241007;110553;715;40;11267955643;B
20241007;110557;715;20;11267956525;B
20241007;110557;715;20;11267956567;B
20241007;110559;715;20;11267956775;B
20241007;110600;715;17;11267956884;B
20241007;110600;715;132;11267956970;B
20241007;110604;715.2;5;11267957473;B
20241007;110604;715;18;11267957553;S
20241007;110604;715;1;11267957554;S
20241007;110605;715.4;5;11267957701;B
20241007;110605;715.6;20;11267957702;B
20241007;110606;715.6;200;11267957895;B
20241007;110607;715.6;20;11267957991;B
20241007;110609;715.6;17;11267958386;B
20241007;110610;715.6;20;11267958487;B
20241007;110610;715.6;20;11267958490;B
20241007;110611;715.6;3;11267958811;B
20241007;110617;716;25;11267959954;B
20241007;110618;716;25;11267960266;B
20241007;110622;715.8;3;11267960915;S
20241007;110622;715.8;5;11267960916;S
20241007;110622;715.8;4;11267960917;S
20241007;110622;715.8;2;11267960918;S
20241007;110630;715.8;5;11267961912;B
20241007;110630;715.8;20;11267961913;B
20241007;110631;715.8;25;11267962061;B
20241007;110631;715.6;4;11267962082;S
20241007;110631;715.6;2;11267962083;S
20241007;110631;715.6;2;11267962084;S
20241007;110631;715.4;4;11267962085;S
20241007;110631;715.4;12;11267962086;S
20241007;110631;715.2;4;11267962087;S
20241007;110631;715.2;12;11267962088;S
20241007;110631;715;12;11267962089;S
20241007;110642;715.4;5;11267963804;B
20241007;110642;715.4;19;11267963811;B
20241007;110643;715.4;25;11267963926;B
20241007;110655;715.6;24;11267969097;B
20241007;110656;715.6;1;11267969171;B
20241007;110656;715.6;10;11267969172;B
20241007;110656;715.8;14;11267969173;B
20241007;110700;715.6;25;11267969890;B
20241007;110703;715.8;1;11267970334;B
20241007;110704;715.8;1;11267970422;B
20241007;110704;715.8;1;11267970430;B
20241007;110706;715.8;1;11267970913;B
20241007;110706;715.8;7;11267970923;B
20241007;110706;715.8;52;11267970924;B
20241007;110706;715.8;1;11267970977;B
20241007;110706;715.8;47;11267971000;B
20241007;110706;716;30;11267971001;B
20241007;110706;716;9;11267971002;B
20241007;110706;716;14;11267971003;B
20241007;110706;716;1;11267971026;B
20241007;110707;716;1;11267971084;B
20241007;110707;716;34;11267971290;B
20241007;110707;716;14;11267971291;B
20241007;110707;716;2;11267971292;B
20241007;110707;716;50;11267971293;B
20241007;110707;716;25;11267971397;B
20241007;110708;716.4;1;11267971620;B
20241007;110708;716.4;1;11267971645;B
20241007;110708;716.4;25;11267971647;B
20241007;110708;716.4;1;11267971667;B
20241007;110708;716.4;1;11267971688;B
20241007;110709;716.4;32;11267971845;B
20241007;110709;716.4;16;11267971872;B
20241007;110709;716.6;16;11267971873;B
20241007;110710;715.8;1;11267971966;S
20241007;110710;716.4;1;11267971993;B
20241007;110710;716.4;1;11267972002;B
20241007;110710;716.4;1;11267972005;B
20241007;110711;716.4;3;11267972143;B
20241007;110714;716.4;1;11267972958;B
20241007;110714;716.4;1;11267972980;B
20241007;110715;715.6;10;11267972986;S
20241007;110715;715.6;1;11267972987;S
20241007;110715;715.6;1;11267972988;S
20241007;110715;715.6;2;11267972989;S
20241007;110715;715.4;32;11267972990;S
20241007;110715;715.4;141;11267972991;S
20241007;110715;715.2;100;11267972992;S
20241007;110715;715.2;50;11267972993;S
20241007;110715;715;20;11267972994;S
20241007;110715;715;21;11267972995;S
20241007;110715;714.8;394;11267972996;S
20241007;110715;714.6;1;11267972997;S
20241007;110715;714.6;224;11267972998;S
20241007;110715;714.4;50;11267972999;S
20241007;110715;714.4;50;11267973000;S
20241007;110715;714.2;15;11267973001;S
20241007;110716;716;2;11267973231;B
20241007;110717;715.6;1;11267973449;B
20241007;110718;714.6;2;11267973690;S
20241007;110718;714.4;113;11267973691;S
20241007;110718;714.4;50;11267973692;S
20241007;110718;714.4;2;11267973693;S
20241007;110718;714.2;10;11267973694;S
20241007;110718;714.2;17;11267973695;S
20241007;110718;714.2;157;11267973696;S
20241007;110718;714.2;40;11267973697;S
20241007;110718;713.8;20;11267973698;S
20241007;110718;713.6;50;11267973699;S
20241007;110718;713.6;25;11267973700;S
20241007;110718;713.6;20;11267973701;S
20241007;110718;713.4;50;11267973702;S
20241007;110718;713.4;50;11267973703;S
20241007;110718;713.4;88;11267973704;S
20241007;110718;715.4;25;11267973711;B
20241007;110721;714.6;25;11267974427;B
20241007;110732;714.4;12;11267977024;B
20241007;110732;714.6;13;11267977025;B
20241007;110735;714.6;2;11267977852;B
20241007;110735;714.8;1;11267977853;B
20241007;110735;714.8;27;11267977854;B
20241007;110735;714.8;15;11267977855;B
20241007;110735;715;5;11267977856;B
20241007;110740;714.4;1;11267978852;S
20241007;110745;715;6;11267980149;B
20241007;110745;715.2;17;11267980150;B
20241007;110745;715.2;2;11267980151;B
20241007;110750;714.6;1;11267981428;S
20241007;110750;714.4;1;11267981429;S
20241007;110750;714.4;40;11267981430;S
20241007;110750;714.4;1;11267981431;S
20241007;110750;714.4;57;11267981432;S
20241007;110750;714.2;10;11267981433;S
20241007;110750;714.2;30;11267981434;S
20241007;110750;714.2;38;11267981435;S
20241007;110750;714;10;11267981436;S
20241007;110750;714;157;11267981437;S
20241007;110750;713.8;57;11267981438;S
20241007;110750;713.6;64;11267981439;S
20241007;110750;713.6;10;11267981440;S
20241007;110750;713.6;27;11267981441;S
20241007;110750;713.4;30;11267981442;S
20241007;110750;713.4;150;11267981443;S
20241007;110750;713.2;2;11267981444;S
20241007;110750;713.2;4;11267981445;S
20241007;110750;713.2;12;11267981446;S
20241007;110750;713.2;74;11267981447;S
20241007;110750;713.2;141;11267981448;S
20241007;110750;713.2;1;11267981450;B
20241007;110750;713.2;82;11267981478;B
20241007;110751;713.4;17;11267981678;S
20241007;110751;713.4;40;11267981679;S
20241007;110751;713.2;141;11267981680;S
20241007;110751;713;150;11267981681;S
20241007;110751;713;20;11267981682;S
20241007;110751;713;16;11267981683;S
20241007;110751;713;2;11267981684;S
20241007;110751;712.8;50;11267981685;S
20241007;110751;712.8;50;11267981686;S
20241007;110751;712.8;300;11267981687;S
20241007;110751;712.6;50;11267981688;S
20241007;110751;712.6;12;11267981689;S
20241007;110751;712.6;2;11267981690;B
20241007;110759;713.8;16;11267983416;B
20241007;110759;713.8;9;11267983417;B
20241007;110811;713.4;25;11267988205;B
20241007;110813;713.6;50;11267989302;B
20241007;110813;713.6;38;11267989358;B
20241007;110813;713.8;12;11267989359;B
20241007;110823;713.6;24;11267992726;B
20241007;110824;713.6;5;11267992902;B
20241007;110824;713.8;20;11267992903;B
20241007;110828;713.6;1;11267994919;B
20241007;110828;713.6;1;11267994976;B
20241007;110829;713.6;1;11267995021;B
20241007;110829;713.6;1;11267995028;B
20241007;110829;713.6;1;11267995066;B
20241007;110829;713.6;1;11267995095;B
20241007;110830;713.6;35;11267995348;B
20241007;110830;713.8;3;11267995349;B
20241007;110835;713.8;15;11267997007;B
20241007;110835;714;10;11267997008;B
20241007;110844;714;15;11267999882;B
20241007;110844;714;23;11267999883;B
20241007;110845;713.4;25;11268000219;S
20241007;110845;713.4;1;11268000220;S
20241007;110845;713.2;14;11268000221;S
20241007;110845;713.2;40;11268000222;S
20241007;110845;713.2;11;11268000223;S
20241007;110845;713;29;11268000224;S
20241007;110847;713.8;13;11268000810;B
20241007;110847;714;2;11268000811;B
20241007;110847;714;9;11268000812;B
20241007;110847;714;25;11268000844;B
20241007;110849;713;30;11268001540;S
20241007;110850;713.8;1;11268001766;S
20241007;110851;713.8;1;11268001978;S
20241007;110851;713.8;1;11268002007;S
20241007;110851;713.8;1;11268002026;B
20241007;110851;713.8;1;11268002186;S
20241007;110851;713.8;1;11268002219;S
20241007;110851;713.8;1;11268002220;S
20241007;110900;714;1;11268004841;B
20241007;110900;714;12;11268004855;B
20241007;110900;714;13;11268004856;B
20241007;110900;714;1;11268004890;B
20241007;110900;714;1;11268004921;B
20241007;110900;714;1;11268004948;B
20241007;110909;713.8;5;11268007593;S
20241007;110909;713.8;4;11268007776;S
20241007;110909;713.4;40;11268007777;S
20241007;110909;713.4;13;11268007778;S
20241007;110909;713.2;13;11268007779;S
20241007;110909;713.2;50;11268007780;S
20241007;110909;713;5;11268007781;S
20241007;110909;713;12;11268007782;S
20241007;110909;713;9;11268007783;S
20241007;110909;713;14;11268007784;S
20241007;110909;712.8;50;11268007785;S
20241007;110909;712.8;50;11268007786;S
20241007;110909;712.6;10;11268007787;S
20241007;110909;712.6;25;11268007788;S
20241007;110909;712.6;25;11268007789;S
20241007;110909;712.6;25;11268007790;S
20241007;110909;712.4;76;11268007791;S
20241007;110909;712.4;150;11268007792;S
20241007;110909;712.4;30;11268007793;S
20241007;110909;712.2;50;11268007794;S
20241007;110909;712.2;3;11268007795;S
20241007;110909;712.2;50;11268007796;S
20241007;110909;712;1;11268007797;S
20241007;110909;712;10;11268007798;S
20241007;110909;712;64;11268007799;S
20241007;110909;712;16;11268007800;S
20241007;110909;712;141;11268007801;S
20241007;110909;711.8;20;11268007802;S
20241007;110909;711.8;5;11268007803;S
20241007;110909;711.8;39;11268007804;S
20241007;110909;712;2;11268007810;S
20241007;110913;713;20;11268009131;S
20241007;110913;712.6;30;11268009132;S
20241007;110913;712.2;12;11268009235;S
20241007;110913;712.2;1;11268009236;S
20241007;110913;712.2;40;11268009237;S
20241007;110913;712;50;11268009238;S
20241007;110913;712;147;11268009239;S
20241007;110923;712.2;40;11268012234;S
20241007;110923;712.2;2;11268012235;S
20241007;110923;712.2;3;11268012402;S
20241007;110923;712.2;20;11268012403;S
20241007;110923;712.2;2;11268012404;S
20241007;110924;712.2;38;11268012415;S
20241007;110924;712.2;2;11268012416;S
20241007;110924;712;19;11268012417;S
20241007;110924;712;167;11268012418;S
20241007;110924;711.8;25;11268012520;S
20241007;110924;711.8;88;11268012521;S
20241007;110924;711.6;121;11268012522;S
20241007;110924;711.6;132;11268012559;S
20241007;110924;711.6;30;11268012560;S
20241007;110924;711.6;38;11268012561;S
20241007;110924;711.6;2;11268012570;S
20241007;110924;711.4;10;11268012571;S
20241007;110924;711.4;20;11268012572;S
20241007;110924;711.2;20;11268012584;S
20241007;110924;711.2;30;11268012585;S
20241007;110924;711;25;11268012586;S
20241007;110924;711;20;11268012587;S
20241007;110924;710.8;20;11268012588;S
20241007;110924;710.6;4;11268012589;S
20241007;110924;710.6;10;11268012590;S
20241007;110924;710.6;182;11268012591;S
20241007;110924;710.6;25;11268012592;S
20241007;110924;710.4;400;11268012593;S
20241007;110924;710.4;138;11268012594;S
20241007;110924;711;52;11268012734;S
20241007;110924;711;40;11268012735;S
20241007;110924;710.8;20;11268012736;S
20241007;110924;710.6;42;11268012737;S
20241007;110924;710.6;20;11268012738;S
20241007;110924;710.6;443;11268012739;B
20241007;110924;710.4;70;11268012746;S
20241007;110925;710.4;292;11268012749;S
20241007;110925;710.4;25;11268012750;S
20241007;110925;710.2;84;11268012751;S
20241007;110925;710;25;11268012752;S
20241007;110925;710;76;11268012753;S
20241007;110925;710;2;11268012754;S
20241007;110925;710;29;11268012755;S
20241007;110925;710.6;20;11268012756;B
20241007;110925;710.6;63;11268012757;B
20241007;110927;711.2;17;11268013417;S
20241007;110927;711.2;33;11268013418;S
20241007;110927;711.2;7;11268013447;S
20241007;110927;710.4;1;11268013527;S
20241007;110927;710.2;199;11268013528;S
20241007;110929;710.2;10;11268014230;S
20241007;110929;710.2;10;11268014292;S
20241007;110931;710.4;1;11268014927;S
20241007;110931;710.2;1;11268014955;S
20241007;110931;710.2;1;11268015012;S
20241007;110932;710.8;10;11268015134;B
20241007;110932;711.2;1;11268015210;S
20241007;110938;710.6;2;11268017075;S
20241007;110938;710.6;10;11268017188;S
20241007;110944;710.6;4;11268018314;S
20241007;110944;710.6;36;11268018410;S
20241007;110944;710.6;84;11268018411;S
20241007;110945;710.6;16;11268018850;S
20241007;110945;710.6;40;11268018851;S
20241007;110945;710.4;50;11268018852;S
20241007;110945;710.4;8;11268018853;S
20241007;110945;710.2;29;11268018854;S
20241007;110945;710.2;8;11268018855;S
20241007;110945;710;30;11268018856;S
20241007;110945;710;1;11268018857;S
20241007;110945;709.8;50;11268018858;S
20241007;110945;709.6;42;11268018859;S
20241007;110950;709.6;50;11268021975;S
20241007;110950;709.6;40;11268021976;S
20241007;110950;709.4;5;11268021977;S
20241007;110950;709.4;20;11268021978;S
20241007;110950;709.4;135;11268021979;S
20241007;110951;709.4;70;11268022202;S
20241007;110951;709.6;1;11268022388;S
20241007;110951;709.6;40;11268022389;S
20241007;110951;709.4;59;11268022390;S
20241007;110951;709.4;64;11268022396;S
20241007;110951;709.4;50;11268022404;S
20241007;110951;709.4;12;11268022405;S
20241007;110951;709.2;100;11268022414;S
20241007;110951;709.2;314;11268022677;S
20241007;110951;709.2;422;11268022703;S
20241007;110952;709.2;20;11268022867;S
20241007;110952;709.2;126;11268022868;S
20241007;110952;709.2;18;11268022869;S
20241007;110952;709.2;1;11268022931;S
20241007;110952;709.2;13;11268022936;S
20241007;110952;709.2;36;11268022998;S
20241007;110952;709;2;11268023027;S
20241007;110952;709;8;11268023028;S
20241007;110952;709;42;11268023036;S
20241007;110952;709;40;11268023037;S
20241007;110952;708.8;2;11268023091;S
20241007;110952;708.8;50;11268023092;S
20241007;110952;708.8;10;11268023100;S
20241007;110952;708.8;25;11268023134;S
20241007;110952;708.8;10;11268023136;S
20241007;110953;709.2;1;11268023347;B
20241007;110953;709.2;1;11268023402;S
20241007;110959;709.4;3;11268025933;B
20241007;110959;709.4;2;11268025968;B
20241007;110959;709.4;5;11268025969;B
20241007;110959;710.4;10;11268025970;B
20241007;111000;710.6;17;11268026194;B
20241007;111000;710.6;141;11268026195;B
20241007;111000;710.6;40;11268026196;B
20241007;111000;710.8;5;11268026197;B
20241007;111000;710.8;50;11268026198;B
20241007;111000;710.8;247;11268026199;B
20241007;111001;710.8;12;11268026495;B
20241007;111001;711;20;11268026496;B
20241007;111001;711;100;11268026497;B
20241007;111001;711;30;11268026498;B
20241007;111001;711;40;11268026499;B
20241007;111004;711.2;62;11268027256;B
20241007;111004;711.2;160;11268027421;B
20241007;111013;710.6;3;11268029916;B
20241007;111013;711;20;11268029917;B
20241007;111013;711;3;11268029918;B
20241007;111013;711;23;11268029919;B
20241007;111013;711;25;11268029920;B
20241007;111013;711.2;75;11268029921;B
20241007;111018;711;1;11268031341;B
20241007;111018;711;3;11268031342;B
20241007;111018;711.2;3;11268031343;B
20241007;111018;711.2;20;11268031344;B
20241007;111018;711.2;200;11268031345;B
20241007;111018;711.2;5;11268031346;B
20241007;111018;711.2;22;11268031347;B
20241007;111018;711.4;21;11268031348;B
20241007;111036;709.8;40;11268036778;S
20241007;111053;709.8;40;11268042300;S
20241007;111053;709.8;20;11268042301;S
20241007;111053;709.8;81;11268042302;S
20241007;111105;710.4;1;11268045790;B
20241007;111105;710.4;3;11268045791;B
20241007;111105;710.4;3;11268045792;B
20241007;111105;710.4;4;11268045793;B
20241007;111106;710.6;2;11268046398;B
20241007;111112;710.4;1;11268049236;S
20241007;111112;710.4;40;11268049237;S
20241007;111112;710.2;9;11268049238;S
20241007;111115;710.4;3;11268050428;B
20241007;111158;710.6;1;11268063559;B
20241007;111210;710.4;7;11268067284;S
20241007;111210;710.4;5;11268067285;S
20241007;111210;710.4;1;11268067286;S
20241007;111213;710.2;50;11268068468;S
20241007;111214;710;100;11268069005;S
20241007;111214;709.8;39;11268069006;S
20241007;111214;709.8;13;11268069007;S
20241007;111217;709.8;20;11268070054;S
20241007;111217;709.6;50;11268070055;S
20241007;111218;709.6;50;11268070353;S
20241007;111218;709.6;10;11268070354;S
20241007;111225;710.2;1;11268072226;B
20241007;111241;709.6;1;11268076875;S
20241007;111241;709.8;1;11268076972;B
20241007;111245;709.6;10;11268078237;S
20241007;111303;709.6;79;11268083633;S
20241007;111303;709.6;121;11268083634;S
20241007;111307;709.6;80;11268084591;S
20241007;111307;709.4;5;11268084592;S
20241007;111307;709.2;40;11268084593;S
20241007;111307;709.2;3;11268084594;S
20241007;111307;709.2;48;11268084595;S
20241007;111307;709.2;11;11268084596;S
20241007;111313;709;50;11268086606;S
20241007;111316;709;50;11268087609;S
20241007;111316;709;15;11268087610;S
20241007;111316;709;20;11268087611;S
20241007;111335;709;9;11268093255;B
20241007;111352;708.8;10;11268098085;S
20241007;111352;708.8;33;11268098086;S
20241007;111352;708.6;5;11268098087;S
20241007;111352;708.6;2;11268098088;S
20241007;111354;708.8;5;11268098632;S
20241007;111354;708.6;38;11268098633;S
20241007;111354;708.6;2;11268098634;S
20241007;111354;708.6;20;11268098635;S
20241007;111354;708.6;5;11268098636;S
20241007;111354;708.6;10;11268098637;S
20241007;111354;708.6;1;11268098638;S
20241007;111354;708.4;180;11268098639;S
20241007;111354;708.4;10;11268098640;S
20241007;111354;708.4;102;11268098641;S
20241007;111354;708.2;10;11268098642;S
20241007;111354;708.2;5;11268098643;S
20241007;111354;708.2;66;11268098644;S
20241007;111354;708.2;46;11268098645;S
20241007;111356;708.4;1;11268099145;S
20241007;111356;708.2;4;11268099146;S
20241007;111356;708.2;2;11268099147;S
20241007;111356;708;290;11268099148;S
20241007;111356;708;5;11268099149;S
20241007;111356;708;2;11268099150;S
20241007;111356;708;3;11268099151;S
20241007;111356;708;40;11268099152;S
20241007;111356;707.8;1;11268099153;S
20241007;111356;707.8;5;11268099154;S
20241007;111356;707.8;50;11268099155;S
20241007;111356;707.8;10;11268099156;S
20241007;111356;707.6;87;11268099157;S
20241007;111359;708;1;11268100304;S
20241007;111359;708;11;11268100305;S
20241007;111359;708;54;11268100306;S
20241007;111359;707.8;1;11268100307;S
20241007;111359;707.8;30;11268100308;S
20241007;111359;707.8;40;11268100309;S
20241007;111359;707.8;11;11268100310;S
20241007;111359;707.4;41;11268100311;S
20241007;111359;707.4;150;11268100312;S
20241007;111359;707.4;39;11268100313;S
20241007;111359;707.4;20;11268100314;S
20241007;111359;707.2;10;11268100315;S
20241007;111359;707.2;180;11268100316;S
20241007;111359;707.2;215;11268100317;S
20241007;111403;707.6;78;11268101156;S
20241007;111403;707.4;1;11268101157;S
20241007;111403;707.4;40;11268101158;S
20241007;111403;707.4;1;11268101178;B
20241007;111403;707.4;100;11268101287;B
20241007;111406;707.2;7;11268102025;S
20241007;111410;707.4;30;11268103661;B
20241007;111458;707.8;1;11268118846;S
20241007;111458;707.8;8;11268118847;S
20241007;111458;707.8;1;11268118848;S
20241007;111458;707.8;40;11268118849;S
20241007;111458;707.8;50;11268118850;S
20241007;111458;707.8;3;11268118851;S
20241007;111458;707.8;97;11268118852;S
20241007;111510;707.8;8;11268122351;S
20241007;111517;707.8;42;11268124576;S
20241007;111517;707.8;8;11268124577;S
20241007;111517;707.6;50;11268124578;S
20241007;111517;707.6;50;11268124579;S
20241007;111517;707.6;8;11268124580;S
20241007;111517;707.6;30;11268124581;S
20241007;111517;707.6;40;11268124582;S
20241007;111517;707.6;141;11268124583;S
20241007;111517;707.4;70;11268124584;S
20241007;111517;707.4;61;11268124585;S
20241007;111612;707.8;5;11268138301;S
20241007;111612;707.6;45;11268138302;S
20241007;111613;707.6;1;11268138318;S
20241007;111656;708.4;20;11268151814;B
20241007;111703;708.4;30;11268154455;B
20241007;111703;708.4;14;11268154456;B
20241007;111706;708.8;1;11268155239;B
20241007;111706;708.8;19;11268155380;B
20241007;111706;709;23;11268155381;B
20241007;111748;708.8;1;11268169369;S
20241007;111847;708.2;1;11268187149;S
20241007;111847;709;1;11268187151;B
20241007;111912;708.8;14;11268194745;B
20241007;111912;708.8;40;11268194746;B
20241007;111917;708.8;46;11268196172;S
20241007;111946;708.4;21;11268204329;B
20241007;112007;707.8;5;11268210875;S
20241007;112007;707.8;1;11268210876;S
20241007;112008;707.8;3;11268211192;S
20241007;112034;707.8;2;11268220379;S
20241007;112037;707.8;4;11268221229;S
20241007;112041;707.8;6;11268222615;B
20241007;112041;708;2;11268222616;B
20241007;112041;708;62;11268222617;B
20241007;112118;708;20;11268234651;B
20241007;112121;707.8;3;11268235619;S
20241007;112201;708;1;11268248000;B
20241007;112213;708;57;11268252005;B
20241007;112242;707.8;1;11268261424;S
20241007;112255;707.6;8;11268269844;S
20241007;112303;707.8;1;11268276079;S
20241007;112311;707.8;2;11268282206;S
20241007;112311;707.8;2;11268282207;S
20241007;112329;707.8;1;11268295064;B
20241007;112346;707.6;42;11268308204;S
20241007;112346;707.6;2;11268308205;S
20241007;112346;707.6;50;11268308206;S
20241007;112346;707.6;2;11268308207;S
20241007;112352;707.6;14;11268312631;B
20241007;112357;707.4;239;11268316820;S
20241007;112357;707.4;2;11268316821;S
20241007;112357;707.4;19;11268316822;S
20241007;112357;707.4;40;11268316823;S
20241007;112403;707.4;10;11268321322;S
20241007;112412;707.2;50;11268328752;S
20241007;112417;707.2;30;11268332240;S
20241007;112417;707.2;120;11268332547;S
20241007;112417;707;4;11268332548;S
20241007;112417;707;50;11268332549;S
20241007;112417;707;126;11268332550;S
20241007;112417;707;105;11268332554;S
20241007;112417;707;3;11268332555;S
20241007;112417;707;129;11268332556;S
20241007;112418;707;6;11268333183;S
20241007;112421;707;20;11268336096;S
20241007;112428;707;6;11268341495;S
20241007;112431;707;5;11268343852;S
20241007;112431;707;4;11268343853;S
20241007;112431;707;12;11268343854;S
20241007;112431;707;2;11268343855;S
20241007;112431;707;70;11268343856;S
20241007;112431;706.8;3;11268343857;S
20241007;112431;706.8;100;11268343858;S
20241007;112431;706.6;19;11268343859;S
20241007;112431;706.6;12;11268343935;S
20241007;112432;706.6;89;11268344227;S
20241007;112432;706.6;10;11268344228;S
20241007;112432;706.6;101;11268344229;S
20241007;112434;706.6;17;11268346559;S
20241007;112438;706.6;100;11268350066;S
20241007;112439;706.6;152;11268350837;S
20241007;112458;706.8;100;11268369092;B
20241007;112500;706.8;1;11268371009;B
20241007;112512;706.6;125;11268382552;S
20241007;112512;706.6;100;11268382553;S
20241007;112512;706.6;225;11268382554;S
20241007;112512;706.6;50;11268382712;S
20241007;112516;706.6;400;11268386177;S
20241007;112516;706.6;21;11268386182;S
20241007;112518;706.6;200;11268388219;S
20241007;112518;706.6;5;11268388246;S
20241007;112519;706.6;2;11268388812;S
20241007;112522;706.8;17;11268391517;S
20241007;112545;706.8;33;11268413505;S
20241007;112545;706.8;50;11268413506;S
20241007;112545;706.8;100;11268413507;S
20241007;112555;706.8;150;11268422484;B
20241007;112609;706.8;450;11268435735;B
20241007;112612;706.6;3;11268438469;S
20241007;112617;706.6;1;11268443537;S
20241007;112617;706.6;2;11268443538;S
20241007;112620;706.6;25;11268445239;S
20241007;112621;706.6;39;11268446609;S
20241007;112621;706.6;50;11268446610;S
20241007;112624;706.2;125;11268449147;S
20241007;112626;706.4;1;11268450818;B
20241007;112645;706.2;5;11268468962;S
20241007;112703;706.2;76;11268486353;S
20241007;112703;706.2;3;11268486446;S
20241007;112713;706.2;25;11268495869;S
20241007;112717;706.4;10;11268499657;B
20241007;112717;706.4;52;11268499658;B
20241007;112717;706.4;120;11268499659;B
20241007;112735;706.4;100;11268515429;S
20241007;112743;706.6;53;11268522392;B
20241007;112743;706.6;47;11268522393;B
20241007;112758;706.6;25;11268535089;B
20241007;112759;706.6;27;11268536511;B
20241007;112759;706.6;23;11268536512;B
20241007;112809;706.4;10;11268544338;S
20241007;112810;706.8;25;11268545429;B
20241007;112811;706.8;600;11268545966;B
20241007;112811;706.8;28;11268546031;B
20241007;112811;706.8;320;11268546437;B
20241007;112811;706.8;20;11268546442;B
20241007;112814;706.8;300;11268548920;B
20241007;112814;706.8;146;11268548921;B
20241007;112814;706.8;5;11268548922;B
20241007;112822;707.2;25;11268555050;B
20241007;112823;707.4;42;11268556133;B
20241007;112823;707.4;8;11268556134;B
20241007;112824;707.8;1;11268556613;B
20241007;112824;707.8;62;11268556614;B
20241007;112824;707.8;25;11268556715;B
20241007;112824;707.8;50;11268556756;B
20241007;112824;707.8;20;11268556757;B
20241007;112824;707.8;40;11268556814;B
20241007;112824;707.8;40;11268556815;B
20241007;112824;707.8;31;11268556816;B
20241007;112824;708;49;11268556817;B
20241007;112825;707.8;40;11268557189;B
20241007;112825;707.8;10;11268557190;B
20241007;112825;707.8;25;11268557224;B
20241007;112825;707.8;5;11268557383;B
20241007;112825;708;50;11268557384;B
20241007;112825;708;21;11268557385;B
20241007;112826;708;29;11268557829;B
20241007;112826;708;120;11268557830;B
20241007;112826;708;1;11268557831;B
20241007;112826;708;40;11268557832;B
20241007;112826;708.2;10;11268557833;B
20241007;112827;708.2;4;11268558549;B
20241007;112827;708.2;36;11268558883;B
20241007;112827;708.2;27;11268558884;B
20241007;112827;708.2;2;11268559220;B
20241007;112829;708.2;21;11268560714;B
20241007;112829;708.2;50;11268560715;B
20241007;112829;708.2;9;11268560716;B
20241007;112832;708.4;25;11268563418;B
20241007;112833;708.4;25;11268563669;B
20241007;112833;708.4;50;11268563796;B
20241007;112833;708.4;400;11268563962;B
20241007;112833;708.4;40;11268563963;B
20241007;112833;709;2;11268564023;B
20241007;112833;709;14;11268564024;B
20241007;112833;709.2;141;11268564025;B
20241007;112833;709.4;150;11268564471;B
20241007;112834;709.4;16;11268564560;B
20241007;112834;709.4;22;11268564859;B
20241007;112834;709.4;2;11268565087;B
20241007;112834;709.4;15;11268565434;B
20241007;112835;709.4;20;11268565528;B
20241007;112835;709.4;25;11268565722;B
20241007;112835;709.4;1;11268566259;B
20241007;112835;709.4;100;11268566528;B
20241007;112836;709.4;173;11268566910;B
20241007;112836;709.4;40;11268566911;B
20241007;112836;709.4;13;11268566912;B
20241007;112836;709.6;89;11268566913;B
20241007;112836;710;30;11268567541;S
20241007;112837;709.6;20;11268567897;S
20241007;112837;709.6;212;11268568182;S
20241007;112837;709.6;20;11268568221;S
20241007;112837;709.6;1;11268568418;S
20241007;112839;709.8;1;11268569675;B
20241007;112839;709.6;60;11268569818;S
20241007;112841;709.8;4;11268572387;B
20241007;112843;709.6;100;11268573580;S
20241007;112845;709.6;22;11268576308;S
20241007;112847;709.4;3;11268577810;B
20241007;112847;709.4;22;11268577811;B
20241007;112852;708;10;11268582335;S
20241007;112859;708.8;1;11268591702;B
20241007;112859;708.8;24;11268591703;B
20241007;112901;708.4;70;11268593291;S
20241007;112901;708.4;5;11268593292;S
20241007;112901;708.2;25;11268593293;S
20241007;112903;709;25;11268595502;B
20241007;112904;709.6;10;11268596440;B
20241007;112904;709.6;15;11268596441;B
20241007;112905;709.6;10;11268597476;B
20241007;112905;709.6;40;11268597477;B
20241007;112906;710;10;11268597991;B
20241007;112906;710;15;11268597992;B
20241007;112906;710;25;11268598010;B
20241007;112906;710.2;20;11268598011;B
20241007;112906;710.4;30;11268598012;B
20241007;112906;710.4;285;11268598013;B
20241007;112906;710.4;15;11268598549;B
20241007;112906;710.4;5;11268598550;B
20241007;112906;710.4;35;11268598648;B
20241007;112906;710.8;1;11268598649;B
20241007;112906;710.8;50;11268598650;B
20241007;112907;710.8;40;11268598662;S
20241007;112907;710.8;64;11268598728;S
20241007;112907;711;19;11268598985;B
20241007;112907;711;1;11268598986;B
20241007;112907;711;39;11268599114;B
20241007;112907;711.2;180;11268599115;B
20241007;112907;711.2;81;11268599116;B
20241007;112907;711.2;19;11268599130;B
20241007;112907;711.4;6;11268599131;B
20241007;112907;711.4;20;11268599575;B
20241007;112907;711;5;11268599631;S
20241007;112907;710.8;95;11268599632;S
20241007;112912;710.8;25;11268603267;B
20241007;112914;709.8;2;11268605120;S
20241007;112917;709.2;60;11268608544;S
20241007;112923;709.4;1;11268613285;B
20241007;112924;709.8;1;11268614491;B
20241007;112924;709.8;24;11268614492;B
20241007;112924;709.8;1;11268614542;B
20241007;112925;709.4;1;11268616039;B
20241007;112925;709.4;19;11268616040;B
20241007;112926;710;20;11268616578;B
20241007;112930;709.4;1;11268620896;S
20241007;112932;709.6;10;11268622426;S
20241007;112932;710;1;11268622695;B
20241007;112933;710;1;11268623502;B
20241007;112935;710;1;11268625515;B
20241007;112935;709.8;1;11268626462;B
20241007;112936;709.8;25;11268627328;B
20241007;112937;709.6;1;11268627489;S
20241007;112937;709.8;11;11268627981;B
20241007;112937;709.8;40;11268627982;B
20241007;112937;710;49;11268627983;B
20241007;112937;710;1;11268628299;B
20241007;112938;710;11;11268628732;B
20241007;112938;710;50;11268628733;B
20241007;112938;710;89;11268628734;B
20241007;112938;710;1;11268628775;B
20241007;112938;710;38;11268628788;B
20241007;112939;710;1;11268629630;B
20241007;112939;710;100;11268629967;B
20241007;112939;710;1;11268630335;B
20241007;112940;710;20;11268630892;B
20241007;112940;710;18;11268630893;B
20241007;112940;710;1;11268630988;B
20241007;112941;710;1;11268631755;B
20241007;112941;710;1;11268632225;B
20241007;112943;710;1;11268633589;B
20241007;112949;710;18;11268639724;B
20241007;112949;710;7;11268639725;B
20241007;112950;709.8;1;11268640361;S
20241007;112955;709.6;1;11268646394;S
20241007;112958;709.8;50;11268648679;B
20241007;112959;709.8;1;11268649684;B
20241007;113000;709.8;1;11268650894;B
20241007;113001;709.8;22;11268652065;B
20241007;113001;709.8;3;11268652066;B
20241007;113007;709.6;27;11268657378;S
20241007;113007;709.4;14;11268657379;S
20241007;113007;709.2;14;11268657380;S
20241007;113007;708.4;14;11268657381;S
20241007;113007;708.2;17;11268657382;S
20241007;113014;709.4;25;11268664410;B
20241007;113020;709.4;24;11268670432;B
20241007;113026;709.4;1;11268676593;B
20241007;113026;709.6;9;11268676594;B
20241007;113026;709.6;15;11268676595;B
20241007;113032;709.6;24;11268683270;B
20241007;113035;709.6;1;11268685817;B
20241007;113035;709.6;25;11268685818;B
20241007;113035;709.8;1;11268685819;B
20241007;113035;709.8;8;11268685820;B
20241007;113035;709.8;15;11268685821;B
20241007;113035;709.6;20;11268686633;S
20241007;113038;709.8;25;11268689254;B
20241007;113040;709.8;25;11268691414;B
20241007;113040;709.8;25;11268691415;B
20241007;113041;710;30;11268691799;B
20241007;113042;710;2;11268692721;B
20241007;113042;710;25;11268693506;B
20241007;113042;710;10;11268693507;B
20241007;113042;710;15;11268693508;B
20241007;113044;710;1;11268695368;B
20241007;113044;710;1;11268695369;B
20241007;113044;710;48;11268695370;B
20241007;113045;710;24;11268695942;B
20241007;113046;710;28;11268696947;B
20241007;113046;710;8;11268696948;B
20241007;113046;710;14;11268696949;B
20241007;113046;710;20;11268696982;B
20241007;113047;710;6;11268698205;B
20241007;113047;710;44;11268698206;B
20241007;113048;710;6;11268698930;B
20241007;113048;710;40;11268698931;B
20241007;113048;710;64;11268698932;B
20241007;113048;710.2;390;11268698933;B
20241007;113048;710.2;20;11268699069;B
20241007;113048;710.2;50;11268699302;B
20241007;113049;710.2;30;11268699952;B
20241007;113049;710.2;10;11268699956;B
20241007;113049;710.2;2;11268700638;B
20241007;113050;710.2;25;11268701040;B
20241007;113050;710.2;150;11268701635;B
20241007;113050;710.2;25;11268701926;B
20241007;113051;710.2;25;11268702191;B
20241007;113051;710.2;23;11268702368;B
20241007;113051;710.2;3;11268702369;B
20241007;113051;710.2;40;11268702370;B
20241007;113057;710.8;1;11268710434;B
20241007;113057;710.8;7;11268710435;B
20241007;113057;710.8;16;11268710436;B
20241007;113100;711;20;11268713597;B
20241007;113100;711;21;11268713598;B
20241007;113101;710.8;50;11268714789;B
20241007;113101;711.4;6;11268714993;B
20241007;113101;711.4;19;11268714994;B
20241007;113101;711.4;40;11268715003;B
20241007;113102;711.4;5;11268715313;B
20241007;113102;711.6;1;11268715314;B
20241007;113102;711.6;44;11268715315;B
20241007;113102;711.6;18;11268715632;B
20241007;113102;711.8;20;11268715633;B
20241007;113102;712;10;11268715634;B
20241007;113102;712;2;11268715635;B
20241007;113102;712;50;11268715667;B
20241007;113102;712;12;11268715669;B
20241007;113102;712.2;60;11268715670;B
20241007;113102;712.2;25;11268715671;B
20241007;113102;712.6;43;11268715672;B
20241007;113102;712.6;50;11268715696;B
20241007;113102;712.6;50;11268716129;B
20241007;113103;712.6;25;11268716917;B
20241007;113106;712;2;11268720768;S
20241007;113106;711.2;3;11268720769;S
20241007;113110;711.8;20;11268724071;B
20241007;113110;712;4;11268724072;B
20241007;113115;711.4;25;11268729650;B
20241007;113120;711.4;1;11268733469;B
20241007;113122;711.4;20;11268735067;B
20241007;113122;711.4;4;11268735068;B
20241007;113124;711.6;13;11268736654;B
20241007;113124;711.6;25;11268736655;B
20241007;113124;711.8;25;11268736656;B
20241007;113124;711.8;6;11268736657;B
20241007;113124;711.8;20;11268736658;B
20241007;113124;711.8;95;11268736659;B
20241007;113127;711.2;7;11268739649;S
20241007;113127;711;3;11268739650;S
20241007;113128;711.4;3;11268739985;B
20241007;113128;711.8;22;11268739986;B
20241007;113135;711.8;10;11268746074;B
20241007;113135;711.8;14;11268746075;B
20241007;113138;711.8;1;11268749188;S
20241007;113140;712;25;11268750773;B
20241007;113143;712;25;11268753626;B
20241007;113143;712;20;11268753627;B
20241007;113143;712;25;11268753628;B
20241007;113143;712.2;46;11268753629;B
20241007;113143;712.2;25;11268753630;B
20241007;113143;712.2;25;11268753631;B
20241007;113143;712.4;24;11268753632;B
20241007;113145;712;10;11268754766;B
20241007;113145;712;15;11268754802;B
20241007;113145;712.2;10;11268755025;B
20241007;113147;712.2;10;11268756720;B
20241007;113147;712.2;5;11268756762;B
20241007;113147;712.4;19;11268756763;B
20241007;113148;712;4;11268757197;S
20241007;113152;712.2;10;11268761438;B
20241007;113152;712.4;15;11268761439;B
20241007;113159;712.2;10;11268767228;B
20241007;113200;712.2;15;11268767677;B
20241007;113200;712.2;9;11268767678;B
20241007;113203;712.2;11;11268770589;B
20241007;113203;712.2;19;11268770590;B
20241007;113204;712.4;12;11268771248;B
20241007;113205;712.4;25;11268772006;B
20241007;113210;712.4;50;11268776021;B
20241007;113210;712.2;5;11268776545;S
20241007;113212;712.4;3;11268778130;B
20241007;113212;712.4;20;11268778131;B
20241007;113212;712.4;1;11268778132;B
20241007;113217;712.4;25;11268783397;B
20241007;113221;712.4;14;11268786107;B
20241007;113221;712.4;19;11268786108;B
20241007;113221;712.4;70;11268786109;B
20241007;113221;712.4;74;11268786110;B
20241007;113221;712.6;23;11268786111;B
20241007;113225;712.4;24;11268789808;B
20241007;113229;712.4;13;11268794569;B
20241007;113229;712.6;12;11268794570;B
20241007;113232;712.4;19;11268796962;B
20241007;113232;712.6;15;11268796963;B
20241007;113232;712.6;16;11268796964;B
20241007;113232;712.6;34;11268797106;B
20241007;113232;712.6;141;11268797107;B
20241007;113232;712.6;325;11268797108;B
20241007;113236;712.4;9;11268801008;B
20241007;113236;712.4;25;11268801009;B
20241007;113236;712.4;16;11268801010;B
20241007;113237;712.4;4;11268801768;B
20241007;113237;712.4;20;11268801769;B
20241007;113241;712.2;4;11268805797;S
20241007;113241;712;1;11268805798;S
20241007;113242;712.2;1;11268806465;B
20241007;113242;712.2;5;11268806466;B
20241007;113242;712.4;5;11268806467;B
20241007;113242;712.4;14;11268806468;B
20241007;113254;712.2;2;11268817871;B
20241007;113254;712.2;16;11268817872;B
20241007;113254;712.2;2;11268817873;B
20241007;113254;712.2;5;11268817874;B
20241007;113307;712.2;5;11268829873;B
20241007;113307;712.2;1;11268829874;B
20241007;113307;712.2;6;11268829875;B
20241007;113307;712.4;11;11268829876;B
20241007;113307;712.4;2;11268829877;B
20241007;113314;712.2;1;11268837766;B
20241007;113314;712.2;20;11268837767;B
20241007;113314;712.2;3;11268837768;B
20241007;113319;712.2;13;11268841995;B
20241007;113319;712.2;1;11268841996;B
20241007;113319;712.4;11;11268841997;B
20241007;113327;712.4;19;11268849226;B
20241007;113327;712.4;5;11268849227;B
20241007;113331;712.4;20;11268853407;B
20241007;113331;712.4;5;11268853408;B
20241007;113339;712.2;1;11268861345;B
20241007;113339;712.4;23;11268861346;B
20241007;113344;712.4;25;11268865655;B
20241007;113352;712.4;24;11268873780;B
20241007;113356;712.2;8;11268877915;B
20241007;113356;712.4;17;11268877916;B
20241007;113359;712.4;132;11268881213;B
20241007;113359;712.4;1;11268881214;B
20241007;113359;712.4;6;11268881215;B
20241007;113359;712.4;25;11268881216;B
20241007;113359;712.4;36;11268881217;B
20241007;113401;712.2;25;11268882780;B
20241007;113401;712.4;13;11268882781;B
20241007;113404;712.4;1;11268885610;B
20241007;113404;712.4;25;11268885611;B
20241007;113404;712.6;24;11268885612;B
20241007;113404;712.6;24;11268886333;B
20241007;113408;712.6;25;11268890221;B
20241007;113409;712.6;100;11268891133;B
20241007;113409;712.6;100;11268891183;B
20241007;113409;712.6;100;11268891306;B
20241007;113410;712.6;100;11268891393;B
20241007;113410;712.6;89;11268891398;B
20241007;113410;712.8;20;11268891716;B
20241007;113410;712.8;30;11268892807;B
20241007;113410;712.8;30;11268892808;B
20241007;113410;712.8;40;11268892809;B
20241007;113410;712.8;50;11268892810;B
20241007;113411;712.8;10;11268892828;B
20241007;113411;713;50;11268892891;B
20241007;113411;712.8;3;11268893125;S
20241007;113411;713;30;11268893144;B
20241007;113411;713.2;20;11268893145;B
20241007;113412;713.2;100;11268893675;B
20241007;113412;713.2;20;11268893691;B
20241007;113412;713.2;200;11268893847;B
20241007;113412;713.2;50;11268893899;B
20241007;113412;713.2;20;11268894015;B
20241007;113413;713.2;50;11268894769;B
20241007;113413;713.2;40;11268894807;B
20241007;113413;713.4;1;11268894808;B
20241007;113414;713.6;20;11268896246;B
20241007;113415;713.6;30;11268896946;S
20241007;113415;713.4;1;11268896947;S
20241007;113415;713.4;20;11268896948;S
20241007;113415;713.2;19;11268896949;S
20241007;113415;713.6;9;11268897083;B
20241007;113415;713.6;1;11268897314;B
20241007;113417;713.4;24;11268898800;B
20241007;113421;713.4;25;11268902061;B
20241007;113424;713;1;11268904258;S
20241007;113429;713.4;1;11268909196;B
20241007;113429;713.4;23;11268909197;B
20241007;113433;713.4;25;11268912471;B
20241007;113436;713.4;1;11268915239;B
20241007;113442;713.4;1;11268920588;B
20241007;113442;713.6;5;11268920589;B
20241007;113442;713.6;5;11268920590;B
20241007;113442;713.6;10;11268920591;B
20241007;113442;713.6;3;11268920592;B
20241007;113445;713.6;9;11268924419;B
20241007;113445;713.8;16;11268924420;B
20241007;113447;713.2;10;11268925496;S
20241007;113447;713;9;11268925497;S
20241007;113447;713;1;11268925498;S
20241007;113453;713.4;200;11268930660;B
20241007;113454;713.6;10;11268931700;B
20241007;113454;713.6;14;11268931701;B
20241007;113454;713.6;38;11268931899;B
20241007;113455;713.6;50;11268932122;B
20241007;113455;713.6;50;11268932199;B
20241007;113456;713.6;1;11268932987;B
20241007;113456;713.6;1;11268933129;B
20241007;113456;713.6;1;11268933326;B
20241007;113456;713.6;1;11268933571;B
20241007;113457;713.6;1;11268933585;B
20241007;113457;713.6;1;11268933763;B
20241007;113458;713.6;25;11268934647;B
20241007;113459;713.6;17;11268935653;B
20241007;113459;713.8;8;11268935654;B
20241007;113504;713.8;26;11268940013;B
20241007;113504;713.8;24;11268940014;B
20241007;113506;713.8;26;11268942262;B
20241007;113506;713.8;3;11268942263;B
20241007;113506;714;2;11268942264;B
20241007;113506;714;19;11268942265;B
20241007;113507;714;24;11268942387;B
20241007;113508;714;7;11268943063;B
20241007;113508;714;6;11268943064;B
20241007;113508;714;5;11268943065;B
20241007;113508;714;10;11268943066;B
20241007;113508;714;20;11268943067;B
20241007;113508;714.2;1;11268943068;B
20241007;113508;714.2;1;11268943069;B
20241007;113508;714.2;1;11268943537;S
20241007;113510;714;1;11268945347;B
20241007;113510;714.2;9;11268945348;B
20241007;113510;714.4;15;11268945349;B
20241007;113511;714;1;11268946135;S
20241007;113516;714;1;11268950129;B
20241007;113519;713.8;9;11268952447;S
20241007;113519;713.8;8;11268952529;B
20241007;113519;714;16;11268952530;B
20241007;113523;713.8;25;11268954924;B
20241007;113532;713.8;24;11268962932;B
20241007;113535;713.6;25;11268965469;B
20241007;113544;713.6;5;11268973171;B
20241007;113544;713.6;8;11268973172;B
20241007;113544;713.6;2;11268973173;B
20241007;113544;713.8;9;11268973174;B
20241007;113547;713.8;5;11268975764;B
20241007;113547;713.8;20;11268975765;B
20241007;113548;713.4;2;11268976632;S
20241007;113548;713.2;10;11268976633;S
20241007;113548;713.2;7;11268976634;S
20241007;113548;713;3;11268976922;S
20241007;113549;713;1;11268977652;S
20241007;113553;713.2;1;11268981399;B
20241007;113557;713.2;24;11268985129;B
20241007;113600;713.2;6;11268987690;B
20241007;113600;713.6;19;11268987691;B
20241007;113609;713.4;24;11268996970;B
20241007;113612;713.4;25;11268999766;B
20241007;113622;713.4;18;11269008444;B
20241007;113622;713.4;6;11269008445;B
20241007;113622;713;46;11269008664;S
20241007;113624;713;25;11269011082;B
20241007;113634;713;24;11269020473;B
20241007;113637;713;5;11269023309;B
20241007;113637;713;6;11269023310;B
20241007;113637;713.2;14;11269023311;B
20241007;113638;712.8;8;11269024265;S
20241007;113641;712.8;1;11269027163;S
20241007;113641;712.8;1;11269027164;S
20241007;113641;712.6;7;11269027165;S
20241007;113641;712.6;6;11269027166;S
20241007;113649;712.6;25;11269034928;B
20241007;113659;712.6;24;11269045093;B
20241007;113700;712.2;1;11269045769;S
20241007;113701;712.8;10;11269047476;B
20241007;113701;712.8;1;11269047477;B
20241007;113701;712.8;9;11269047478;B
20241007;113701;712.8;5;11269047479;B
20241007;113711;712.6;5;11269056930;B
20241007;113711;712.6;5;11269056931;B
20241007;113711;712.8;1;11269056932;B
20241007;113711;712.8;13;11269056933;B
20241007;113714;712.8;12;11269059378;B
20241007;113714;712.8;13;11269059379;B
20241007;113715;712.4;25;11269060732;S
20241007;113715;712.4;40;11269060733;S
20241007;113715;712.4;9;11269060734;S
20241007;113715;712.2;26;11269060735;S
20241007;113724;712.6;8;11269069155;B
20241007;113724;712.6;8;11269069156;B
20241007;113724;712.6;8;11269069157;B
20241007;113726;712.4;25;11269071626;B
20241007;113733;712.6;1;11269078127;B
20241007;113736;712.6;24;11269081922;B
20241007;113739;712.8;25;11269084215;B
20241007;113751;712.4;25;11269096973;B
20241007;113752;712.4;1;11269097753;B
20241007;113755;712.2;4;11269100656;S
20241007;113757;712.4;1;11269101861;S
20241007;113757;712.2;19;11269101862;S
20241007;113757;712.2;2;11269101863;S
20241007;113757;712.2;2;11269101864;S
20241007;113757;712.2;1;11269101865;S
20241007;113803;712.6;25;11269108712;B
20241007;113807;712.2;3;11269112501;S
20241007;113807;712.2;40;11269112502;S
20241007;113807;712.2;8;11269112503;S
20241007;113807;712;25;11269112504;S
20241007;113807;712;1;11269112505;S
20241007;113807;712;8;11269112506;S
20241007;113807;712;2;11269112507;S
20241007;113807;712;2;11269112508;S
20241007;113807;712;4;11269112509;S
20241007;113807;712;50;11269112510;S
20241007;113807;711.8;1;11269112511;S
20241007;113807;711.8;5;11269112512;S
20241007;113807;711.8;4;11269112513;S
20241007;113807;711.8;25;11269112514;S
20241007;113807;711.8;259;11269112515;S
20241007;113807;711.6;1;11269112516;S
20241007;113807;711.6;4;11269112517;S
20241007;113807;711.4;10;11269112518;S
20241007;113807;711.4;10;11269112519;S
20241007;113807;711.2;1;11269112520;S
20241007;113807;711.2;2;11269112521;S
20241007;113807;711.2;2;11269112522;S
20241007;113807;711.2;100;11269112523;S
20241007;113807;711.2;48;11269112524;S
20241007;113807;711;1;11269112525;S
20241007;113807;711;50;11269112526;S
20241007;113807;711;10;11269112527;S
20241007;113807;711;88;11269112528;S
20241007;113807;710.8;236;11269112529;S
20241007;113816;711.4;25;11269120567;B
20241007;113825;711.6;5;11269127543;B
20241007;113825;711.6;1;11269127544;B
20241007;113825;711.8;1;11269127545;B
20241007;113825;711.8;14;11269127546;B
20241007;113825;711.8;17;11269127547;B
20241007;113826;711.8;1;11269128936;B
20241007;113826;712;15;11269128937;B
20241007;113828;712;25;11269130120;B
20241007;113839;712.2;1;11269139670;B
20241007;113839;712.2;1;11269139671;B
20241007;113839;712.2;5;11269139672;B
20241007;113839;712.4;2;11269139673;B
20241007;113839;712.4;15;11269139674;B
20241007;113840;712.4;2;11269141008;B
20241007;113840;712.6;1;11269141009;B
20241007;113840;712.6;2;11269141010;B
20241007;113840;712.6;2;11269141011;B
20241007;113840;712.6;18;11269141012;B
20241007;113841;712.6;32;11269141210;B
20241007;113841;712.6;6;11269141211;B
20241007;113846;712.8;8;11269145989;B
20241007;113846;712.8;1;11269145990;B
20241007;113846;712.8;21;11269145991;B
20241007;113848;712.8;30;11269147018;B
20241007;113853;712.6;1;11269151175;B
20241007;113853;712.6;24;11269151176;B
20241007;113858;712.6;13;11269155732;B
20241007;113905;712.6;3;11269161372;B
20241007;113905;712.8;22;11269161373;B
