<DATE>;<TIME>;<LAST>;<VOL>;<ID>;<OPER>
20241004;095948;695.2;8;11262396234;B
20241004;095948;695.2;2;11262396235;B
20241004;095948;695.2;1;11262396236;B
20241004;100001;696.6;5;11262402186;B
20241004;100002;697;4;11262402806;B
20241004;100002;697.6;11;11262402807;B
20241004;100002;697.8;25;11262402808;B
20241004;100003;697.8;21;11262402937;B
20241004;100003;697.8;6;11262402938;B
20241004;100003;697.8;37;11262402939;B
20241004;100003;696.2;1;11262403388;S
20241004;100003;697.8;1;11262403534;B
20241004;100004;697.2;1;11262404475;B
20241004;100004;696.2;1;11262405561;S
20241004;100005;697.2;1;11262407297;B
20241004;100006;696.6;15;11262407516;S
20241004;100006;697.2;1;11262407517;B
20241004;100006;697.2;3;11262408023;B
20241004;100010;697;5;11262409262;B
20241004;100011;697.2;11;11262409292;B
20241004;100011;697.8;50;11262409293;B
20241004;100011;698;20;11262409294;B
20241004;100011;698;29;11262409295;B
20241004;100011;698;55;11262409296;B
20241004;100011;698.2;29;11262409297;B
20241004;100011;698.4;1;11262409298;B
20241004;100011;698.4;29;11262409299;B
20241004;100011;698.6;29;11262409300;B
20241004;100011;698.6;115;11262409301;B
20241004;100011;698.8;20;11262409302;B
20241004;100011;698.8;29;11262409303;B
20241004;100011;698.8;83;11262409304;B
20241004;100011;698.6;40;11262409374;B
20241004;100011;698.6;16;11262409375;B
20241004;100011;698.8;14;11262409376;B
20241004;100011;698.8;18;11262409452;B
20241004;100011;699;6;11262409453;B
20241004;100012;698;8;11262409878;B
20241004;100012;698;11;11262409910;B
20241004;100020;698;1;11262412121;B
20241004;100021;697.6;100;11262412410;S
20241004;100030;697.6;1;11262415120;S
20241004;100032;697.6;100;11262415731;S
20241004;100037;697.6;61;11262417118;S
20241004;100037;697.6;1;11262417119;S
20241004;100043;697.6;5;11262418601;B
20241004;100050;698;20;11262420133;B
20241004;100050;698;5;11262420134;B
20241004;100050;698.6;1;11262420135;B
20241004;100050;698.6;15;11262420136;B
20241004;100050;698.6;5;11262420137;B
20241004;100050;698.8;7;11262420138;B
20241004;100050;699;294;11262420139;B
20241004;100050;699;29;11262420140;B
20241004;100050;699;115;11262420141;B
20241004;100050;699;9;11262420142;B
20241004;100056;699;4;11262421877;B
20241004;100110;699;19;11262425799;B
20241004;100110;699;17;11262425800;B
20241004;100110;699.2;28;11262425801;B
20241004;100110;699.2;36;11262425802;B
20241004;100111;696.8;4;11262425999;S
20241004;100111;696.2;50;11262426000;S
20241004;100111;696.2;46;11262426001;S
20241004;100112;696;11;11262426075;B
20241004;100112;696;29;11262426076;B
20241004;100115;698;10;11262426885;B
20241004;100139;697.6;14;11262432951;S
20241004;100140;697.8;14;11262433067;S
20241004;100140;697.8;331;11262433232;S
20241004;100140;697.6;117;11262433233;S
20241004;100140;696.2;266;11262433234;S
20241004;100140;696.2;10;11262433235;S
20241004;100140;696.2;100;11262433236;S
20241004;100140;696;89;11262433237;S
20241004;100140;696;100;11262433238;S
20241004;100140;695.6;300;11262433239;S
20241004;100140;695.4;187;11262433240;S
20241004;100140;695.6;14;11262433253;S
20241004;100355;696;41;11262465194;S
20241004;100428;696;71;11262471144;S
20241004;100433;697;36;11262471954;B
20241004;100433;697;10;11262471955;B
20241004;100452;696;341;11262475855;S
20241004;100501;696;1;11262478288;S
20241004;100603;696.4;3;11262489618;B
20241004;100603;696.4;1;11262489619;B
20241004;100603;696.8;7;11262489620;B
20241004;100641;696.2;10;11262496363;S
20241004;100646;696.2;30;11262497196;S
20241004;100646;696;70;11262497197;S
20241004;100710;696.6;15;11262501394;B
20241004;100710;696.8;21;11262501395;B
20241004;100731;696.4;4;11262505714;B
20241004;100755;696.2;10;11262509332;S
20241004;100755;696.2;1;11262509373;S
20241004;100818;696.4;12;11262512938;S
20241004;100821;696.4;9;11262513531;S
20241004;100825;696.4;7;11262513953;S
20241004;100829;696.2;6;11262514641;S
20241004;100832;696.6;1;11262515012;B
20241004;100836;696.4;5;11262515584;S
20241004;100857;696.4;1;11262518554;S
20241004;100910;696.4;1;11262520637;B
20241004;100916;696.4;1;11262521692;B
20241004;100924;696.2;1;11262522925;S
20241004;100951;696.6;11;11262526766;B
20241004;100951;696.8;1;11262526767;B
20241004;101000;696.2;6;11262528145;S
20241004;101000;696.2;1;11262528146;S
20241004;101000;696.2;7;11262528147;S
20241004;101000;696;4;11262528148;S
20241004;101051;696.8;1;11262535441;B
20241004;101055;696.8;4;11262536022;B
20241004;101123;696.8;1;11262540123;B
20241004;101147;696.8;223;11262543292;B
20241004;101147;696.8;40;11262543293;B
20241004;101147;696.8;25;11262543294;B
20241004;101147;696.8;79;11262543295;B
20241004;101147;696.8;17;11262543296;B
20241004;101207;696.8;7;11262546341;S
20241004;101222;696.8;20;11262548849;S
20241004;101227;697;50;11262549577;B
20241004;101316;696.8;1;11262555565;S
20241004;101325;696.8;150;11262556995;S
20241004;101413;697;2;11262563483;B
20241004;101424;696.8;7;11262565183;S
20241004;101428;696.8;12;11262565731;S
20241004;101430;697;1;11262565978;B
20241004;101433;696.8;42;11262566184;S
20241004;101441;696.8;12;11262567325;S
20241004;101452;696.8;36;11262568731;S
20241004;101456;696.8;12;11262569349;S
20241004;101508;696.8;18;11262571079;S
20241004;101512;696.8;6;11262572168;S
20241004;101516;696.8;6;11262573573;S
20241004;101519;696.8;100;11262574514;S
20241004;101529;696.8;1000;11262577508;S
20241004;101530;696.8;50;11262577745;S
20241004;101533;696.8;540;11262578733;S
20241004;101539;696.8;100;11262580680;S
20241004;101543;696.8;497;11262581657;S
20241004;101803;696;1;11262609171;S
20241004;101803;696;20;11262609230;B
20241004;101810;696;29;11262610298;B
20241004;101810;696;26;11262610299;B
20241004;101810;696;9;11262610300;B
20241004;101830;696.2;14;11262612686;B
20241004;101830;696.2;36;11262612687;B
20241004;101838;695.8;2;11262613783;S
20241004;101839;695.6;1;11262613942;S
20241004;101839;695.6;1;11262613949;S
20241004;101841;695.8;1;11262614204;B
20241004;101847;695.8;39;11262614924;S
20241004;101847;695.6;61;11262614925;S
20241004;101924;695.6;1;11262620053;S
20241004;102003;696.4;89;11262624978;B
20241004;102003;696.4;40;11262624979;B
20241004;102011;696.8;1;11262626060;B
20241004;102014;696.8;42;11262626457;B
20241004;102014;696.8;8;11262626458;B
20241004;102026;696.8;22;11262629386;B
20241004;102026;696.8;168;11262629387;B
20241004;102055;696.4;1;11262643642;S
20241004;102113;696.8;30;11262652964;B
20241004;102123;696.8;100;11262658289;B
20241004;102125;696;1;11262659202;S
20241004;102232;696;13;11262670653;S
20241004;102232;696;3;11262670654;S
20241004;102256;695.8;1;11262673839;S
20241004;102323;695.6;26;11262677298;S
20241004;102323;695.6;89;11262677299;S
20241004;102456;695.6;1;11262703595;B
20241004;102500;694.8;36;11262704559;S
20241004;102515;695;150;11262707382;S
20241004;102515;694.8;40;11262707383;S
20241004;102515;694.8;21;11262707384;S
20241004;102515;694.6;48;11262707385;S
20241004;102542;695.4;1;11262711747;S
20241004;102618;695.6;1;11262716819;B
20241004;102618;696;1;11262716820;B
20241004;102641;695.4;1;11262719555;S
20241004;102650;696;2;11262720348;B
20241004;102813;696;1;11262729022;S
20241004;102859;695;1;11262733521;S
20241004;102912;695.4;14;11262734870;B
20241004;102912;695.4;40;11262734871;B
20241004;102912;695.6;18;11262734872;B
20241004;102912;695.8;128;11262734873;B
20241004;102926;695.8;40;11262736208;B
20241004;102926;695.8;4;11262736209;B
20241004;102926;696;29;11262736210;B
20241004;102928;695.8;4;11262736344;B
20241004;103039;695.8;1;11262743999;S
20241004;103042;695.8;1;11262744409;B
20241004;103043;695.8;1;11262744527;S
20241004;103049;696;50;11262746075;B
20241004;103049;696.2;94;11262746076;B
20241004;103053;696.2;27;11262747115;B
20241004;103053;696.2;100;11262747240;S
20241004;103059;696.2;4;11262748484;S
20241004;103118;696.4;2;11262751459;B
20241004;103120;696.2;1;11262751751;S
20241004;103125;696.2;61;11262752478;B
20241004;103127;696.2;1;11262752688;S
20241004;103131;696.4;1;11262753326;B
20241004;103132;696.2;1;11262753532;S
20241004;103137;696.2;1;11262754347;S
20241004;103138;696.4;381;11262754616;B
20241004;103147;696.2;1;11262756280;S
20241004;103156;696.2;1;11262757932;S
20241004;103201;696.2;18;11262758753;S
20241004;103219;696.2;1;11262762066;S
20241004;103227;696.2;1;11262763205;S
20241004;103242;696.2;1;11262765466;S
20241004;103252;696.2;1;11262767010;S
20241004;103310;696.4;10;11262769791;B
20241004;103350;696.2;7;11262777599;S
20241004;103350;696.2;57;11262777600;S
20241004;103350;696.2;40;11262777601;S
20241004;103350;696;29;11262777602;S
20241004;103350;695.6;23;11262777603;S
20241004;103350;695.6;52;11262777604;S
20241004;103350;695.2;50;11262777605;S
20241004;103350;695;2;11262777606;S
20241004;103350;694.6;202;11262777607;S
20241004;103350;694.6;145;11262777608;S
20241004;103350;694.4;232;11262777609;S
20241004;103350;694.2;5;11262777610;S
20241004;103350;694.2;273;11262777611;S
20241004;103350;694;484;11262777612;S
20241004;103350;694;813;11262777613;S
20241004;103350;694;2;11262777614;S
20241004;103350;693.6;2;11262777615;S
20241004;103350;693.6;6;11262777616;S
20241004;103350;693.6;5;11262777617;S
20241004;103350;693.6;1;11262777618;S
20241004;103350;693.6;1;11262777619;S
20241004;103350;693.6;5;11262777620;S
20241004;103350;693.4;4;11262777621;S
20241004;103350;693.4;1;11262777622;S
20241004;103350;693.2;4;11262777623;S
20241004;103350;693;3;11262777624;S
20241004;103350;693;5;11262777625;S
20241004;103350;692.8;50;11262777626;S
20241004;103350;692;10;11262777627;S
20241004;103350;692;1;11262777628;S
20241004;103350;692;202;11262777629;S
20241004;103350;691.8;540;11262777630;S
20241004;103350;691.2;5;11262777631;S
20241004;103350;691.2;100;11262777632;S
20241004;103350;691.2;100;11262777633;S
20241004;103350;691;11;11262777634;S
20241004;103350;690.6;2;11262777635;S
20241004;103350;690.6;700;11262777636;S
20241004;103350;690.4;115;11262777637;S
20241004;103350;690.2;5;11262777638;S
20241004;103350;690.2;115;11262777639;S
20241004;103350;690.2;28;11262777640;S
20241004;103350;690;1;11262777641;S
20241004;103350;690;25;11262777642;S
20241004;103350;690;300;11262777643;S
20241004;103350;690;2;11262777644;S
20241004;103350;690;51;11262777645;S
20241004;103350;690;1;11262777646;S
20241004;103350;690;1000;11262777647;S
20241004;103350;690;115;11262777648;S
20241004;103350;690;28;11262777649;S
20241004;103350;689.8;36;11262777650;S
20241004;103350;689.8;28;11262777651;S
20241004;103350;689.6;28;11262777652;S
20241004;103350;689.4;28;11262777653;S
20241004;103350;689.2;28;11262777654;S
20241004;103350;689;497;11262777655;S
20241004;103350;689;245;11262777656;S
20241004;103350;695;13;11262777670;B
20241004;103350;695;40;11262777671;B
20241004;103350;696;6;11262777672;B
20241004;103350;696;1;11262777698;B
20241004;103350;690.2;11;11262777700;S
20241004;103351;690.8;20;11262777710;S
20241004;103351;691;1;11262777789;S
20241004;103351;690.8;40;11262777813;S
20241004;103352;690.8;40;11262777848;S
20241004;103352;690.6;14;11262777896;S
20241004;103352;690.6;1;11262777897;S
20241004;103352;690.6;25;11262777898;S
20241004;103352;690.8;7;11262777925;S
20241004;103352;690.6;15;11262777926;S
20241004;103352;690.2;7;11262777927;S
20241004;103352;690.2;11;11262777928;S
20241004;103352;690.2;40;11262777942;S
20241004;103355;691.6;50;11262778289;S
20241004;103355;692.4;289;11262778312;B
20241004;103356;692.2;1;11262778348;B
20241004;103356;692.2;410;11262778439;B
20241004;103356;692.4;90;11262778440;B
20241004;103409;693.2;10;11262779986;B
20241004;103409;693.4;9;11262780090;B
20241004;103411;693.4;5;11262780355;B
20241004;103411;694.6;17;11262780356;B
20241004;103420;693.8;2;11262781681;B
20241004;103426;693.6;7;11262782543;B
20241004;103432;694.2;50;11262783321;B
20241004;103435;694.6;3;11262783681;B
20241004;103440;694.4;4;11262784275;B
20241004;103442;694.4;6;11262784579;B
20241004;103445;694.4;50;11262785126;B
20241004;103447;694.4;30;11262785375;B
20241004;103450;694.6;7;11262785813;B
20241004;103453;694.8;5;11262786430;B
20241004;103453;695;1;11262786457;B
20241004;103456;695;24;11262786974;B
20241004;103456;695.2;1;11262786982;S
20241004;103456;695.8;3;11262787541;B
20241004;103520;694.8;1;11262792732;S
20241004;103520;694.8;40;11262792733;S
20241004;103530;694.4;9;11262794887;S
20241004;103537;695.2;1;11262796956;B
20241004;103612;695.8;5;11262828316;B
20241004;103655;695.8;26;11262870266;B
20241004;103655;695.8;17;11262870267;B
20241004;103720;696;14;11262897816;B
20241004;103720;696.2;10;11262897817;B
20241004;103720;696.2;1;11262897818;B
20241004;103720;696.2;40;11262897819;B
20241004;103723;696.4;6;11262901228;B
20241004;103736;695.2;1;11262915504;S
20241004;103847;695.4;55;11262993156;S
20241004;103940;696.2;2;11263041522;B
20241004;103940;696.2;40;11263041523;B
20241004;103940;696.4;13;11263041524;B
20241004;103949;695.6;3;11263050898;S
20241004;104127;695.4;1;11263159180;S
20241004;104150;695.4;1;11263183225;S
20241004;104212;695.6;1;11263203725;B
20241004;104226;695.4;1;11263217341;S
20241004;104228;695.8;2;11263218479;B
20241004;104318;695.8;1;11263270082;B
20241004;104330;695.8;8;11263282916;B
20241004;104345;695.6;14;11263297817;B
20241004;104350;695.4;12;11263304042;S
20241004;104350;695.4;12;11263304043;S
20241004;104350;695.2;76;11263304044;S
20241004;104352;695.4;1;11263305425;B
20241004;104400;695.2;59;11263315193;S
20241004;104400;695.2;1;11263315194;S
20241004;104403;695;2;11263318370;S
20241004;104403;692.8;6;11263318402;S
20241004;104424;695.2;1;11263341892;B
20241004;104424;695.2;2;11263341893;B
20241004;104424;695.2;11;11263341894;B
20241004;104440;695.4;1;11263358453;B
20241004;104458;695.2;6;11263378755;B
20241004;104530;695.4;14;11263407532;B
20241004;104530;695.6;15;11263407533;B
20241004;104530;695.6;40;11263407534;B
20241004;104530;695.8;146;11263407535;B
20241004;104530;696;5;11263407536;B
20241004;104530;696.4;390;11263407537;B
20241004;104530;696.2;5;11263407550;B
20241004;104739;696;1;11263541397;B
20241004;104808;694.6;2;11263571916;S
20241004;104808;696.2;4;11263572446;B
20241004;104929;695.6;1;11263632990;B
20241004;104930;695.6;2;11263633514;B
20241004;105016;695;161;11263682598;S
20241004;105016;695;39;11263682599;S
20241004;105103;695.2;1;11263732592;S
20241004;105119;695;1;11263751456;S
20241004;105121;695.4;1;11263753968;B
20241004;105129;695;1;11263763165;S
20241004;105153;695.2;101;11263789914;S
20241004;105153;695.2;6;11263789915;S
20241004;105153;695.2;40;11263789916;S
20241004;105153;695;4;11263789917;S
20241004;105153;694;50;11263789918;S
20241004;105153;694;60;11263789919;S
20241004;105153;693.4;100;11263789920;S
20241004;105153;693;1;11263789921;S
20241004;105153;693;7;11263789922;S
20241004;105153;693;131;11263789923;S
20241004;105205;694.6;14;11263800294;B
20241004;105205;694.8;1;11263800295;B
20241004;105205;694.8;40;11263800296;B
20241004;105205;695;19;11263800297;B
20241004;105205;696;25;11263800298;B
20241004;105223;695.2;25;11263816318;B
20241004;105223;695.2;40;11263816319;B
20241004;105325;695.2;3;11263879412;B
20241004;105325;695.2;40;11263879413;B
20241004;105340;696.2;1;11263894197;B
20241004;105439;695.4;3;11263903043;B
20241004;105439;695.4;1;11263903291;B
20241004;105621;695.2;1;11263916240;S
20241004;105642;694.6;5;11263919694;B
20241004;105642;694.6;40;11263919695;B
20241004;105642;694.8;59;11263919696;B
20241004;105642;695.2;7;11263919697;B
20241004;105642;695.4;3;11263919698;B
20241004;105642;695.4;68;11263919699;B
20241004;105642;695.6;319;11263919700;B
20241004;105648;695.4;46;11263920579;B
20241004;105648;695.4;40;11263920580;B
20241004;105648;695.4;1;11263920581;B
20241004;105648;695.4;8;11263920582;B
20241004;105703;694.4;1;11263922690;S
20241004;105737;694.8;10;11263927447;B
20241004;105740;695.4;6;11263927756;B
20241004;105740;695.4;4;11263927757;B
20241004;105833;694.4;13;11263933981;S
20241004;105833;694;40;11263933982;S
20241004;105833;693.6;7;11263933983;S
20241004;105833;693;1;11263933984;S
20241004;105833;693;230;11263933985;S
20241004;105833;692.6;10;11263933986;S
20241004;105833;692.6;199;11263933987;S
20241004;105833;692.6;1;11263933992;S
20241004;105833;692.6;1;11263933993;S
20241004;105834;694.2;46;11263934092;S
20241004;110017;694;10;11263945478;B
20241004;110017;693.4;1;11263945549;S
20241004;110017;693.4;5;11263945550;S
20241004;110125;694;1;11263953197;B
20241004;110147;694;5;11263958422;B
20241004;110230;694;1;11263967694;B
20241004;110241;694;5;11263970183;B
20241004;110248;694;28;11263971738;B
20241004;110248;694.2;40;11263971739;B
20241004;110248;694.2;4;11263971740;B
20241004;110248;694.4;54;11263971741;B
20241004;110248;694.6;124;11263971742;B
20241004;110248;695;14;11263971743;B
20241004;110248;695;59;11263971744;B
20241004;110248;695.6;70;11263971745;B
20241004;110302;694.2;44;11263975028;B
20241004;110302;694.6;9;11263975029;B
20241004;110304;694;4;11263975899;S
20241004;110331;694;25;11263982320;B
20241004;110331;694.2;40;11263982321;B
20241004;110331;694.2;11;11263982322;B
20241004;110412;694.8;25;11263991386;B
20241004;110425;693.8;1;11263994629;B
20241004;110425;694.8;23;11263994634;B
20241004;110426;694.8;37;11263994751;B
20241004;110426;694.8;40;11263994752;B
20241004;110426;695;147;11263994753;B
20241004;110426;695.2;60;11263994754;B
20241004;110426;695.4;46;11263994755;B
20241004;110426;695.4;170;11263994756;B
20241004;110426;695;25;11263994829;B
20241004;110426;695;5;11263994872;B
20241004;110426;695;44;11263994962;B
20241004;110426;695;6;11263994963;B
20241004;110426;695;9;11263994965;B
20241004;110426;695.4;111;11263994966;B
20241004;110427;695.6;30;11263995052;B
20241004;110427;695.8;5;11263995053;B
20241004;110427;696;15;11263995054;B
20241004;110427;696;117;11263995075;B
20241004;110427;696;119;11263995076;B
20241004;110427;696.2;11;11263995077;B
20241004;110427;696.6;51;11263995078;B
20241004;110427;696.6;82;11263995079;B
20241004;110427;696.6;100;11263995118;B
20241004;110427;696.6;37;11263995121;B
20241004;110427;696.8;83;11263995122;B
20241004;110427;696.8;50;11263995150;B
20241004;110428;696.8;5;11263995321;B
20241004;110428;696.4;30;11263995323;S
20241004;110434;696.4;15;11263996719;B
20241004;110435;696.4;225;11263996722;B
20241004;110435;696.4;45;11263996802;B
20241004;110435;696.6;37;11263996803;B
20241004;110435;696.8;64;11263996804;B
20241004;110435;696.8;3;11263996805;B
20241004;110435;696.8;5;11263996806;B
20241004;110435;696.8;1;11263996807;B
20241004;110435;696.8;30;11263996808;B
20241004;110435;696.8;6;11263996809;B
20241004;110435;696.8;9;11263996810;S
20241004;110436;697;17;11263996980;B
20241004;110436;697;46;11263996981;B
20241004;110436;697;200;11263997053;B
20241004;110437;697;4;11263997120;B
20241004;110437;697;1;11263997121;B
20241004;110437;697;10;11263997122;B
20241004;110437;697;35;11263997123;B
20241004;110437;697;50;11263997169;B
20241004;110437;697;17;11263997183;B
20241004;110437;697.2;8;11263997184;B
20241004;110437;697;5;11263997289;B
20241004;110438;697;13;11263997424;B
20241004;110438;697.2;187;11263997425;B
20241004;110438;697.2;55;11263997449;B
20241004;110438;697.2;5;11263997450;B
20241004;110438;697.2;4;11263997451;B
20241004;110438;697.6;144;11263997452;B
20241004;110438;697.8;100;11263997453;B
20241004;110438;698;5;11263997454;B
20241004;110438;698;2;11263997455;B
20241004;110438;698.2;5;11263997456;B
20241004;110438;698.2;60;11263997457;B
20241004;110438;698;114;11263997462;B
20241004;110438;698.2;12;11263997463;B
20241004;110438;698.4;1;11263997464;B
20241004;110438;698.4;14;11263997465;B
20241004;110438;698.6;9;11263997466;B
20241004;110439;696.4;2;11263997725;S
20241004;110439;697.8;12;11263997731;B
20241004;110439;698;46;11263997732;B
20241004;110439;698.4;48;11263997733;B
20241004;110439;698.6;1;11263997734;B
20241004;110439;698.6;2;11263997735;B
20241004;110439;698.6;484;11263997736;B
20241004;110439;698.6;5;11263997737;B
20241004;110439;698.8;10;11263997738;B
20241004;110439;698.8;5;11263997739;B
20241004;110439;698.8;20;11263997740;B
20241004;110439;698.8;36;11263997741;B
20241004;110439;698.8;2;11263997742;B
20241004;110439;698.8;2;11263997743;B
20241004;110439;698.8;28;11263997744;B
20241004;110439;699;22;11263997745;B
20241004;110439;699;1;11263997746;B
20241004;110439;699;100;11263997747;B
20241004;110439;699;28;11263997748;B
20241004;110439;699;1;11263997749;B
20241004;110439;699.2;5;11263997750;B
20241004;110439;699.2;1;11263997751;B
20241004;110439;699.2;28;11263997752;B
20241004;110439;699.4;5;11263997753;B
20241004;110439;699.4;7;11263997754;B
20241004;110439;699.4;700;11263997755;B
20241004;110439;699.4;28;11263997756;B
20241004;110439;699.4;115;11263997757;B
20241004;110439;699.6;4;11263997758;B
20241004;110439;699.6;1;11263997759;B
20241004;110439;699.6;1;11263997760;B
20241004;110439;699.6;5;11263997761;B
20241004;110439;699.6;300;11263997762;B
20241004;110439;699.6;28;11263997763;B
20241004;110439;699.6;115;11263997764;B
20241004;110439;699.8;2;11263997765;B
20241004;110439;699.8;70;11263997766;B
20241004;110439;699.8;400;11263997767;B
20241004;110439;699.8;28;11263997768;B
20241004;110439;699.8;115;11263997769;B
20241004;110439;700;15;11263997770;B
20241004;110439;700;10;11263997771;B
20241004;110439;700;21;11263997772;B
20241004;110439;700;50;11263997773;B
20241004;110439;700;1;11263997774;B
20241004;110439;700;10;11263997775;B
20241004;110439;700;25;11263997776;B
20241004;110439;700;2;11263997777;B
20241004;110439;700;1;11263997778;B
20241004;110439;700;50;11263997779;B
20241004;110439;700;500;11263997780;B
20241004;110439;700;1;11263997781;B
20241004;110439;700;1;11263997782;B
20241004;110439;700;50;11263997783;B
20241004;110439;700;6;11263997784;B
20241004;110439;700;5;11263997785;B
20241004;110439;700;10;11263997786;B
20241004;110439;700;431;11263997787;B
20241004;110440;698.6;6;11263997847;B
20241004;110441;698.2;2;11263998049;B
20241004;110441;697.2;1;11263998151;B
20241004;110441;698.2;40;11263998167;B
20241004;110445;698;1;11263999241;B
20241004;110450;698.2;25;11264000453;B
20241004;110451;698;9;11264000751;B
20241004;110451;698.2;41;11264000752;B
20241004;110452;698.2;50;11264000829;B
20241004;110452;698.2;50;11264000941;B
20241004;110452;698.2;50;11264001076;B
20241004;110457;698.2;42;11264001976;B
20241004;110457;699;2;11264001977;B
20241004;110457;699;4;11264001978;B
20241004;110457;699;2;11264001979;B
20241004;110457;699;50;11264002055;B
20241004;110501;699;50;11264002820;B
20241004;110502;698.8;2;11264002984;B
20241004;110502;698.8;15;11264002985;B
20241004;110502;699.2;8;11264002986;B
20241004;110510;698.6;1;11264004223;B
20241004;110510;698.6;2;11264004224;B
20241004;110510;698.8;1;11264004225;B
20241004;110510;699;5;11264004226;B
20241004;110510;699;1;11264004227;B
20241004;110512;698.4;20;11264004594;S
20241004;110512;698.2;10;11264004595;S
20241004;110512;698.2;25;11264004596;S
20241004;110512;698;50;11264004597;S
20241004;110512;698;8;11264004598;S
20241004;110512;697.8;17;11264004599;S
20241004;110515;698.6;2;11264005134;B
20241004;110515;698.6;23;11264005135;B
20241004;110527;699;1;11264008048;B
20241004;110527;699;1;11264008049;B
20241004;110527;699;22;11264008050;B
20241004;110528;698.8;15;11264008413;B
20241004;110528;699.2;1;11264008414;B
20241004;110528;699.2;9;11264008415;B
20241004;110529;699.2;5;11264009032;B
20241004;110529;699.2;20;11264009033;B
20241004;110530;699.2;139;11264009321;B
20241004;110530;699.4;5;11264009322;B
20241004;110530;699.4;50;11264009323;B
20241004;110530;699.8;20;11264009324;B
20241004;110530;699.8;145;11264009325;B
20241004;110530;700;69;11264009326;B
20241004;110530;700;40;11264009327;B
20241004;110530;700;229;11264009328;B
20241004;110530;700;115;11264009329;B
20241004;110530;700;2;11264009330;B
20241004;110530;700;62;11264009331;B
20241004;110530;700;1;11264009332;B
20241004;110530;700;17;11264009333;B
20241004;110530;700;1;11264009334;B
20241004;110530;700;195;11264009335;B
20241004;110530;699.6;100;11264009552;B
20241004;110530;699.8;50;11264009567;B
20241004;110532;700;5;11264010245;B
20241004;110534;700;500;11264010794;B
20241004;110536;700;10;11264011617;B
20241004;110536;700;4;11264011618;B
20241004;110536;700;36;11264011619;B
20241004;110536;700;42;11264011620;B
20241004;110536;700.2;28;11264011621;B
20241004;110536;700.2;115;11264011622;B
20241004;110536;700.2;8;11264011623;B
20241004;110537;700.4;28;11264011724;B
20241004;110537;700.4;22;11264011725;B
20241004;110537;700.4;75;11264011970;B
20241004;110537;700.4;18;11264012024;B
20241004;110537;700.4;7;11264012025;B
20241004;110537;700.4;58;11264012026;B
20241004;110537;700.6;1;11264012027;B
20241004;110537;700.6;5;11264012028;B
20241004;110537;700.6;28;11264012029;B
20241004;110537;700.6;33;11264012030;B
20241004;110538;700.6;2;11264012172;B
20241004;110538;700.6;25;11264012210;B
20241004;110538;700.6;25;11264012379;B
20241004;110539;700.6;20;11264012608;B
20241004;110539;700.6;10;11264012620;B
20241004;110539;700.6;15;11264012621;B
20241004;110539;700.6;57;11264012628;B
20241004;110539;700.6;11;11264012629;B
20241004;110539;700.8;115;11264012630;B
20241004;110539;701;2;11264012631;B
20241004;110539;701;15;11264012632;B
20241004;110539;701;5;11264012633;B
20241004;110539;701;1;11264012634;B
20241004;110539;701;25;11264012635;B
20241004;110539;701;10;11264012636;B
20241004;110539;701;1;11264012637;B
20241004;110539;701;2;11264012638;B
20241004;110539;701;26;11264012639;B
20241004;110539;701;115;11264012640;B
20241004;110539;701;66;11264012642;S
20241004;110539;701.2;10;11264012704;B
20241004;110539;701.2;3;11264012705;B
20241004;110539;701.2;4;11264012706;B
20241004;110539;701.2;3;11264012707;B
20241004;110540;701.2;397;11264013008;B
20241004;110540;701.4;5;11264013009;B
20241004;110540;701.4;28;11264013010;B
20241004;110540;701.6;10;11264013011;B
20241004;110540;701.6;19;11264013012;B
20241004;110540;701.8;1;11264013013;B
20241004;110540;701.8;4;11264013014;B
20241004;110540;701.8;1;11264013015;B
20241004;110540;701.8;145;11264013016;B
20241004;110540;702;1;11264013017;B
20241004;110540;702;12;11264013018;B
20241004;110540;702;1;11264013019;B
20241004;110540;702;30;11264013020;B
20241004;110540;702;2;11264013021;B
20241004;110540;702;35;11264013022;B
20241004;110540;702;300;11264013023;B
20241004;110540;702;2;11264013024;B
20241004;110540;702;2;11264013025;B
20241004;110540;702.2;10;11264013026;B
20241004;110540;702.4;50;11264013027;B
20241004;110540;702.4;500;11264013028;B
20241004;110540;702.6;53;11264013029;B
20241004;110540;702.6;10;11264013030;B
20241004;110540;702.6;115;11264013031;B
20241004;110540;702.8;1;11264013032;B
20241004;110540;702.8;8;11264013033;B
20241004;110540;702.8;115;11264013034;B
20241004;110540;702.8;2;11264013035;B
20241004;110540;703;5;11264013036;B
20241004;110540;703;1;11264013037;B
20241004;110540;703;20;11264013038;B
20241004;110540;703;4;11264013039;B
20241004;110540;703;10;11264013040;B
20241004;110540;703;100;11264013041;B
20241004;110540;703;115;11264013042;B
20241004;110540;703.2;115;11264013043;B
20241004;110540;703.4;15;11264013044;B
20241004;110540;703.4;115;11264013045;B
20241004;110540;703.4;1;11264013046;B
20241004;110540;703.6;10;11264013047;B
20241004;110540;703.6;30;11264013048;B
20241004;110540;703.6;115;11264013049;B
20241004;110540;703.8;1;11264013050;B
20241004;110540;703.8;20;11264013051;B
20241004;110540;703.8;115;11264013052;B
20241004;110540;704;1;11264013053;B
20241004;110540;704;1;11264013054;B
20241004;110540;704;1;11264013055;B
20241004;110540;704;30;11264013056;B
20241004;110540;704;40;11264013057;B
20241004;110540;704;115;11264013058;B
20241004;110540;704;11;11264013059;B
20241004;110540;704;20;11264013060;B
20241004;110540;704.2;115;11264013061;B
20241004;110540;704.4;10;11264013062;B
20241004;110540;704.4;4;11264013063;B
20241004;110540;704.6;1;11264013064;B
20241004;110540;704.8;1;11264013065;B
20241004;110540;704.8;1;11264013066;B
20241004;110540;704.8;21;11264013067;B
20241004;110540;704.8;1;11264013068;B
20241004;110540;704.8;250;11264013069;B
20241004;110540;704.8;20;11264013070;B
20241004;110540;704.8;1;11264013071;B
20241004;110540;705;12;11264013072;B
20241004;110540;705;1;11264013073;B
20241004;110540;705;25;11264013074;B
20241004;110540;705;15;11264013075;B
20241004;110540;705;4;11264013076;B
20241004;110540;705;1;11264013077;B
20241004;110540;705;5;11264013078;B
20241004;110540;705;1;11264013079;B
20241004;110540;705.2;3;11264013080;B
20241004;110540;705.2;500;11264013081;B
20241004;110540;705.4;300;11264013082;B
20241004;110540;705.8;10;11264013083;B
20241004;110540;705.8;6;11264013084;B
20241004;110540;705.8;1;11264013085;B
20241004;110540;705.8;2;11264013086;B
20241004;110540;706;9;11264013087;B
20241004;110540;706;20;11264013088;B
20241004;110540;706;1;11264013089;B
20241004;110540;706;20;11264013090;B
20241004;110540;706;319;11264013091;B
20241004;110540;705.6;1;11264013111;B
20241004;110540;705.6;4;11264013117;B
20241004;110540;705.6;70;11264013118;B
20241004;110540;705.6;14;11264013120;B
20241004;110540;704.8;50;11264013121;S
20241004;110540;704.8;20;11264013131;S
20241004;110540;705.6;11;11264013134;B
20241004;110540;705.8;14;11264013135;B
20241004;110540;705.6;74;11264013152;B
20241004;110540;705.8;62;11264013173;B
20241004;110540;704.8;40;11264013181;S
20241004;110540;705.2;500;11264013183;S
20241004;110540;705.2;224;11264013184;S
20241004;110540;705.2;30;11264013185;B
20241004;110540;705;1;11264013186;S
20241004;110540;705;1;11264013187;S
20241004;110540;705.2;20;11264013188;B
20241004;110540;705.2;26;11264013189;B
20241004;110540;705.8;221;11264013190;B
20241004;110540;705.8;10;11264013191;B
20241004;110541;706.2;1;11264013196;B
20241004;110541;706.2;1;11264013197;B
20241004;110541;706.4;1;11264013198;B
20241004;110541;706.4;5;11264013199;B
20241004;110541;706.4;20;11264013202;B
20241004;110541;706.4;3;11264013204;B
20241004;110541;705;2;11264013206;S
20241004;110541;705;13;11264013207;S
20241004;110541;706.2;3;11264013243;B
20241004;110541;705;40;11264013255;S
20241004;110541;705;3;11264013288;S
20241004;110541;705.2;40;11264013303;S
20241004;110541;706;100;11264013304;B
20241004;110541;705.2;30;11264013318;S
20241004;110541;705.2;1;11264013321;S
20241004;110541;705.2;1;11264013322;S
20241004;110541;705.2;10;11264013323;S
20241004;110541;705.2;40;11264013324;S
20241004;110541;705.2;20;11264013326;S
20241004;110541;705.2;2;11264013327;S
20241004;110541;706.2;4;11264013332;B
20241004;110541;705.2;40;11264013335;S
20241004;110541;705.2;30;11264013337;S
20241004;110541;705.2;105;11264013340;S
20241004;110541;705;392;11264013341;S
20241004;110541;704.8;324;11264013342;S
20241004;110541;704.4;2;11264013343;S
20241004;110541;704;100;11264013344;S
20241004;110541;703.2;60;11264013417;B
20241004;110541;703;3;11264013423;S
20241004;110542;703.2;2;11264013426;B
20241004;110542;703.2;1;11264013435;B
20241004;110542;703.2;196;11264013444;B
20241004;110542;703.4;40;11264013445;B
20241004;110542;703.4;40;11264013446;B
20241004;110542;704.8;60;11264013447;B
20241004;110542;703;1;11264013455;S
20241004;110542;703.4;20;11264013495;B
20241004;110542;703;96;11264013565;S
20241004;110542;702.8;4;11264013566;S
20241004;110542;703.4;20;11264013663;B
20241004;110542;703.4;18;11264013664;B
20241004;110542;703.6;37;11264013665;B
20241004;110544;703.4;5;11264013870;S
20241004;110544;703.4;5;11264013871;S
20241004;110544;703;33;11264013872;S
20241004;110544;702.8;140;11264013873;S
20241004;110544;702.4;50;11264013874;S
20241004;110544;702.2;267;11264013875;S
20241004;110544;703.6;3;11264013939;B
20241004;110544;703.6;40;11264013940;B
20241004;110544;703.6;7;11264013941;B
20241004;110545;702;7;11264014091;S
20241004;110545;701.4;25;11264014092;S
20241004;110545;701.4;10;11264014093;S
20241004;110545;701.4;9;11264014094;S
20241004;110545;700.8;2;11264014277;S
20241004;110545;703.2;1;11264014283;B
20241004;110545;700.8;2;11264014297;S
20241004;110547;700.8;1;11264014552;S
20241004;110547;701;1;11264014593;S
20241004;110547;700.8;28;11264014594;S
20241004;110547;700.8;5;11264014595;S
20241004;110547;700.6;5;11264014596;S
20241004;110547;700.6;40;11264014597;S
20241004;110549;701.4;1;11264015091;S
20241004;110549;701;89;11264015092;S
20241004;110549;700.6;263;11264015093;S
20241004;110549;700.4;5;11264015094;S
20241004;110550;701;1;11264015554;S
20241004;110550;700.8;1;11264015555;S
20241004;110550;699.8;90;11264015556;S
20241004;110550;699.2;1;11264015557;S
20241004;110550;699.2;1;11264015558;S
20241004;110550;699;1;11264015559;S
20241004;110550;699;404;11264015560;S
20241004;110550;699;1;11264015561;S
20241004;110551;701;404;11264015624;B
20241004;110551;701.2;89;11264015625;B
20241004;110551;701.2;40;11264015626;B
20241004;110551;701.6;131;11264015627;B
20241004;110551;701.8;50;11264015628;B
20241004;110551;702;1;11264015629;B
20241004;110551;702.2;100;11264015630;B
20241004;110551;702.4;25;11264015631;B
20241004;110551;702.6;145;11264015632;B
20241004;110551;702.6;33;11264015633;S
20241004;110551;702.6;20;11264015637;S
20241004;110551;702.6;20;11264015649;S
20241004;110552;702.6;100;11264015826;S
20241004;110552;702.6;17;11264015948;S
20241004;110558;701;1;11264017552;B
20241004;110558;701.2;1;11264017553;B
20241004;110558;701.4;200;11264017554;B
20241004;110558;701.8;50;11264017555;B
20241004;110558;702.2;5;11264017556;B
20241004;110558;702.2;43;11264017557;B
20241004;110607;701.8;25;11264019591;B
20241004;110607;702;5;11264019592;B
20241004;110607;702;1;11264019593;B
20241004;110608;702;40;11264019964;B
20241004;110608;702;1;11264019965;B
20241004;110608;702.2;20;11264019966;B
20241004;110608;702.4;40;11264019967;B
20241004;110608;702.4;44;11264019968;B
20241004;110608;702.6;55;11264019969;B
20241004;110609;702.6;1;11264020227;B
20241004;110609;702.6;49;11264020228;B
20241004;110609;702.6;5;11264020254;B
20241004;110609;702.8;45;11264020255;B
20241004;110611;702.8;1;11264020491;B
20241004;110611;702.8;1;11264020527;B
20241004;110611;702.8;500;11264020546;B
20241004;110611;702.8;20;11264020550;B
20241004;110611;702.6;1;11264020563;S
20241004;110611;702.8;20;11264020588;B
20241004;110611;702.6;1;11264020599;S
20241004;110611;702.8;17;11264020676;B
20241004;110612;702.8;25;11264020692;B
20241004;110612;702.8;1;11264020798;B
20241004;110612;702.8;15;11264020802;B
20241004;110612;702.8;2;11264020845;B
20241004;110613;702.8;7;11264020956;B
20241004;110613;702.8;2;11264020988;B
20241004;110613;703.4;1;11264021006;B
20241004;110614;703.4;1;11264021323;B
20241004;110615;703.4;1;11264021432;B
20241004;110616;703.4;1;11264021559;B
20241004;110616;703.4;1;11264021658;B
20241004;110619;703.2;10;11264022248;S
20241004;110619;703.2;10;11264022249;S
20241004;110621;703.2;25;11264022605;B
20241004;110624;703;4;11264023270;S
20241004;110624;703.2;25;11264023315;B
20241004;110624;703.2;2;11264023316;B
20241004;110624;703.2;1;11264023317;B
20241004;110624;703.4;5;11264023318;B
20241004;110624;703.4;5;11264023319;B
20241004;110624;703.4;5;11264023320;B
20241004;110624;703.4;7;11264023321;B
20241004;110630;703;5;11264024143;S
20241004;110631;703;3;11264024494;S
20241004;110633;703;8;11264024963;S
20241004;110633;703;2;11264024964;S
20241004;110647;702.8;2;11264027313;S
20241004;110647;702.8;10;11264027390;S
20241004;110647;702.8;1;11264027418;S
20241004;110648;702.8;5;11264027458;S
20241004;110648;702.8;10;11264027459;S
20241004;110648;702.6;25;11264027540;S
20241004;110648;702.6;73;11264027541;S
20241004;110649;702.6;1;11264027639;S
20241004;110649;702.6;1;11264027657;S
20241004;110649;702.6;14;11264027661;S
20241004;110649;702.4;6;11264027667;S
20241004;110649;702.4;1;11264027669;S
20241004;110649;702.4;1;11264027703;S
20241004;110649;702.4;1;11264027709;S
20241004;110649;702.4;16;11264027712;S
20241004;110649;702.2;10;11264027713;S
20241004;110649;702;1;11264027714;S
20241004;110649;702;5;11264027715;S
20241004;110649;702;25;11264027716;S
20241004;110649;701.8;50;11264027717;S
20241004;110649;701.8;118;11264027718;S
20241004;110650;701.8;1;11264027752;S
20241004;110650;701.8;1;11264027764;S
20241004;110650;701.8;31;11264027765;S
20241004;110650;701.8;89;11264027772;S
20241004;110650;701.6;20;11264027773;S
20241004;110650;701.6;50;11264027774;S
20241004;110650;701.6;100;11264027775;S
20241004;110650;701.6;11;11264027776;S
20241004;110650;701.4;100;11264027777;S
20241004;110650;701.2;32;11264027778;S
20241004;110650;701.2;1;11264027813;S
20241004;110650;701.2;29;11264027820;S
20241004;110650;701;9;11264027821;S
20241004;110650;700.8;17;11264027822;S
20241004;110650;700.6;50;11264027823;S
20241004;110650;700.4;45;11264027824;S
20241004;110650;700.4;55;11264027825;S
20241004;110650;700.4;20;11264027826;S
20241004;110650;700.2;77;11264027827;S
20241004;110650;700.2;31;11264027836;S
20241004;110650;701.4;1;11264027843;B
20241004;110650;702.6;8;11264027844;B
20241004;110650;700.2;296;11264027845;S
20241004;110650;700.2;40;11264027846;S
20241004;110650;700;25;11264027847;S
20241004;110650;700;139;11264027848;S
20241004;110651;700;1;11264027888;S
20241004;110651;700;1;11264027929;S
20241004;110651;700;40;11264027930;S
20241004;110651;700;119;11264027935;S
20241004;110651;700;6;11264027936;S
20241004;110651;700;1;11264027942;S
20241004;110651;700;1;11264027977;S
20241004;110651;700.2;20;11264027996;B
20241004;110651;700;1;11264028021;S
20241004;110651;700;200;11264028038;S
20241004;110652;700;1;11264028042;S
20241004;110652;700;1;11264028068;S
20241004;110652;700.2;50;11264028183;S
20241004;110654;700.2;2;11264028477;S
20241004;110657;700.8;1;11264029192;S
20241004;110706;700.8;1;11264031105;S
20241004;110711;700.8;15;11264032418;S
20241004;110711;700.6;10;11264032419;S
20241004;110713;700.4;94;11264033045;S
20241004;110713;700.4;12;11264033046;S
20241004;110713;700;21;11264033047;S
20241004;110714;700;68;11264033258;S
20241004;110714;700;300;11264033259;S
20241004;110714;699.8;40;11264033260;S
20241004;110714;699.8;16;11264033261;S
20241004;110714;699.6;2;11264033262;S
20241004;110714;699.6;328;11264033263;S
20241004;110714;699.4;328;11264033264;S
20241004;110714;699.2;168;11264033265;S
20241004;110715;699.2;82;11264033386;S
20241004;110715;699.2;18;11264033387;S
20241004;110715;699.2;22;11264033399;S
20241004;110715;698.8;47;11264033600;S
20241004;110715;698.6;20;11264033601;S
20241004;110715;698.6;3;11264033602;S
20241004;110715;698.6;18;11264033603;S
20241004;110715;698.4;1;11264033604;S
20241004;110715;698.4;10;11264033605;S
20241004;110715;698.4;1;11264033606;S
20241004;110715;698.4;41;11264033607;S
20241004;110715;698.4;40;11264033608;S
20241004;110715;698.2;20;11264033609;S
20241004;110715;698;200;11264033610;S
20241004;110715;698;1;11264033611;S
20241004;110715;698;298;11264033612;S
20241004;110719;698.8;24;11264034884;S
20241004;110719;698.8;11;11264034885;S
20241004;110719;698.8;1;11264035008;S
20241004;110719;698.6;40;11264035009;S
20241004;110719;698;1;11264035010;S
20241004;110719;698;158;11264035011;S
20241004;110720;698.2;6;11264035066;S
20241004;110720;698.2;48;11264035118;S
20241004;110720;698.2;40;11264035119;S
20241004;110720;698.2;2;11264035120;S
20241004;110720;698;110;11264035121;S
20241004;110723;698.6;10;11264035914;S
20241004;110724;698.6;2;11264036113;S
20241004;110724;697.2;20;11264036114;S
20241004;110724;697;28;11264036115;S
20241004;110726;700;1;11264036708;B
20241004;110726;698.6;1;11264036711;S
20241004;110726;698.6;4;11264036712;S
20241004;110727;698.4;50;11264037112;S
20241004;110728;698.4;20;11264037273;S
20241004;110732;698.4;30;11264038290;S
20241004;110732;698.2;15;11264038291;S
20241004;110732;698.2;30;11264038292;S
20241004;110735;698.6;6;11264039310;B
20241004;110735;698.6;20;11264039311;B
20241004;110735;698.8;20;11264039312;B
20241004;110735;698.8;40;11264039313;B
20241004;110735;698.8;1;11264039314;B
20241004;110735;699;11;11264039315;B
20241004;110735;700;50;11264039316;B
20241004;110735;700.2;20;11264039317;B
20241004;110735;700.2;32;11264039318;B
20241004;110738;699.4;24;11264040337;B
20241004;110738;699.6;40;11264040338;B
20241004;110738;699.8;89;11264040339;B
20241004;110741;699.6;20;11264040990;B
20241004;110743;699.6;22;11264041508;B
20241004;110747;699.6;5;11264042240;B
20241004;110747;699.8;40;11264042241;B
20241004;110747;700;9;11264042242;B
20241004;110747;700.4;6;11264042243;B
20241004;110750;700;40;11264042815;B
20241004;110750;700;20;11264042816;B
20241004;110753;699.6;1;11264043383;B
20241004;110753;700;5;11264043384;B
20241004;110753;700;40;11264043385;B
20241004;110753;700;8;11264043386;B
20241004;110753;700;6;11264043507;S
20241004;110801;700;2;11264045035;B
20241004;110809;700;3;11264046449;B
20241004;110809;700;17;11264046450;B
20241004;110816;699.8;3;11264047553;B
20241004;110820;699.6;5;11264048383;B
20241004;110820;699.6;23;11264048384;B
20241004;110821;699.4;2;11264048575;S
20241004;110824;699.4;24;11264049101;S
20241004;110827;699.6;1;11264049768;B
20241004;110837;699.4;7;11264052087;S
20241004;110840;699.4;52;11264052941;S
20241004;110842;699.4;15;11264053674;S
20241004;110842;698.8;6;11264053675;S
20241004;110842;698.8;16;11264053676;S
20241004;110842;698.6;38;11264053677;S
20241004;110849;699;6;11264056820;B
20241004;110849;699.2;1;11264056821;B
20241004;110853;699.2;32;11264058302;B
20241004;110853;699.2;11;11264058303;B
20241004;110853;699.4;3;11264058306;S
20241004;110858;699.6;20;11264059886;B
20241004;110904;699.4;1;11264061581;S
20241004;110904;699.2;1;11264061582;S
20241004;110911;699.6;80;11264063138;B
20241004;110913;699.6;10;11264063385;B
20241004;110914;699.6;5;11264063678;S
20241004;110914;699.8;10;11264063734;B
20241004;110914;699.8;10;11264063735;B
20241004;110914;699.8;10;11264063736;B
20241004;110914;699.8;10;11264063737;B
20241004;110914;699.8;31;11264063738;B
20241004;110914;699.8;9;11264063739;B
20241004;110916;699.8;16;11264064007;B
20241004;110916;699.8;25;11264064008;B
20241004;110916;699.8;39;11264064009;B
20241004;110917;699.8;10;11264064134;B
20241004;110918;699.8;80;11264064389;B
20241004;110928;699.8;80;11264066299;B
20241004;110929;699.8;41;11264066741;B
20241004;110929;699.8;16;11264066742;B
20241004;110929;699.8;1;11264066743;B
20241004;110931;699.8;4;11264067172;S
20241004;110933;700;1;11264067483;B
20241004;110933;700;882;11264067484;B
20241004;110935;700;118;11264068087;B
20241004;110937;700.8;1;11264068444;B
20241004;110937;701;17;11264068445;B
20241004;110937;701;1;11264068446;B
20241004;110937;701.2;8;11264068447;B
20241004;110937;701.2;68;11264068448;B
20241004;110937;701.4;404;11264068449;B
20241004;110937;701.6;300;11264068450;B
20241004;111015;701.8;1;11264076765;B
20241004;111015;701.8;5;11264076766;B
20241004;111015;701.8;50;11264076767;B
20241004;111015;702;10;11264076768;B
20241004;111015;702;10;11264076769;B
20241004;111015;702.2;50;11264076770;B
20241004;111015;702.4;1;11264076771;B
20241004;111026;701.6;75;11264079415;B
20241004;111029;701;71;11264080291;S
20241004;111030;701;100;11264080416;S
20241004;111030;701;6;11264080437;S
20241004;111031;701;100;11264080665;S
20241004;111034;701;5;11264081406;S
20241004;111036;701;1;11264081628;S
20241004;111036;701;1;11264081658;S
20241004;111036;701;1;11264081675;S
20241004;111036;701;1;11264081677;S
20241004;111036;699.8;1;11264081755;B
20241004;111037;699.6;1;11264081780;S
20241004;111037;699.6;1;11264081826;S
20241004;111037;699.2;1;11264081882;B
20241004;111037;699;1;11264081917;S
20241004;111038;699;1;11264081961;S
20241004;111039;699.2;1;11264082077;B
20241004;111039;699.2;1;11264082145;B
20241004;111040;699.6;1;11264082280;B
20241004;111040;699.2;1;11264082412;S
20241004;111041;699.6;1;11264082511;B
20241004;111042;699.4;1;11264082792;B
20241004;111042;699.8;1;11264083101;B
20241004;111042;699.8;1;11264083102;B
20241004;111043;699.4;1;11264083193;S
20241004;111044;699.8;8;11264083510;B
20241004;111045;699.4;89;11264083737;B
20241004;111045;699.4;9;11264083761;B
20241004;111046;699.4;1;11264083914;B
20241004;111049;699.4;1;11264084765;B
20241004;111100;700.8;3;11264087183;B
20241004;111100;701;1;11264087184;B
20241004;111100;701;11;11264087185;B
20241004;111107;701;10;11264088683;B
20241004;111113;701.2;1;11264090211;B
20241004;111113;701.2;29;11264090212;B
20241004;111115;700;30;11264090634;B
20241004;111116;700;145;11264090755;B
20241004;111142;700;100;11264096493;B
20241004;111215;699.4;2;11264104331;S
20241004;111236;699.6;1;11264109633;S
20241004;111240;699.6;6;11264110960;S
20241004;111309;699.6;3;11264118445;S
20241004;111309;699.6;5;11264118446;S
20241004;111326;699.6;2;11264122366;B
20241004;111332;700;20;11264124777;B
20241004;111347;700;50;11264128375;B
20241004;111348;699.8;1;11264128575;S
20241004;111355;700;130;11264129768;B
20241004;111355;700.2;20;11264129769;B
20241004;111405;700.2;1;11264131765;S
20241004;111410;700.8;1;11264132791;B
20241004;111410;701;2;11264132792;B
20241004;111410;701.2;1;11264132793;B
20241004;111410;701.4;1;11264132794;B
20241004;111410;701.6;7;11264132795;B
20241004;111410;701.6;14;11264132796;B
20241004;111410;701.8;3;11264132797;B
20241004;111441;701.8;19;11264138945;B
20241004;111503;701.2;1;11264143006;B
20241004;111503;701.6;2;11264143007;B
20241004;111540;700.6;1;11264148422;S
20241004;111542;701.8;28;11264148671;B
20241004;111542;701.8;1;11264148672;B
20241004;111542;702;1;11264148673;B
20241004;111556;701;2;11264150284;S
20241004;111557;701.4;1;11264150457;B
20241004;111557;701.6;10;11264150458;B
20241004;111557;701.6;1;11264150459;B
20241004;111557;702;2;11264150460;B
20241004;111557;702;2;11264150461;B
20241004;111557;702.2;1;11264150462;B
20241004;111557;702.4;8;11264150463;B
20241004;111557;701;12;11264150495;S
20241004;111557;700.8;11;11264150496;S
20241004;111609;700.8;23;11264152330;S
20241004;111609;702;25;11264152387;B
20241004;111612;701.2;1;11264152825;B
20241004;111622;702.2;25;11264154302;B
20241004;111622;700.8;23;11264154304;S
20241004;111623;702;11;11264154404;B
20241004;111623;702;25;11264154405;B
20241004;111623;702.2;89;11264154406;B
20241004;111623;702.2;147;11264154416;B
20241004;111623;702.4;2;11264154417;B
20241004;111623;702.6;10;11264154418;B
20241004;111623;702.6;41;11264154419;S
20241004;111623;702.6;130;11264154457;B
20241004;111623;702.8;5;11264154458;B
20241004;111623;702.8;9;11264154459;B
20241004;111623;702.8;2;11264154460;B
20241004;111623;703;1080;11264154461;B
20241004;111623;703;10;11264154462;B
20241004;111623;703.4;14;11264154463;B
20241004;111623;703.4;6;11264154477;B
20241004;111623;703.4;1;11264154478;B
20241004;111623;703.6;20;11264154479;B
20241004;111623;703.6;13;11264154480;B
20241004;111624;703.4;1;11264154528;S
20241004;111624;703.6;1;11264154571;B
20241004;111633;703.2;19;11264155997;S
20241004;111633;703.2;1;11264156041;S
20241004;111635;703.4;25;11264156280;B
20241004;111635;703.2;5;11264156392;S
20241004;111635;702.4;17;11264156393;S
20241004;111635;702.2;1;11264156394;S
20241004;111635;703.4;40;11264156473;B
20241004;111635;703.4;17;11264156474;B
20241004;111635;703.6;43;11264156475;B
20241004;111640;703.4;33;11264157072;B
20241004;111640;703.4;12;11264157073;B
20241004;111640;703.6;5;11264157074;B
20241004;111640;703.6;38;11264157130;B
20241004;111640;703.6;3;11264157131;B
20241004;111640;703.8;3;11264157132;B
20241004;111640;703.8;50;11264157133;B
20241004;111640;703.8;106;11264157134;B
20241004;111641;703.8;25;11264157182;B
20241004;111641;703.8;1;11264157183;B
20241004;111641;703.8;4;11264157252;B
20241004;111641;704;35;11264157253;B
20241004;111641;704;10;11264157254;B
20241004;111641;704;20;11264157255;B
20241004;111641;704.2;11;11264157256;B
20241004;111641;704.4;5;11264157257;B
20241004;111641;704.4;2;11264157258;B
20241004;111641;704.4;4;11264157259;B
20241004;111641;704.6;1;11264157260;B
20241004;111641;704.6;8;11264157261;B
20241004;111642;704.6;8;11264157277;B
20241004;111642;704.6;17;11264157278;B
20241004;111642;704.6;1;11264157341;B
20241004;111647;703.2;1;11264158034;S
20241004;111647;704.2;25;11264158126;B
20241004;111648;704.2;126;11264158223;B
20241004;111648;704.4;7;11264158224;B
20241004;111648;704.6;8;11264158225;B
20241004;111648;704.6;1;11264158226;B
20241004;111648;704.8;2;11264158227;B
20241004;111648;704.8;5;11264158228;B
20241004;111648;704.8;2;11264158229;B
20241004;111648;704.8;6;11264158230;B
20241004;111648;704.8;97;11264158231;B
20241004;111648;704.8;50;11264158232;B
20241004;111648;704.8;3;11264158233;B
20241004;111648;704.8;1;11264158234;B
20241004;111648;705;1;11264158235;B
20241004;111648;705;1;11264158236;B
20241004;111648;705;1;11264158237;B
20241004;111648;705;10;11264158238;B
20241004;111648;705;13;11264158239;B
20241004;111648;705;25;11264158240;B
20241004;111648;705;71;11264158241;B
20241004;111649;705;75;11264158314;B
20241004;111650;704.6;1;11264158433;S
20241004;111652;704.6;1;11264159165;S
20241004;111652;704.8;4;11264159204;B
20241004;111652;705;354;11264159205;B
20241004;111652;705;1;11264159206;B
20241004;111652;705;1;11264159207;B
20241004;111652;705.2;1;11264159208;B
20241004;111652;705.2;50;11264159209;B
20241004;111652;705.4;1;11264159210;B
20241004;111652;705.6;40;11264159211;B
20241004;111652;705.6;30;11264159212;B
20241004;111652;705.6;5;11264159213;B
20241004;111652;705.6;13;11264159214;B
20241004;111652;705.6;37;11264159681;B
20241004;111652;705.8;45;11264159682;B
20241004;111652;705.8;50;11264159683;B
20241004;111652;705.8;5;11264159684;B
20241004;111652;705.8;50;11264159685;B
20241004;111652;705.8;313;11264159686;B
20241004;111653;705.6;2;11264160172;B
20241004;111653;705.8;687;11264160173;B
20241004;111653;705.8;8;11264160174;B
20241004;111653;706;8;11264160175;B
20241004;111653;706;10;11264160176;B
20241004;111653;706;5;11264160177;B
20241004;111653;706;2;11264160178;B
20241004;111653;706.2;20;11264160179;B
20241004;111653;706.4;1;11264160180;B
20241004;111654;706.6;10;11264160539;B
20241004;111654;706.8;40;11264160540;B
20241004;111654;706.8;10;11264160541;B
20241004;111654;707;5;11264160542;B
20241004;111654;707;1;11264160543;B
20241004;111654;707;9;11264160544;B
20241004;111657;706.4;20;11264161798;S
20241004;111659;706.6;1;11264162625;B
20241004;111659;706.6;9;11264162626;B
20241004;111700;706.4;10;11264162766;S
20241004;111700;706.4;10;11264162845;S
20241004;111700;706.6;25;11264162944;B
20241004;111704;706.4;25;11264164281;S
20241004;111705;706.6;272;11264164437;B
20241004;111705;706.6;25;11264164542;B
20241004;111707;706.4;1;11264164976;S
20241004;111708;706.6;25;11264165106;B
20241004;111711;706.4;5;11264166133;S
20241004;111713;706.6;25;11264166431;B
20241004;111713;706.6;25;11264166446;B
20241004;111716;706.4;30;11264166966;S
20241004;111721;706.4;50;11264167724;S
20241004;111722;706.4;1;11264167777;S
20241004;111723;706.4;105;11264167932;S
20241004;111723;704.4;25;11264168020;S
20241004;111723;704.4;15;11264168021;S
20241004;111726;705.8;2;11264168373;B
20241004;111726;706.2;15;11264168374;B
20241004;111726;706.2;8;11264168375;B
20241004;111726;706.2;6;11264168409;B
20241004;111726;706.4;4;11264168410;B
20241004;111732;704.6;10;11264169540;S
20241004;111738;705.8;19;11264170432;B
20241004;111738;706;1;11264170433;B
20241004;111738;706;5;11264170434;B
20241004;111749;705.8;50;11264171877;B
20241004;111749;706;5;11264171878;B
20241004;111749;706;5;11264171879;B
20241004;111749;706;1;11264171880;B
20241004;111749;706;2;11264171881;B
20241004;111749;706;6;11264171882;B
20241004;111749;706.2;25;11264171883;B
20241004;111749;706.2;25;11264171884;B
20241004;111749;706.4;130;11264171885;B
20241004;111751;706.2;25;11264172164;B
20241004;111752;706.2;1;11264172344;B
20241004;111754;706;1;11264172687;B
20241004;111758;706;10;11264173236;B
20241004;111758;706;1;11264173237;B
20241004;111801;705.8;1;11264173700;S
20241004;111804;706.2;1;11264174045;B
20241004;111804;706.2;1;11264174046;B
20241004;111804;706.4;1;11264174047;B
20241004;111804;706.4;2;11264174048;B
20241004;111804;706.4;1;11264174085;B
20241004;111804;706.6;24;11264174086;B
20241004;111804;706.6;1;11264174139;B
20241004;111814;706;1;11264175593;S
20241004;111816;706.4;25;11264175921;B
20241004;111818;706.4;1;11264176092;B
20241004;111818;706.4;1;11264176129;B
20241004;111818;706.4;1;11264176182;B
20241004;111818;706.4;1;11264176201;B
20241004;111819;706.4;1;11264176248;B
20241004;111819;706.4;1;11264176314;B
20241004;111821;706;2;11264176657;S
20241004;111829;706.4;25;11264177734;B
20241004;111838;706;50;11264178859;S
20241004;111840;706;42;11264179043;S
20241004;111842;706;8;11264179287;B
20241004;111842;706;17;11264179288;B
20241004;111855;706;25;11264181027;B
20241004;111855;705.8;49;11264181079;S
20241004;111907;705.6;12;11264182953;B
20241004;111907;705.6;25;11264183155;B
20241004;111910;705.2;1;11264183458;S
20241004;111910;705.2;1;11264183459;S
20241004;111910;705;1;11264183460;S
20241004;111910;705;12;11264183461;S
20241004;111912;705.6;5;11264183770;B
20241004;111920;705.6;25;11264184933;B
20241004;111933;705.6;25;11264186706;B
20241004;111936;705;15;11264187174;S
20241004;111941;705.2;1;11264187829;S
20241004;111942;705.2;1;11264188045;S
20241004;111942;705;6;11264188046;S
20241004;111946;705.6;6;11264188477;B
20241004;111946;705.6;12;11264188478;B
20241004;111946;705.6;7;11264188479;B
20241004;111946;705;1;11264188626;S
20241004;111949;705;3;11264189253;S
20241004;111949;705;17;11264189297;B
20241004;111949;705.6;26;11264189298;B
20241004;111949;705.6;1;11264189299;B
20241004;111949;705.6;56;11264189300;B
20241004;111958;705.6;25;11264190647;B
20241004;112003;705.8;5;11264191267;B
20241004;112011;705.8;6;11264192572;B
20241004;112011;705.8;2;11264192573;B
20241004;112011;706;17;11264192574;B
20241004;112013;706;1;11264192797;B
20241004;112024;705.6;25;11264194413;B
20241004;112027;705.4;5;11264194894;S
20241004;112036;705.6;25;11264196301;B
20241004;112037;705.6;2;11264196416;B
20241004;112040;705.2;1;11264196718;S
20241004;112040;705.2;4;11264196732;S
20241004;112040;705.2;1;11264196733;S
20241004;112049;705;3;11264198089;S
20241004;112049;705;2;11264198090;S
20241004;112049;705;7;11264198091;S
20241004;112049;704.8;25;11264198092;S
20241004;112049;704.8;2;11264198093;S
20241004;112049;704.8;3;11264198094;S
20241004;112049;704.8;25;11264198095;S
20241004;112049;704.8;14;11264198096;S
20241004;112049;704.8;6;11264198097;S
20241004;112049;704.6;50;11264198098;S
20241004;112049;704.6;2;11264198099;S
20241004;112049;704.6;25;11264198112;B
20241004;112049;704.6;9;11264198114;B
20241004;112049;704.4;2;11264198187;S
20241004;112100;704.4;18;11264200177;S
20241004;112100;704.4;2;11264200178;S
20241004;112100;704.2;2;11264200179;S
20241004;112100;704.2;17;11264200180;S
20241004;112100;704.2;40;11264200181;S
20241004;112100;704;25;11264200182;S
20241004;112100;704;12;11264200183;S
20241004;112100;704;2;11264200184;S
20241004;112100;703.8;2;11264200185;S
20241004;112100;703.8;60;11264200186;S
20241004;112101;703.8;4;11264200337;S
20241004;112101;703.8;5;11264200355;S
20241004;112102;704.6;22;11264200419;B
20241004;112102;704.6;3;11264200420;B
20241004;112104;704;26;11264200704;S
20241004;112104;704.4;20;11264200798;B
20241004;112104;704.6;11;11264200799;B
20241004;112104;704.6;1;11264200800;B
20241004;112104;704.6;25;11264200801;B
20241004;112104;704.8;26;11264200802;B
20241004;112105;704.2;2;11264200949;S
20241004;112115;704.8;3;11264202441;B
20241004;112115;704.8;22;11264202442;B
20241004;112118;704.6;1;11264203078;S
20241004;112127;704.8;25;11264204442;B
20241004;112129;704.8;50;11264204683;B
20241004;112133;704.8;1;11264205301;B
20241004;112138;704.6;1;11264206119;S
20241004;112140;704.8;6;11264206455;B
20241004;112140;704.8;19;11264206456;B
20241004;112145;704.6;17;11264207158;S
20241004;112153;704.6;25;11264208510;B
20241004;112205;704.6;25;11264210868;B
20241004;112218;704.6;25;11264212830;B
20241004;112231;704.6;25;11264214810;B
20241004;112233;704;2;11264215071;S
20241004;112233;704;3;11264215132;S
20241004;112237;704.4;5;11264215954;B
20241004;112237;704.6;104;11264215955;B
20241004;112237;704.6;18;11264215956;B
20241004;112237;704.6;40;11264215957;B
20241004;112237;704.6;1;11264215958;B
20241004;112237;704.6;1;11264215959;B
20241004;112237;704.6;22;11264215960;B
20241004;112237;704.8;163;11264215961;B
20241004;112239;704.6;11;11264216255;B
20241004;112239;704.8;9;11264216256;B
20241004;112244;704.8;1;11264217125;B
20241004;112244;705;24;11264217126;B
20241004;112245;704.6;1;11264217374;S
20241004;112245;704.6;4;11264217375;S
20241004;112245;704.4;1;11264217376;S
20241004;112245;704.4;4;11264217377;S
20241004;112247;704.4;1;11264217570;S
20241004;112252;704.6;100;11264218371;B
20241004;112255;704.2;1;11264218885;S
20241004;112255;704;1;11264218886;S
20241004;112255;704;8;11264218887;S
20241004;112256;704.4;6;11264219109;B
20241004;112256;704.6;19;11264219110;B
20241004;112257;704.2;1;11264219334;S
20241004;112301;703.8;1;11264220056;S
20241004;112309;704.4;8;11264221617;B
20241004;112309;704.4;17;11264221618;B
20241004;112310;704.4;1;11264221722;B
20241004;112311;704.4;82;11264221875;B
20241004;112311;704.4;5;11264221876;B
20241004;112311;704.6;231;11264221877;B
20241004;112311;704.6;12;11264221878;B
20241004;112311;704.8;50;11264221879;B
20241004;112311;705;96;11264221880;B
20241004;112311;705;1000;11264221881;B
20241004;112311;705;10;11264221882;B
20241004;112311;705;14;11264221883;B
20241004;112313;703.8;5;11264222117;S
20241004;112314;704;1;11264222409;S
20241004;112320;704.2;250;11264223388;B
20241004;112322;705;3;11264223678;B
20241004;112322;705;4;11264223679;B
20241004;112322;705.2;18;11264223680;B
20241004;112326;704.8;1;11264224390;S
20241004;112327;704.8;74;11264224533;S
20241004;112331;704.2;10;11264225160;S
20241004;112335;704.8;25;11264225732;B
20241004;112341;704.8;42;11264226808;B
20241004;112347;704.8;25;11264227813;B
20241004;112400;704.4;5;11264229696;S
20241004;112400;704.8;25;11264229704;B
20241004;112413;704.8;25;11264231834;B
20241004;112414;704.4;20;11264231964;S
20241004;112414;704.4;1;11264231965;S
20241004;112419;704.2;1;11264232701;S
20241004;112425;704.4;25;11264233331;B
20241004;112438;704.4;25;11264235041;B
20241004;112438;704.2;25;11264235044;S
20241004;112441;704;9;11264235574;S
20241004;112450;704;1;11264237581;S
20241004;112450;703.8;36;11264237582;S
20241004;112450;703.6;13;11264237583;S
20241004;112451;704.2;25;11264237606;B
20241004;112504;704;20;11264238813;B
20241004;112504;704;2;11264238814;B
20241004;112504;704;3;11264238815;B
20241004;112512;703.8;20;11264239916;S
20241004;112516;704.2;25;11264240573;B
20241004;112517;704;2;11264240679;S
20241004;112521;704.2;50;11264241179;B
20241004;112529;704.2;25;11264242189;B
20241004;112542;704.2;25;11264243598;B
20241004;112542;704.2;25;11264243601;B
20241004;112542;704.2;3;11264243602;B
20241004;112542;704.4;22;11264243603;B
20241004;112554;704.8;25;11264244540;B
20241004;112607;704.8;9;11264246374;B
20241004;112607;704.8;10;11264246375;B
20241004;112607;704.8;3;11264246376;B
20241004;112607;704.8;3;11264246377;B
20241004;112614;704.8;405;11264246976;B
20241004;112614;704.6;5;11264246977;B
20241004;112614;704.8;1;11264246990;B
20241004;112615;704.4;5;11264247055;S
20241004;112615;704.4;40;11264247056;S
20241004;112615;704.4;4;11264247057;S
20241004;112615;704.2;2;11264247058;S
20241004;112620;704.8;16;11264247838;B
20241004;112620;705;9;11264247839;B
20241004;112621;704.4;250;11264247964;S
20241004;112633;704.4;25;11264248912;B
20241004;112645;704.4;25;11264249855;B
20241004;112654;704;10;11264250521;S
20241004;112658;704.2;5;11264250881;B
20241004;112658;704.2;2;11264250882;B
20241004;112658;704.4;18;11264250883;B
20241004;112711;704.4;4;11264252137;B
20241004;112711;704.4;1;11264252138;B
20241004;112711;704.4;15;11264252139;B
20241004;112711;704.4;5;11264252140;B
20241004;112724;704.2;10;11264253222;B
20241004;112724;704.4;5;11264253223;B
20241004;112724;704.4;5;11264253224;B
20241004;112724;704.4;5;11264253225;B
20241004;112731;704;1;11264253840;S
20241004;112736;704.4;25;11264254216;B
20241004;112739;704;1;11264254348;S
20241004;112749;704.4;25;11264255185;B
20241004;112751;704;38;11264255399;S
20241004;112751;704;12;11264255400;S
20241004;112751;704;26;11264255401;S
20241004;112751;704;24;11264255402;S
20241004;112757;704;1;11264255807;S
20241004;112802;704;19;11264256131;B
20241004;112802;704.2;6;11264256132;B
20241004;112811;704.2;1;11264257389;B
20241004;112814;704;25;11264257627;B
20241004;112827;704;25;11264258975;B
20241004;112840;704;25;11264259871;B
20241004;112846;703.8;2;11264260273;S
20241004;112846;704;5;11264260287;B
20241004;112846;704;5;11264260288;B
20241004;112846;704.2;93;11264260289;B
20241004;112846;704.2;26;11264260290;B
20241004;112846;704.2;39;11264260291;B
20241004;112853;704.2;11;11264260810;B
20241004;112853;704.2;14;11264260811;B
20241004;112905;704.2;6;11264261837;B
20241004;112905;704.4;19;11264261838;B
20241004;112918;704.4;25;11264262925;B
20241004;112931;704.4;25;11264263682;B
20241004;112938;704;1;11264264179;S
20241004;112943;704.4;25;11264264633;B
20241004;112956;704.4;25;11264265806;B
20241004;113002;704.2;1;11264266332;S
20241004;113009;704.4;25;11264266808;B
20241004;113017;704.4;2;11264268079;B
20241004;113020;704.2;2;11264268407;S
20241004;113022;704.4;25;11264268523;B
20241004;113034;704.4;25;11264270009;B
20241004;113037;704.2;1;11264270276;S
20241004;113042;704.2;1;11264270783;S
20241004;113042;704;2;11264270784;S
20241004;113042;704;2;11264270785;S
20241004;113047;704.4;25;11264271383;B
20241004;113055;704;1;11264272067;S
20241004;113100;704.4;25;11264272374;B
20241004;113106;704;100;11264272868;S
20241004;113112;704.4;25;11264273604;B
20241004;113125;704.4;25;11264274765;B
20241004;113129;703.8;2;11264275110;S
20241004;113136;703.8;36;11264275521;S
20241004;113136;703.8;99;11264275522;S
20241004;113136;703.8;40;11264275523;S
20241004;113136;703.8;7;11264275524;S
20241004;113136;703.6;12;11264275525;S
20241004;113136;703.6;5;11264275526;S
20241004;113136;703.6;88;11264275527;S
20241004;113136;703.6;60;11264275528;S
20241004;113136;703.4;15;11264275529;S
20241004;113136;703.4;138;11264275530;S
20241004;113138;704.2;7;11264275644;B
20241004;113138;704.4;18;11264275645;B
20241004;113151;704.2;25;11264276728;B
20241004;113203;704.2;25;11264277933;B
20241004;113216;704.2;25;11264279577;B
20241004;113229;704.2;25;11264280656;B
20241004;113238;704.2;125;11264281575;B
20241004;113238;704.4;131;11264281576;B
20241004;113238;704.4;20;11264281577;B
20241004;113238;704.4;5;11264281578;B
20241004;113238;704.4;100;11264281579;B
20241004;113238;704.4;8;11264281580;B
20241004;113238;704.4;43;11264281581;B
20241004;113238;704.4;10;11264281582;B
20241004;113238;704.4;9;11264281583;B
20241004;113238;704.4;20;11264281584;B
20241004;113238;704.4;1;11264281585;B
20241004;113240;704.6;13;11264281737;B
20241004;113240;704.8;5;11264281738;B
20241004;113240;704.8;32;11264281739;B
20241004;113242;704.8;3;11264281899;B
20241004;113242;705;22;11264281900;B
20241004;113244;705;1;11264282106;B
20241004;113254;705;18;11264283387;B
20241004;113254;705;3;11264283388;B
20241004;113254;705;4;11264283389;B
20241004;113256;704.6;10;11264283557;S
20241004;113258;705;38;11264283834;B
20241004;113307;705;8;11264284546;B
20241004;113307;705;10;11264284547;B
20241004;113307;705;7;11264284548;B
20241004;113320;705;13;11264285547;B
20241004;113320;705;10;11264285548;B
20241004;113320;705;1;11264285549;B
20241004;113320;705;1;11264285550;B
20241004;113321;704.6;5;11264285703;S
20241004;113330;705;38;11264286278;B
20241004;113331;705;5;11264286326;B
20241004;113332;705;6;11264286437;B
20241004;113332;705.2;19;11264286438;B
20241004;113345;705.2;25;11264287371;B
20241004;113351;705.2;9;11264287810;B
20241004;113351;705.2;47;11264287820;B
20241004;113351;705.2;2;11264287821;B
20241004;113351;705.2;1;11264287822;B
20241004;113358;705.2;1;11264288361;B
20241004;113358;705.2;5;11264288362;B
20241004;113358;705.2;19;11264288363;B
20241004;113407;705;1;11264289189;S
20241004;113411;705;4;11264289504;B
20241004;113411;705.2;1;11264289505;B
20241004;113411;705.2;10;11264289506;B
20241004;113411;705.4;1;11264289507;B
20241004;113411;705.4;9;11264289508;B
20241004;113416;705;2;11264290125;S
20241004;113416;705;1;11264290126;S
20241004;113423;705.4;25;11264290720;B
20241004;113434;705.4;16;11264291676;B
20241004;113434;705.4;1;11264291677;B
20241004;113434;705.6;7;11264291678;B
20241004;113434;705.6;25;11264291679;B
20241004;113434;705.6;22;11264291680;B
20241004;113434;705.6;9;11264291681;B
20241004;113436;705.8;25;11264291791;B
20241004;113445;705.8;25;11264292421;B
20241004;113445;705.8;35;11264292422;B
20241004;113445;705.8;4;11264292423;B
20241004;113445;705.8;2;11264292424;B
20241004;113445;705.8;77;11264292425;B
20241004;113445;706;1;11264292426;B
20241004;113445;706;5;11264292427;B
20241004;113445;706;2;11264292428;B
20241004;113445;706;1;11264292429;B
20241004;113445;706;40;11264292430;B
20241004;113445;706;100;11264292431;B
20241004;113445;706;40;11264292432;B
20241004;113449;706.2;25;11264292669;B
20241004;113450;705.4;6;11264292744;S
20241004;113459;705.6;10;11264293493;S
20241004;113459;705.6;25;11264293494;S
20241004;113459;705.6;1;11264293495;S
20241004;113459;705.6;20;11264293496;S
20241004;113501;705.6;25;11264293640;B
20241004;113508;705.6;19;11264294103;B
20241004;113514;705.6;10;11264294466;B
20241004;113514;706;1;11264294467;B
20241004;113514;706.2;14;11264294468;B
20241004;113527;706;25;11264296120;B
20241004;113528;706;475;11264296282;B
20241004;113539;706.2;3;11264297513;B
20241004;113540;706.2;8;11264297751;B
20241004;113540;706.2;1;11264297752;B
20241004;113540;706.2;2;11264297753;B
20241004;113540;706.2;10;11264297754;B
20241004;113540;706.2;4;11264297755;B
20241004;113552;706.2;1;11264299862;B
20241004;113552;706.2;2;11264299863;B
20241004;113552;706.2;4;11264299864;B
20241004;113552;706.2;1;11264299865;B
20241004;113552;706.2;1;11264299866;B
20241004;113552;706.4;1;11264299867;B
20241004;113552;706.4;1;11264299868;B
20241004;113552;706.4;1;11264299869;B
20241004;113552;706.4;10;11264299870;B
20241004;113552;706.4;3;11264299871;B
20241004;113603;706.6;1;11264301249;B
20241004;113603;706.6;1;11264301250;B
20241004;113603;706.6;6;11264301251;B
20241004;113603;706.6;1;11264301252;B
20241004;113603;706.6;5;11264301253;B
20241004;113603;706.6;15;11264301254;B
20241004;113603;706.6;40;11264301255;B
20241004;113603;706.6;19;11264301256;B
20241004;113603;706.8;13;11264301257;B
20241004;113603;706.8;50;11264301258;B
20241004;113603;706.8;20;11264301259;B
20241004;113603;706.8;250;11264301260;B
20241004;113605;707;1;11264301455;B
20241004;113605;707;1;11264301456;B
20241004;113605;707;1;11264301457;B
20241004;113605;707;1;11264301458;B
20241004;113605;707;21;11264301459;B
20241004;113609;706.6;100;11264302131;B
20241004;113609;706.6;23;11264302156;B
20241004;113609;706.6;2;11264302157;B
20241004;113618;706.8;25;11264302906;B
20241004;113620;706.8;189;11264303323;B
20241004;113620;707;334;11264303324;B
20241004;113620;707;1;11264303325;B
20241004;113620;707;1;11264303326;B
20241004;113620;707;1;11264303327;B
20241004;113620;707;100;11264303328;B
20241004;113620;707;174;11264303329;B
20241004;113620;707;1;11264303332;B
20241004;113621;707;25;11264303386;B
20241004;113621;707;8;11264303387;B
20241004;113621;707;2;11264303388;B
20241004;113621;707;3;11264303389;B
20241004;113621;707;7;11264303390;B
20241004;113621;707;50;11264303391;B
20241004;113621;707;50;11264303392;B
20241004;113621;707;2;11264303393;B
20241004;113621;707;2;11264303394;B
20241004;113621;707;3;11264303395;B
20241004;113621;707;28;11264303396;B
20241004;113621;707;22;11264303435;B
20241004;113621;707;100;11264303436;B
20241004;113622;707.2;1;11264303444;B
20241004;113622;707.2;19;11264303445;B
20241004;113622;707.2;1;11264303457;B
20241004;113628;707;3;11264304234;B
20241004;113630;707.6;1;11264304427;B
20241004;113630;707.6;5;11264304428;B
20241004;113630;707.6;30;11264304429;B
20241004;113630;707.6;1;11264304430;B
20241004;113630;707.6;5;11264304431;B
20241004;113630;707.6;5;11264304432;B
20241004;113631;707.8;10;11264304443;B
20241004;113631;707.8;15;11264304444;B
20241004;113631;707.6;250;11264304451;S
20241004;113631;707.8;5;11264304461;B
20241004;113631;707.8;4;11264304462;B
20241004;113631;707.6;5;11264304490;S
20241004;113631;707.6;198;11264304531;S
20241004;113635;707.2;58;11264304994;B
20241004;113643;707.8;25;11264305860;B
20241004;113646;707.8;4;11264306080;B
20241004;113650;707.8;15;11264306513;B
20241004;113651;707.6;1;11264306574;S
20241004;113652;707.8;3;11264306718;B
20241004;113653;707.8;5;11264306780;B
20241004;113653;707.8;7;11264306781;B
20241004;113653;707.8;52;11264306782;B
20241004;113653;707.8;10;11264306783;B
20241004;113656;708;1;11264307032;B
20241004;113656;708;8;11264307033;B
20241004;113656;708;16;11264307034;B
20241004;113702;707.8;30;11264307540;B
20241004;113709;708;25;11264308028;B
20241004;113711;708;39;11264308172;B
20241004;113711;708;1;11264308173;B
20241004;113711;708;8;11264308174;B
20241004;113711;708;2;11264308175;B
20241004;113712;708;1;11264308241;B
20241004;113714;708;2;11264308333;B
20241004;113714;708;10;11264308334;B
20241004;113714;708;50;11264308335;B
20241004;113714;708;16;11264308336;B
20241004;113714;708;1;11264308337;B
20241004;113714;708;2;11264308338;B
20241004;113714;708.2;10;11264308339;B
20241004;113714;708.2;1;11264308340;B
20241004;113721;708.4;1;11264309096;B
20241004;113721;708.4;1;11264309097;B
20241004;113721;708.4;23;11264309098;B
20241004;113726;708.4;70;11264309382;B
20241004;113733;708.4;7;11264309807;B
20241004;113733;708.4;10;11264309808;B
20241004;113733;708.4;19;11264309809;B
20241004;113733;708.4;1;11264309810;B
20241004;113733;708.6;1;11264309811;B
20241004;113733;708.6;10;11264309812;B
20241004;113733;708.6;1;11264309813;B
20241004;113733;708.6;21;11264309814;B
20241004;113734;708.6;25;11264310125;B
20241004;113734;708.6;4;11264310127;B
20241004;113734;708.6;10;11264310128;B
20241004;113734;708.6;56;11264310129;B
20241004;113737;708.6;49;11264310326;B
20241004;113737;708.6;10;11264310327;B
20241004;113738;708.6;1;11264310449;B
20241004;113738;708.8;1;11264310450;B
20241004;113738;708.8;80;11264310451;B
20241004;113738;708.8;1;11264310452;B
20241004;113738;708.8;10;11264310453;B
20241004;113738;708.8;52;11264310454;B
20241004;113738;708.8;138;11264310455;B
20241004;113738;709;20;11264310456;B
20241004;113738;709;2;11264310457;B
20241004;113738;709;2;11264310458;B
20241004;113738;709;2;11264310459;B
20241004;113738;709;1;11264310460;B
20241004;113738;709;1;11264310461;B
20241004;113738;709;15;11264310462;B
20241004;113738;709;10;11264310463;B
20241004;113738;709;3;11264310464;B
20241004;113738;709;11;11264310465;B
20241004;113738;709;150;11264310466;B
20241004;113740;708.4;8;11264310553;S
20241004;113741;709;70;11264310738;B
20241004;113743;709;74;11264310842;B
20241004;113743;709;10;11264310843;B
20241004;113743;709.2;5;11264310844;B
20241004;113743;709.2;10;11264310845;B
20241004;113743;709.2;1;11264310846;B
20241004;113745;708.6;1;11264311057;S
20241004;113745;709.2;1;11264311058;B
20241004;113747;709.2;8;11264311169;B
20241004;113747;709.2;17;11264311170;B
20241004;113748;709.2;33;11264311277;B
20241004;113748;709.2;10;11264311278;B
20241004;113748;709.2;10;11264311279;B
20241004;113748;709.2;10;11264311280;B
20241004;113748;709.4;1;11264311281;B
20241004;113748;709.4;4;11264311282;B
20241004;113748;709.4;5;11264311283;B
20241004;113748;709.4;1;11264311284;B
20241004;113748;709.4;1;11264311285;B
20241004;113748;709.4;10;11264311286;B
20241004;113748;709.4;15;11264311287;B
20241004;113749;708.6;1;11264311348;S
20241004;113753;709;30;11264311683;B
20241004;113757;709.2;5;11264312103;B
20241004;113800;709;25;11264312238;B
20241004;113807;708.6;1;11264312851;S
20241004;113808;708.6;15;11264312892;S
20241004;113811;708.6;32;11264313073;S
20241004;113811;708.6;50;11264313074;S
20241004;113811;708.4;25;11264313075;S
20241004;113811;708.4;12;11264313076;S
20241004;113811;708.2;50;11264313077;S
20241004;113811;708.2;31;11264313078;S
20241004;113811;709;20;11264313122;B
20241004;113811;709;10;11264313123;B
20241004;113811;709;12;11264313124;B
20241004;113811;709.2;25;11264313125;B
20241004;113811;709.2;10;11264313126;B
20241004;113811;709.4;37;11264313127;B
20241004;113811;709.4;10;11264313128;B
20241004;113811;709.4;10;11264313129;B
20241004;113811;709.4;10;11264313130;B
20241004;113811;709.4;26;11264313131;B
20241004;113811;709.6;12;11264313132;B
20241004;113811;709.6;35;11264313133;B
20241004;113811;709.6;10;11264313134;B
20241004;113811;709.6;10;11264313135;B
20241004;113811;709.6;54;11264313136;B
20241004;113811;709.6;10;11264313137;B
20241004;113811;709.8;1;11264313138;B
20241004;113811;709.8;98;11264313139;B
20241004;113812;708.6;1;11264313152;S
20241004;113812;709.6;13;11264313199;B
20241004;113812;709.6;1;11264313200;B
20241004;113812;709.8;11;11264313201;B
20241004;113813;709.6;25;11264313260;B
20241004;113813;709.6;75;11264313261;B
20241004;113825;709.4;1;11264314121;B
20241004;113825;709.4;7;11264314122;B
20241004;113825;709.6;17;11264314123;B
20241004;113829;709.4;3;11264314526;B
20241004;113829;709.4;7;11264314567;S
20241004;113838;709.6;25;11264315536;B
20241004;113839;709.6;50;11264315744;B
20241004;113839;709.6;2;11264315745;B
20241004;113839;709.6;30;11264315746;B
20241004;113839;709.6;10;11264315747;B
20241004;113839;709.8;141;11264315748;B
20241004;113839;709.8;1;11264315749;B
20241004;113839;709.8;10;11264315750;B
20241004;113839;709.8;40;11264315751;B
20241004;113839;709.8;3;11264315752;B
20241004;113839;709.8;40;11264315753;B
20241004;113839;709.8;1;11264315754;B
20241004;113839;709.8;88;11264315755;B
20241004;113839;709.8;10;11264315756;B
20241004;113839;709.8;1;11264315757;B
20241004;113839;709.8;19;11264315758;B
20241004;113839;709.8;10;11264315759;B
20241004;113839;710;12;11264315760;B
20241004;113839;710;1;11264315761;B
20241004;113839;710;1;11264315762;B
20241004;113839;710;10;11264315763;B
20241004;113839;710;4;11264315764;B
20241004;113839;710;1;11264315765;B
20241004;113839;710;25;11264315766;B
20241004;113839;710;70;11264315767;B
20241004;113839;710;2;11264315768;B
20241004;113839;710;5;11264315769;B
20241004;113839;710;1;11264315770;B
20241004;113839;710;220;11264315771;B
20241004;113842;709;14;11264316164;B
20241004;113843;708.8;5;11264316192;S
20241004;113843;708.8;10;11264316193;S
20241004;113843;708.8;10;11264316194;S
20241004;113843;708.8;20;11264316195;S
20241004;113843;708.6;1;11264316196;S
20241004;113843;708.6;10;11264316197;S
20241004;113843;708.6;1;11264316198;S
20241004;113843;708.6;20;11264316199;S
20241004;113843;708.6;23;11264316200;S
20241004;113843;708.6;27;11264316265;S
20241004;113845;708.2;10;11264316373;S
20241004;113850;708.6;23;11264316948;B
20241004;113850;708.8;2;11264316949;B
20241004;113852;708.8;8;11264317079;B
20241004;113903;709;1;11264317994;B
20241004;113903;709;24;11264317995;B
20241004;113916;709;25;11264319350;B
20241004;113928;709;51;11264320322;B
20241004;113928;709;4;11264320323;B
20241004;113928;709;1;11264320324;B
20241004;113928;709.2;50;11264320325;B
20241004;113928;709.4;64;11264320326;B
20241004;113928;709.4;40;11264320327;B
20241004;113928;709.6;7;11264320328;B
20241004;113929;709.6;8;11264320352;B
20241004;113929;709.6;10;11264320353;B
20241004;113929;709.6;7;11264320354;B
20241004;113932;709.6;6;11264320661;B
20241004;113933;709.8;1;11264320719;B
20241004;113939;709.6;3;11264321600;B
20241004;113941;709.6;1;11264321828;B
20241004;113941;709.8;24;11264321829;B
20241004;113941;708.8;2;11264321837;S
20241004;113944;709.2;1;11264322064;B
20241004;113944;709.6;2;11264322065;B
20241004;113944;709.6;7;11264322087;S
20241004;113954;709;3;11264323315;S
20241004;113954;709;10;11264323316;S
20241004;113954;709;25;11264323333;B
20241004;113956;709;5;11264323506;B
20241004;114007;709;25;11264324537;B
20241004;114016;709;32;11264325276;B
20241004;114016;709;100;11264325277;B
20241004;114016;709;20;11264325278;B
20241004;114016;709;1;11264325279;B
20241004;114016;709;100;11264325280;B
20241004;114016;709.2;12;11264325281;B
20241004;114016;709.4;10;11264325282;B
20241004;114016;709.4;43;11264325283;B
20241004;114016;709.6;8;11264325284;B
20241004;114016;709.6;100;11264325285;B
20241004;114016;709.6;50;11264325286;B
20241004;114016;709.8;24;11264325287;B
20241004;114016;708.8;3;11264325325;S
20241004;114016;708.8;1;11264325326;S
20241004;114016;708.8;17;11264325327;S
20241004;114016;708.6;20;11264325328;S
20241004;114016;708.4;4;11264325329;S
20241004;114020;709.6;15;11264325606;B
20241004;114020;709.6;10;11264325607;B
20241004;114024;709.6;10;11264326164;B
20241004;114024;709.6;1;11264326165;B
20241004;114024;709.6;2;11264326166;B
20241004;114032;709.6;25;11264327234;B
20241004;114041;709.2;15;11264328275;S
20241004;114041;709.2;20;11264328276;S
20241004;114041;709.2;10;11264328277;S
20241004;114041;709.2;10;11264328278;S
20241004;114041;709;1000;11264328279;S
20241004;114041;709;1;11264328280;S
20241004;114043;709;30;11264328514;B
20241004;114043;709;1;11264328515;B
20241004;114043;709.2;3;11264328516;B
20241004;114043;709.4;10;11264328517;B
20241004;114043;709.6;23;11264328518;B
20241004;114043;709.6;145;11264328519;B
20241004;114043;709.6;20;11264328520;B
20241004;114043;709.8;10;11264328521;B
20241004;114043;709.8;1;11264328522;B
20241004;114043;709.8;120;11264328523;B
20241004;114043;710;637;11264328524;B
20241004;114045;709.8;10;11264328761;B
20241004;114045;710;15;11264328762;B
20241004;114056;709.6;1;11264329704;B
20241004;114058;709.6;25;11264329806;B
20241004;114100;709.2;8;11264330071;S
20241004;114104;709.4;1;11264330331;B
20241004;114106;709.4;50;11264330466;B
20241004;114110;709.4;25;11264330731;B
20241004;114113;709;1;11264330996;S
20241004;114113;709;4;11264330997;S
20241004;114113;709.4;2;11264331029;B
20241004;114116;709;16;11264331145;S
20241004;114116;709;25;11264331146;S
20241004;114123;709;11;11264332056;B
20241004;114123;709.2;8;11264332057;B
20241004;114123;709.2;25;11264332062;B
20241004;114129;708.8;7;11264332639;S
20241004;114130;708.8;10;11264332742;S
20241004;114136;709;10;11264333657;B
20241004;114136;709.2;15;11264333658;B
20241004;114145;708.8;1;11264334515;S
20241004;114145;708.8;1;11264334535;S
20241004;114148;708.8;31;11264334710;S
20241004;114149;708.8;19;11264334788;B
20241004;114149;708.8;6;11264334789;B
20241004;114201;708.8;8;11264335856;B
20241004;114201;708.8;25;11264335880;B
20241004;114202;708.4;3;11264335917;S
20241004;114205;708.4;22;11264336235;S
20241004;114205;708.4;8;11264336236;S
20241004;114214;708.8;1;11264337003;B
20241004;114214;708.8;24;11264337004;B
20241004;114227;708.6;25;11264338160;B
20241004;114233;708.6;1;11264338678;B
20241004;114236;708.4;1;11264338989;S
20241004;114236;708.2;25;11264338990;S
20241004;114236;708.2;4;11264338991;S
20241004;114239;708.6;25;11264339549;B
20241004;114244;708.2;6;11264339989;S
20241004;114244;708.2;40;11264339990;S
20241004;114244;708.2;84;11264339991;S
20241004;114252;708.6;25;11264340873;B
20241004;114252;708.4;35;11264340892;S
20241004;114252;708.4;15;11264340893;S
20241004;114305;708.6;10;11264342261;B
20241004;114305;708.6;5;11264342262;B
20241004;114305;708.8;1;11264342263;B
20241004;114305;708.8;9;11264342264;B
20241004;114308;708.6;20;11264342575;S
20241004;114309;708.6;20;11264342814;S
20241004;114309;708.6;25;11264342815;S
20241004;114309;708.4;52;11264342816;S
20241004;114309;708.4;3;11264342817;B
20241004;114309;708.2;1;11264342863;S
20241004;114317;708.6;21;11264343635;S
20241004;114317;708.6;40;11264343636;S
20241004;114317;708.2;26;11264343637;S
20241004;114318;708.8;16;11264343695;B
20241004;114318;708.8;5;11264343696;B
20241004;114318;708.8;4;11264343697;B
20241004;114327;708.4;318;11264344970;B
20241004;114327;708.4;63;11264345069;B
20241004;114328;708.2;2;11264345145;B
20241004;114328;708.2;2;11264345183;S
20241004;114328;708.2;2;11264345231;B
20241004;114329;708.2;6;11264345366;S
20241004;114330;708.2;1;11264345602;S
20241004;114330;708.4;25;11264345624;B
20241004;114336;708.4;1;11264346371;B
20241004;114339;708.4;4;11264346818;B
20241004;114339;708.2;10;11264346870;S
20241004;114343;708.4;25;11264348140;B
20241004;114343;708.4;15;11264348141;B
20241004;114343;708.2;30;11264348220;S
20241004;114343;708.2;10;11264348221;S
20241004;114343;708;20;11264348222;S
20241004;114349;708.4;51;11264350582;B
20241004;114349;708.2;10;11264350944;S
20241004;114349;708.2;40;11264350945;S
20241004;114349;708;50;11264350946;S
20241004;114351;708.4;78;11264351567;B
20241004;114352;708.4;12;11264352076;B
20241004;114356;708.4;25;11264353471;B
20241004;114400;708.4;3;11264354756;B
20241004;114409;708.4;25;11264357941;B
20241004;114409;708.4;255;11264357974;B
20241004;114409;708.4;2;11264357975;B
20241004;114409;708.4;498;11264357976;B
20241004;114409;708.4;200;11264357977;B
20241004;114415;708.8;1;11264360033;B
20241004;114415;708.8;9;11264360034;B
20241004;114417;708.8;50;11264360856;B
20241004;114421;708.8;25;11264362143;B
20241004;114434;708.8;1;11264365054;B
20241004;114434;708.8;25;11264365063;B
20241004;114434;708.8;90;11264365127;B
20241004;114434;708.8;1;11264365128;B
20241004;114434;708.8;4;11264365129;B
20241004;114434;709;5;11264365130;B
20241004;114438;709;5;11264365628;B
20241004;114438;709;4;11264365629;B
20241004;114438;709.2;1;11264365630;B
20241004;114438;709.2;10;11264365680;B
20241004;114438;709.2;10;11264365700;B
20241004;114438;709.2;10;11264365722;B
20241004;114439;709.2;10;11264365769;B
20241004;114442;709;3;11264366219;B
20241004;114442;709.2;7;11264366220;B
20241004;114444;709.2;10;11264366380;B
20241004;114445;709.2;10;11264366503;B
20241004;114445;709.2;10;11264366707;B
20241004;114446;709.2;10;11264366735;B
20241004;114446;709.2;10;11264366791;B
20241004;114447;709.2;25;11264366907;B
20241004;114447;709.2;15;11264366930;B
20241004;114447;709.2;10;11264366995;B
20241004;114448;709.2;10;11264367009;B
20241004;114448;709.2;10;11264367027;B
20241004;114448;709.2;10;11264367056;B
20241004;114448;709.2;10;11264367105;B
20241004;114449;708.8;38;11264367217;S
20241004;114449;708.8;40;11264367218;S
20241004;114449;708.8;10;11264367221;B
20241004;114449;708.8;12;11264367224;B
20241004;114450;709.2;10;11264367461;B
20241004;114451;708.6;1;11264367564;S
20241004;114451;708.6;13;11264367565;S
20241004;114451;709.2;10;11264367659;B
20241004;114451;709.2;1;11264367698;B
20241004;114452;709.2;1;11264367731;B
20241004;114452;709.2;1;11264367768;B
20241004;114452;709.2;1;11264367807;B
20241004;114452;709.2;1;11264367836;B
20241004;114453;709.6;1;11264367860;B
20241004;114453;709.6;1;11264367885;B
20241004;114453;709.6;1;11264367901;B
20241004;114453;709.6;1;11264367938;B
20241004;114453;709.6;1;11264367961;B
20241004;114454;709.6;1;11264367995;B
20241004;114454;709.6;1;11264368010;B
20241004;114454;709.6;1;11264368048;B
20241004;114454;709.6;1;11264368071;B
20241004;114454;709.6;1;11264368106;B
20241004;114454;709.6;1;11264368155;B
20241004;114455;709.6;1;11264368208;B
20241004;114455;709.6;1;11264368255;B
20241004;114455;709.6;1;11264368271;B
20241004;114455;709;6;11264368298;S
20241004;114455;709.6;2;11264368300;B
20241004;114455;709.6;8;11264368301;B
20241004;114455;709.6;1;11264368323;B
20241004;114455;709.6;1;11264368376;B
20241004;114456;709.6;1;11264368415;B
20241004;114456;709.6;1;11264368428;B
20241004;114456;709;8;11264368436;S
20241004;114456;709.6;1;11264368465;B
20241004;114456;709.6;3;11264368493;B
20241004;114456;709.6;5;11264368494;B
20241004;114456;709.6;2;11264368495;B
20241004;114456;709.6;1;11264368496;B
20241004;114456;709.6;1;11264368542;B
20241004;114456;709.6;1;11264368584;B
20241004;114457;709.6;1;11264368621;B
20241004;114457;709.6;1;11264368658;B
20241004;114457;709.6;1;11264368706;B
20241004;114457;709.6;1;11264368785;B
20241004;114457;709.6;1;11264368878;B
20241004;114458;709.6;1;11264368907;B
20241004;114458;709.6;1;11264368948;B
20241004;114458;709.6;1;11264368985;B
20241004;114458;709.6;1;11264369014;B
20241004;114459;709.6;1;11264369072;B
20241004;114459;709.6;1;11264369099;B
20241004;114459;709.6;1;11264369146;B
20241004;114459;709.6;3;11264369183;B
20241004;114459;709.6;22;11264369184;B
20241004;114459;709.6;1;11264369191;B
20241004;114500;709.6;1;11264369263;B
20241004;114500;709.6;1;11264369339;B
20241004;114500;709.6;1;11264369389;B
20241004;114501;709.6;1;11264369442;B
20241004;114501;709.6;1;11264369485;B
20241004;114502;709.6;1;11264369539;B
20241004;114502;709.6;1;11264369594;B
20241004;114502;709.6;1;11264369703;B
20241004;114503;709.6;1;11264369761;B
20241004;114503;709.6;1;11264369809;B
20241004;114503;709.6;1;11264369850;B
20241004;114504;709.6;1;11264369913;B
20241004;114504;709.2;9;11264369922;S
20241004;114504;709.6;1;11264369979;B
20241004;114504;709.6;1;11264370020;B
20241004;114504;709.6;1;11264370111;B
20241004;114505;709.6;1;11264370181;B
20241004;114505;709.6;1;11264370242;B
20241004;114506;709.6;1;11264370277;B
20241004;114506;709.6;1;11264370322;B
20241004;114506;709.6;1;11264370374;B
20241004;114507;709.6;1;11264370457;B
20241004;114507;709.6;1;11264370505;B
20241004;114507;709.6;1;11264370567;B
20241004;114508;709.6;1;11264370595;B
20241004;114508;709.6;1;11264370653;B
20241004;114508;709.6;1;11264370696;B
20241004;114509;709.6;1;11264370745;B
20241004;114509;709.6;1;11264370783;B
20241004;114509;709.6;1;11264370878;B
20241004;114510;709.6;1;11264370936;B
20241004;114510;709.6;1;11264370990;B
20241004;114510;709.6;1;11264371058;B
20241004;114511;709.6;1;11264371118;B
20241004;114511;709.6;1;11264371188;B
20241004;114511;709.6;1;11264371249;B
20241004;114512;709.6;1;11264371313;B
20241004;114512;709.6;25;11264371358;B
20241004;114512;709.6;1;11264371361;B
20241004;114512;709.6;1;11264371404;B
20241004;114513;709.6;1;11264371454;B
20241004;114513;709.6;1;11264371504;B
20241004;114514;709.6;1;11264371570;B
20241004;114514;709.6;1;11264371634;B
20241004;114514;709.6;2;11264371635;B
20241004;114514;709.6;1;11264371706;B
20241004;114515;709.6;1;11264371787;B
20241004;114515;709.6;1;11264371857;B
20241004;114516;709.4;1;11264371944;B
20241004;114516;709.4;1;11264371975;B
20241004;114516;709.4;1;11264372019;B
20241004;114517;709.4;1;11264372076;B
20241004;114517;709.4;1;11264372126;B
20241004;114517;709.4;1;11264372209;B
20241004;114518;709.4;1;11264372263;B
20241004;114518;709.4;1;11264372310;B
20241004;114518;709.4;1;11264372376;B
20241004;114519;709.4;1;11264372407;B
20241004;114519;709.4;1;11264372443;B
20241004;114519;709.4;1;11264372464;B
20241004;114520;709.4;1;11264372566;B
20241004;114520;709.4;5;11264372606;B
20241004;114520;709.6;1;11264372613;B
20241004;114520;709.6;1;11264372666;B
20241004;114522;709.2;6;11264372979;S
20241004;114525;709.6;25;11264373342;B
20241004;114538;709.6;25;11264375509;B
20241004;114540;709.6;1;11264375880;B
20241004;114550;709.6;25;11264377003;B
20241004;114551;709.2;8;11264377039;S
20241004;114553;709;3;11264377249;S
20241004;114554;709;40;11264377342;S
20241004;114603;709;25;11264378234;B
20241004;114614;708.8;3;11264379135;S
20241004;114616;709;25;11264379290;B
20241004;114622;709;10;11264379859;B
20241004;114622;709;1;11264379860;B
20241004;114624;709.2;1;11264380031;B
20241004;114626;709.4;2;11264380122;B
20241004;114628;709.6;22;11264380364;B
20241004;114628;709.6;3;11264380365;B
20241004;114630;709.6;6;11264380543;B
20241004;114630;709.6;2;11264380544;B
20241004;114630;709.6;2;11264380545;B
20241004;114630;709.6;1;11264380546;B
20241004;114635;709.8;1;11264380896;B
20241004;114636;709.4;2;11264380934;S
20241004;114641;709.8;25;11264381458;B
20241004;114642;709.8;1;11264381477;B
20241004;114643;709.8;1;11264381563;B
20241004;114643;709.8;1;11264381604;B
20241004;114644;709.8;1;11264381669;B
20241004;114644;709.8;1;11264381716;B
20241004;114645;709.8;1;11264381835;B
20241004;114646;709.8;1;11264381921;B
20241004;114647;709.8;1;11264382009;B
20241004;114647;709.8;1;11264382052;B
20241004;114648;709.8;1;11264382173;B
20241004;114649;709.8;1;11264382251;B
20241004;114649;709.8;1;11264382349;B
20241004;114650;709.8;1;11264382434;B
20241004;114650;709.8;1;11264382533;B
20241004;114651;709.8;1;11264382588;B
20241004;114651;709.8;1;11264382663;B
20241004;114652;709.8;1;11264382791;B
20241004;114652;709.8;1;11264382873;B
20241004;114653;709.8;1;11264382933;B
20241004;114654;709.8;1;11264383000;B
20241004;114654;709.8;25;11264383062;B
20241004;114654;709.8;1;11264383099;B
20241004;114655;709.8;1;11264383148;B
20241004;114655;709.8;1;11264383190;B
20241004;114656;709.8;1;11264383254;B
20241004;114656;709.8;175;11264383259;B
20241004;114656;709.8;25;11264383260;B
20241004;114657;709.8;1;11264383452;B
20241004;114658;709.8;1;11264383533;B
20241004;114658;709.8;1;11264383581;B
20241004;114659;709.8;1;11264383616;B
20241004;114659;709.8;1;11264383693;B
20241004;114659;709.8;1;11264383733;B
20241004;114659;709.8;19;11264383737;B
20241004;114659;709.8;4;11264383738;B
20241004;114659;709.8;1;11264383739;B
20241004;114659;709.8;10;11264383740;B
20241004;114659;709.8;5;11264383741;B
20241004;114659;709.8;25;11264383742;B
20241004;114659;709.8;2;11264383743;B
20241004;114659;709.8;5;11264383744;B
20241004;114659;709.8;1;11264383745;B
20241004;114659;709.8;5;11264383746;B
20241004;114659;710;123;11264383747;B
20241004;114700;709.8;1;11264383781;B
20241004;114700;709.8;1;11264383818;B
20241004;114700;710;5;11264383819;B
20241004;114700;710;10;11264383820;B
20241004;114700;710;10;11264383821;B
20241004;114700;710;2;11264383822;B
20241004;114700;710;9;11264383823;B
20241004;114700;710;2;11264383824;B
20241004;114700;710;5;11264383825;B
20241004;114700;710;5;11264383826;B
20241004;114700;710;20;11264383827;B
20241004;114700;710;200;11264383828;B
20241004;114700;710;181;11264383829;B
20241004;114701;710;1;11264383864;B
20241004;114701;710;318;11264383893;B
20241004;114701;710;6;11264383894;B
20241004;114701;710;82;11264383895;B
20241004;114701;710;1;11264383946;B
20241004;114702;710;1;11264384002;B
20241004;114702;709.8;1;11264384047;B
20241004;114703;710;1;11264384105;B
20241004;114703;710;1;11264384165;B
20241004;114704;710;66;11264384205;B
20241004;114704;710;187;11264384206;B
20241004;114705;710;1;11264384426;B
20241004;114705;710;149;11264384438;B
20241004;114705;710;1;11264384464;B
20241004;114706;710;1;11264384533;B
20241004;114706;710;228;11264384542;B
20241004;114706;710;3;11264384543;B
20241004;114706;710;2;11264384544;B
20241004;114706;710;49;11264384545;B
20241004;114706;710;30;11264384546;B
20241004;114706;710;50;11264384547;B
20241004;114706;710;1;11264384548;B
20241004;114706;710;5;11264384549;B
20241004;114706;710;1;11264384550;B
20241004;114706;710;1;11264384551;B
20241004;114706;710;10;11264384552;B
20241004;114706;710;2;11264384553;B
20241004;114706;710;5;11264384554;B
20241004;114706;710;100;11264384555;B
20241004;114706;710;13;11264384556;B
20241004;114706;710;3;11264384564;B
20241004;114706;710;9;11264384599;B
20241004;114706;710;6;11264384600;B
20241004;114706;710;2;11264384601;B
20241004;114706;710;2;11264384602;B
20241004;114706;710;3;11264384603;B
20241004;114706;710;178;11264384604;B
20241004;114706;710;1;11264384608;B
20241004;114706;710;25;11264384624;B
20241004;114706;710;100;11264384657;B
20241004;114707;710;1;11264384671;B
20241004;114707;710;25;11264384673;B
20241004;114707;710;200;11264384675;B
20241004;114707;710;250;11264384678;B
20241004;114707;710;200;11264384684;B
20241004;114707;710;1;11264384686;B
20241004;114707;710;25;11264384688;B
20241004;114707;710;7;11264384700;B
20241004;114707;710;10;11264384714;B
20241004;114707;710;25;11264384741;B
20241004;114707;710;39;11264384742;B
20241004;114707;710.2;1;11264384743;B
20241004;114707;710.2;5;11264384744;B
20241004;114707;710.4;2;11264384745;B
20241004;114707;710.8;10;11264384748;B
20241004;114707;710.8;8;11264384750;B
20241004;114708;710.6;70;11264384829;S
20241004;114708;710.6;40;11264384830;S
20241004;114711;710.2;1;11264385166;S
20241004;114711;710.2;1;11264385199;B
20241004;114711;710;25;11264385218;S
20241004;114711;709.8;1;11264385219;S
20241004;114711;709.8;51;11264385220;S
20241004;114712;709.8;1;11264385240;B
20241004;114713;709.8;222;11264385349;B
20241004;114715;710;1;11264385494;S
20241004;114717;710;877;11264385794;S
20241004;114717;710;40;11264385795;S
20241004;114719;710;7;11264385920;B
20241004;114719;710.2;18;11264385921;B
20241004;114723;709.4;92;11264386200;S
20241004;114723;709.4;7;11264386201;S
20241004;114732;709.4;17;11264387259;B
20241004;114732;709.4;8;11264387260;B
20241004;114738;709.2;2;11264387754;S
20241004;114745;710.2;5;11264388321;B
20241004;114745;710.2;12;11264388322;B
20241004;114745;710.2;2;11264388323;B
20241004;114745;710.2;6;11264388324;B
20241004;114757;710.4;20;11264389357;B
20241004;114757;710.4;5;11264389358;B
20241004;114810;710.2;14;11264390405;B
20241004;114810;710.4;11;11264390406;B
20241004;114813;710.4;17;11264390615;B
20241004;114820;710.4;11;11264391179;B
20241004;114822;710;1;11264391417;S
20241004;114823;710;25;11264391503;B
20241004;114825;710;1;11264391662;B
20241004;114828;710;5;11264391906;B
20241004;114830;710;2;11264392044;B
20241004;114836;710;25;11264392384;B
20241004;114839;709.6;1;11264392570;S
20241004;114839;709.6;9;11264392571;S
20241004;114848;710;11;11264393407;B
20241004;114848;710;14;11264393408;B
20241004;114851;710;50;11264393648;B
20241004;114853;709.6;1;11264393772;S
20241004;114853;709.6;1;11264393773;S
20241004;114853;709.6;2;11264393774;S
20241004;114859;709.6;20;11264394253;S
20241004;114901;710;25;11264394514;B
20241004;114914;710;25;11264395183;B
20241004;114915;709.6;15;11264395293;S
20241004;114927;709.8;10;11264396367;B
20241004;114927;709.8;10;11264396368;B
20241004;114927;710;5;11264396369;B
20241004;114932;709.8;2;11264397050;S
20241004;114937;709.8;5;11264398117;S
20241004;114939;710;25;11264398433;B
20241004;114940;709.8;1;11264398704;S
20241004;114940;709.8;3;11264398705;S
20241004;114947;709.6;11;11264399500;S
20241004;114949;709.6;9;11264399618;S
20241004;114949;709.6;40;11264399619;S
20241004;114949;709.6;2;11264399620;S
20241004;114949;709.4;49;11264399621;S
20241004;114950;709.4;3;11264399825;S
20241004;114952;709.8;20;11264400049;B
20241004;114952;710;5;11264400050;B
20241004;115000;709.8;10;11264400747;S
20241004;115005;710;25;11264401180;B
20241004;115008;709.6;5;11264401540;S
20241004;115010;709.6;1;11264401692;S
20241004;115017;709.8;25;11264402328;B
20241004;115030;709.8;25;11264403299;B
20241004;115043;709.8;20;11264404589;B
20241004;115043;710;5;11264404590;B
20241004;115051;709.8;1;11264405192;S
20241004;115051;709.6;2;11264405193;S
20241004;115056;710;20;11264405508;B
20241004;115056;710;1;11264405509;B
20241004;115056;710;4;11264405510;B
20241004;115057;709.6;5;11264405630;S
20241004;115108;709.6;7;11264406479;S
20241004;115108;709.6;15;11264406480;S
20241004;115108;709.6;13;11264406501;B
20241004;115108;709.8;12;11264406502;B
20241004;115117;709.6;13;11264407098;S
20241004;115121;709.6;25;11264407360;B
20241004;115134;709.6;12;11264408374;B
20241004;115134;709.8;13;11264408375;B
20241004;115146;710;25;11264409498;B
20241004;115159;710;21;11264410464;B
20241004;115159;710;4;11264410465;B
20241004;115204;709.6;4;11264410878;S
20241004;115209;710;1;11264411161;B
20241004;115212;710;3;11264411423;B
20241004;115212;710;22;11264411424;B
20241004;115213;710;1;11264411458;B
20241004;115213;709.6;8;11264411502;S
20241004;115213;709.6;12;11264411503;S
20241004;115220;709.8;1;11264411941;B
20241004;115220;709.8;10;11264411942;B
20241004;115220;710;17;11264411943;B
20241004;115220;710;100;11264411944;B
20241004;115220;710;4;11264411945;B
20241004;115220;710;4;11264411946;B
20241004;115220;710;4;11264411947;B
20241004;115220;710;16;11264411948;B
20241004;115223;710.4;1;11264412192;B
20241004;115225;710.4;25;11264412446;B
20241004;115236;710;4;11264413221;S
20241004;115237;710.4;25;11264413308;B
20241004;115250;710.4;25;11264414041;B
20241004;115251;709.8;15;11264414176;S
20241004;115251;709.8;5;11264414177;S
20241004;115303;710.4;24;11264415511;B
20241004;115303;710.4;1;11264415512;B
20241004;115310;709.8;10;11264416294;S
20241004;115310;709.8;12;11264416295;S
20241004;115316;710;10;11264416800;B
20241004;115316;710.2;15;11264416801;B
20241004;115320;710.2;1;11264417060;B
20241004;115324;710;1;11264417395;B
20241004;115328;710;25;11264417743;B
20241004;115333;709.8;5;11264418071;B
20241004;115340;709.6;6;11264418574;S
20241004;115341;709.8;25;11264418638;B
20241004;115350;709.6;7;11264419391;S
20241004;115352;709.6;1;11264419552;S
20241004;115352;709.4;2;11264419553;S
20241004;115352;709.4;3;11264419596;S
20241004;115354;709.8;2;11264419681;B
20241004;115354;710;23;11264419682;B
20241004;115404;709.8;1;11264420506;B
20241004;115406;709.8;15;11264420674;B
20241004;115406;710;10;11264420675;B
20241004;115419;710;25;11264421515;B
20241004;115422;710;5;11264422372;B
20241004;115432;710;25;11264423362;B
20241004;115445;709.8;25;11264424726;B
20241004;115446;709.8;15;11264424902;B
20241004;115446;709.8;1;11264424903;B
20241004;115446;710;136;11264424904;B
20241004;115446;710;150;11264424905;B
20241004;115446;710;34;11264424906;B
20241004;115446;710;10;11264424907;B
20241004;115446;710;165;11264424908;B
20241004;115450;710;14;11264425260;B
20241004;115452;710;1;11264425412;B
20241004;115452;710;1;11264425454;B
20241004;115453;710;1;11264425464;B
20241004;115453;710;1;11264425471;B
20241004;115453;710;1;11264425478;B
20241004;115453;710;1;11264425487;B
20241004;115453;710;1;11264425500;B
20241004;115454;710;1;11264425507;B
20241004;115454;710;1;11264425535;B
20241004;115454;710;1;11264425546;B
20241004;115454;710;1;11264425556;B
20241004;115454;710;10;11264425585;B
20241004;115454;710;1;11264425586;B
20241004;115454;710;20;11264425587;B
20241004;115454;710;7;11264425588;B
20241004;115454;710.2;484;11264425589;B
20241004;115454;710.2;278;11264425590;B
20241004;115454;710.2;1;11264425591;B
20241004;115455;710.2;1;11264425602;B
20241004;115455;710.2;1;11264425621;B
20241004;115455;710.2;1;11264425646;B
