<DATE>;<TIME>;<LAST>;<VOL>;<ID>;<OPER>
20240918;095932;659.8;4;11194819980;S
20240918;095932;659.8;1;11194819981;B
20240918;095932;659.8;1;11194819982;B
20240918;095932;659.8;1;11194819983;B
20240918;095932;659.8;3;11194819984;B
20240918;095932;659.8;1;11194819985;B
20240918;095932;659.8;10;11194819986;B
20240918;100000;659.8;50;11194826188;B
20240918;100001;659.8;36;11194826340;B
20240918;100001;659.8;1;11194826341;B
20240918;100001;660;1;11194826342;B
20240918;100001;660;10;11194826343;B
20240918;100001;660;10;11194826344;B
20240918;100001;660;2;11194826345;B
20240918;100001;660;8;11194826382;B
20240918;100001;660.2;5;11194826383;B
20240918;100001;660.4;10;11194826384;B
20240918;100001;661;1;11194826494;B
20240918;100001;661;5;11194826495;B
20240918;100001;661;15;11194826496;B
20240918;100001;661;10;11194826497;B
20240918;100001;661.2;8;11194826498;B
20240918;100002;660.8;2;11194826636;S
20240918;100002;661.2;28;11194826637;B
20240918;100002;661;39;11194826667;B
20240918;100002;661.4;10;11194826668;B
20240918;100002;661.4;5;11194826669;B
20240918;100002;661.8;15;11194826670;B
20240918;100002;662;131;11194826671;B
20240918;100002;660.8;1;11194826702;S
20240918;100002;661;1;11194826705;B
20240918;100002;661.2;30;11194826706;B
20240918;100002;661.6;23;11194826707;B
20240918;100002;660.8;1;11194826739;S
20240918;100002;661.8;2;11194826743;B
20240918;100002;660.8;3;11194826760;S
20240918;100002;660.8;2;11194826761;S
20240918;100002;660.8;10;11194826869;S
20240918;100002;661.8;1;11194826870;B
20240918;100002;661.8;86;11194826871;B
20240918;100002;661.8;50;11194826878;B
20240918;100002;661.8;4;11194826879;B
20240918;100002;661.2;3;11194826916;S
20240918;100002;661.2;5;11194826917;S
20240918;100002;661;1;11194826971;S
20240918;100002;661;3;11194827027;S
20240918;100002;661.4;3;11194827041;B
20240918;100002;661.6;1;11194827066;S
20240918;100002;661.6;10;11194827075;S
20240918;100002;662;50;11194827097;B
20240918;100002;661.6;1;11194827119;S
20240918;100003;662;31;11194827128;B
20240918;100003;662.2;15;11194827130;B
20240918;100003;661.6;1;11194827155;S
20240918;100003;662.2;43;11194827197;B
20240918;100003;661.6;12;11194827210;S
20240918;100003;662.2;311;11194827213;B
20240918;100003;662.2;31;11194827214;B
20240918;100003;662.4;1;11194827215;B
20240918;100003;662.4;263;11194827216;B
20240918;100003;661.8;2;11194827244;S
20240918;100003;661.8;15;11194827302;S
20240918;100003;662.4;167;11194827310;B
20240918;100003;662.4;170;11194827411;B
20240918;100003;662.8;42;11194827412;B
20240918;100003;663;5;11194827413;B
20240918;100003;663;1;11194827414;B
20240918;100003;663.2;54;11194827415;B
20240918;100003;663.4;29;11194827416;B
20240918;100004;662.4;1;11194827706;S
20240918;100004;662.4;9;11194827707;S
20240918;100004;663.2;2;11194828143;B
20240918;100004;663.2;3;11194828239;B
20240918;100004;662;1;11194828263;S
20240918;100004;663.2;1;11194828428;B
20240918;100004;663.2;97;11194828429;B
20240918;100004;663.4;602;11194828430;B
20240918;100004;662.8;1;11194828547;S
20240918;100005;663.4;8;11194829153;B
20240918;100005;663.4;1;11194829166;B
20240918;100005;662.8;1;11194829445;S
20240918;100005;662.8;3;11194829493;S
20240918;100005;663;1;11194830612;B
20240918;100005;663;10;11194830619;B
20240918;100005;662.2;5;11194830793;S
20240918;100006;662.2;1;11194831355;S
20240918;100006;663;1;11194832200;B
20240918;100007;663;2;11194832990;B
20240918;100007;663;1;11194833581;B
20240918;100007;662.8;1;11194833583;S
20240918;100007;662.6;1;11194833952;S
20240918;100010;663;71;11194834936;B
20240918;100021;663;50;11194838988;B
20240918;100023;663;50;11194839781;B
20240918;100024;662.8;1;11194840001;S
20240918;100024;663;50;11194840089;B
20240918;100028;663;100;11194841820;B
20240918;100034;662.8;9;11194843624;S
20240918;100034;662.6;9;11194843625;S
20240918;100034;662.4;82;11194843626;S
20240918;100039;662.6;2;11194845267;S
20240918;100040;663;30;11194845695;B
20240918;100040;662.8;96;11194845865;S
20240918;100040;662.2;10;11194845866;S
20240918;100040;662.2;144;11194845867;S
20240918;100045;663;15;11194847585;B
20240918;100046;663;60;11194847939;B
20240918;100051;662.6;9;11194849591;S
20240918;100052;663;5;11194849700;B
20240918;100055;662.2;334;11194850715;S
20240918;100056;662.8;7;11194851102;B
20240918;100057;662.8;145;11194851571;B
20240918;100057;663;6;11194851572;B
20240918;100058;663;30;11194851694;B
20240918;100100;663;30;11194852237;B
20240918;100104;662.8;5;11194853555;B
20240918;100104;663;95;11194853556;B
20240918;100106;663;245;11194854290;B
20240918;100106;663;1;11194854291;B
20240918;100111;663;47;11194855928;B
20240918;100111;663;13;11194855929;B
20240918;100111;663;60;11194855983;B
20240918;100112;663;48;11194856516;B
20240918;100112;663;100;11194856651;B
20240918;100113;662.8;1;11194856718;B
20240918;100113;663;9;11194856719;B
20240918;100113;663;60;11194856730;B
20240918;100113;663;10;11194856748;B
20240918;100113;663;10;11194856762;B
20240918;100113;662.6;54;11194857113;S
20240918;100113;662.2;11;11194857114;S
20240918;100115;662.8;1;11194857792;B
20240918;100116;663;50;11194858006;B
20240918;100116;663;38;11194858007;B
20240918;100116;663;2;11194858009;B
20240918;100120;662.6;50;11194859391;S
20240918;100128;663.2;10;11194861713;B
20240918;100130;663.2;50;11194862348;B
20240918;100130;663.2;100;11194862349;S
20240918;100131;662.2;2;11194862445;S
20240918;100136;663.2;70;11194863848;B
20240918;100137;663.2;10;11194864175;B
20240918;100137;663.4;175;11194864176;B
20240918;100137;663.4;1;11194864177;B
20240918;100137;663.6;5;11194864178;B
20240918;100137;663.8;1;11194864179;B
20240918;100137;663.8;1;11194864180;B
20240918;100137;663.8;50;11194864181;B
20240918;100137;664;1;11194864182;B
20240918;100137;664;245;11194864183;B
20240918;100137;664.6;35;11194864184;B
20240918;100137;664.6;3;11194864185;B
20240918;100137;665;5;11194864186;B
20240918;100137;665;2;11194864187;B
20240918;100137;665;28;11194864188;B
20240918;100137;665;2;11194864189;B
20240918;100137;665;25;11194864190;B
20240918;100137;665;2;11194864191;B
20240918;100137;665.2;97;11194864192;B
20240918;100137;665.4;50;11194864193;B
20240918;100137;665.4;15;11194864194;B
20240918;100137;665.6;15;11194864195;B
20240918;100137;665.6;3;11194864196;B
20240918;100137;665.6;152;11194864197;B
20240918;100137;665.8;15;11194864198;B
20240918;100137;665.8;2;11194864199;B
20240918;100137;665.8;1;11194864200;B
20240918;100137;665.8;4;11194864201;B
20240918;100137;665.8;55;11194864202;B
20240918;100137;665.2;10;11194864207;B
20240918;100137;665.2;10;11194864214;B
20240918;100137;665.2;17;11194864221;B
20240918;100137;665.2;3;11194864228;B
20240918;100137;664.4;1;11194864415;B
20240918;100138;663.8;4;11194864487;B
20240918;100138;664.2;2;11194864488;B
20240918;100138;664.4;13;11194864489;B
20240918;100138;663;1;11194864498;S
20240918;100139;664.4;10;11194864910;B
20240918;100139;664.4;1;11194864911;B
20240918;100139;664.8;10;11194864912;B
20240918;100139;664.8;31;11194864913;B
20240918;100139;665;1;11194864914;B
20240918;100139;665;2;11194864915;B
20240918;100139;665;42;11194864916;B
20240918;100139;665.2;30;11194864917;B
20240918;100139;665.4;1;11194864918;B
20240918;100139;665.4;1;11194864919;B
20240918;100139;665.6;152;11194864920;B
20240918;100139;665.8;282;11194864921;B
20240918;100140;665.8;54;11194865100;B
20240918;100141;664;1;11194865479;S
20240918;100142;665.6;1;11194865719;B
20240918;100142;665.8;2;11194865720;B
20240918;100145;664;60;11194866850;S
20240918;100147;665.4;15;11194867213;B
20240918;100147;665.4;50;11194867419;B
20240918;100148;665.4;50;11194867458;B
20240918;100148;665.4;65;11194867594;B
20240918;100148;665.8;135;11194867595;B
20240918;100152;665.6;5;11194868610;B
20240918;100153;665.6;5;11194868901;B
20240918;100154;664.8;1;11194869259;S
20240918;100155;665.6;40;11194869472;B
20240918;100155;665.8;140;11194869473;B
20240918;100157;666;1;11194870046;B
20240918;100157;666;30;11194870047;B
20240918;100158;665;200;11194870300;S
20240918;100158;665.8;9;11194870324;B
20240918;100159;665.8;1;11194870562;B
20240918;100159;665.8;14;11194870563;B
20240918;100159;666;35;11194870564;B
20240918;100159;665.4;50;11194870598;S
20240918;100200;665.8;60;11194870839;B
20240918;100201;665.8;1;11194871343;B
20240918;100201;665.2;2;11194871659;S
20240918;100202;666;435;11194871800;B
20240918;100202;666;1;11194871801;B
20240918;100202;666;15;11194871802;B
20240918;100202;666;49;11194871803;B
20240918;100208;666;60;11194874033;B
20240918;100209;666;42;11194874190;B
20240918;100209;666;2;11194874191;B
20240918;100212;666.2;15;11194875071;B
20240918;100212;666.4;15;11194875072;B
20240918;100212;666.4;94;11194875073;B
20240918;100212;666.6;26;11194875074;B
20240918;100212;666.4;6;11194875230;B
20240918;100212;666.6;4;11194875231;B
20240918;100212;666.6;2;11194875232;B
20240918;100212;666.6;3;11194875233;B
20240918;100212;666;1;11194875370;S
20240918;100215;666.2;1;11194876040;B
20240918;100215;666.4;9;11194876041;B
20240918;100215;666;5;11194876141;S
20240918;100216;666;10;11194876513;B
20240918;100218;665.6;1;11194876902;S
20240918;100218;665.4;9;11194876903;S
20240918;100220;666;2;11194877642;B
20240918;100222;666;3;11194878032;B
20240918;100222;666.4;91;11194878033;B
20240918;100222;666.4;1;11194878034;B
20240918;100222;666.6;12;11194878035;B
20240918;100222;666.6;100;11194878036;B
20240918;100222;666.6;16;11194878037;B
20240918;100223;666.8;15;11194878337;B
20240918;100223;666.8;10;11194878338;B
20240918;100223;667;1;11194878339;B
20240918;100223;667;5;11194878340;B
20240918;100223;667;10;11194878341;B
20240918;100223;667;15;11194878342;B
20240918;100223;667;44;11194878343;B
20240918;100230;666.8;1;11194880255;S
20240918;100233;666.8;9;11194881129;S
20240918;100233;666.2;1;11194881130;S
20240918;100234;666.6;1;11194881377;B
20240918;100237;666.8;152;11194882566;B
20240918;100237;667;18;11194882567;B
20240918;100237;667;10;11194882584;B
20240918;100242;666;5;11194883776;S
20240918;100242;666;15;11194883777;S
20240918;100243;667;178;11194883938;B
20240918;100243;667;100;11194883939;B
20240918;100243;667;20;11194883940;B
20240918;100243;667;10;11194883941;B
20240918;100243;667;1;11194883942;B
20240918;100243;667.2;15;11194883943;B
20240918;100243;667.4;37;11194883944;B
20240918;100243;667.6;37;11194883945;B
20240918;100243;667.6;42;11194883946;B
20240918;100243;667.8;37;11194883947;B
20240918;100243;667.8;26;11194883948;B
20240918;100243;668;1;11194883949;B
20240918;100243;668;37;11194883950;B
20240918;100243;668;2;11194883951;B
20240918;100243;668;1;11194883952;B
20240918;100243;668;12;11194883953;B
20240918;100243;666.4;40;11194884212;S
20240918;100244;666.4;25;11194884368;S
20240918;100244;666.2;299;11194884369;S
20240918;100244;666;100;11194884370;S
20240918;100244;666;20;11194884378;B
20240918;100246;666;10;11194884823;B
20240918;100249;665.8;11;11194885625;S
20240918;100250;666;5;11194885741;B
20240918;100251;666;41;11194886037;B
20240918;100251;666;10;11194886038;B
20240918;100251;666.6;100;11194886039;B
20240918;100251;666.8;49;11194886040;B
20240918;100252;666.8;100;11194886216;B
20240918;100256;667.4;2;11194887124;B
20240918;100257;667.4;9;11194887375;B
20240918;100257;667.6;25;11194887376;B
20240918;100257;667.8;42;11194887377;B
20240918;100257;667.8;10;11194887378;B
20240918;100257;668;138;11194887379;B
20240918;100257;668;2;11194887380;B
20240918;100257;668.2;37;11194887381;B
20240918;100257;668.2;5;11194887382;B
20240918;100257;668.2;1;11194887383;B
20240918;100257;668.2;10;11194887384;B
20240918;100257;668.4;1;11194887385;B
20240918;100257;668.4;37;11194887386;B
20240918;100257;668.4;1;11194887387;B
20240918;100257;668.4;10;11194887388;B
20240918;100257;668.6;37;11194887389;B
20240918;100257;668.6;10;11194887390;B
20240918;100257;668.8;37;11194887391;B
20240918;100257;668.8;152;11194887392;B
20240918;100257;669;100;11194887393;B
20240918;100257;669;1;11194887394;B
20240918;100257;669;4;11194887395;B
20240918;100257;669;10;11194887396;B
20240918;100257;669;250;11194887397;B
20240918;100257;669;100;11194887398;B
20240918;100257;669.4;471;11194887399;B
20240918;100257;669.4;2;11194887403;B
20240918;100257;669.4;2;11194887404;B
20240918;100257;667;1;11194887530;S
20240918;100258;669.2;30;11194887633;B
20240918;100301;667.4;10;11194888575;S
20240918;100303;668.8;1;11194889059;B
20240918;100303;669;6;11194889060;B
20240918;100304;669.2;1;11194889089;B
20240918;100304;669.2;5;11194889090;B
20240918;100307;669.2;2;11194890308;B
20240918;100309;669.2;35;11194890729;B
20240918;100309;669.2;1;11194890730;B
20240918;100309;669.2;10;11194890888;S
20240918;100310;669.2;2;11194890899;S
20240918;100310;669.2;10;11194890960;S
20240918;100310;669.2;42;11194891044;S
20240918;100312;668.2;5;11194891533;S
20240918;100313;668;5;11194891851;S
20240918;100313;668.4;1;11194891961;B
20240918;100314;668.8;20;11194892032;B
20240918;100314;669;20;11194892033;B
20240918;100317;668.2;5;11194892898;S
20240918;100319;669;3;11194893498;B
20240918;100319;668;1;11194893544;B
20240918;100320;667.8;5;11194893686;S
20240918;100322;668;2;11194894216;B
20240918;100337;667.6;4;11194898169;B
20240918;100338;667.2;1;11194898357;S
20240918;100339;667.6;2;11194898614;B
20240918;100339;667;20;11194898681;S
20240918;100340;667;50;11194898886;S
20240918;100340;667;1;11194898895;S
20240918;100340;667;50;11194898957;S
20240918;100340;667;29;11194899070;S
20240918;100340;667;21;11194899071;S
20240918;100340;667;20;11194899111;S
20240918;100340;667;12;11194899113;S
20240918;100340;667;8;11194899114;S
20240918;100340;667;2;11194899137;S
20240918;100340;666.8;8;11194899138;S
20240918;100343;667.2;43;11194899649;B
20240918;100347;667.2;357;11194900716;B
20240918;100347;667.6;5;11194900717;B
20240918;100347;667.8;152;11194900718;B
20240918;100347;668;8;11194900719;B
20240918;100347;668;278;11194900720;B
20240918;100352;667.8;5;11194901912;B
20240918;100354;667.8;6;11194902604;B
20240918;100354;667.8;20;11194902605;B
20240918;100354;667.8;4;11194902606;B
20240918;100357;667;8;11194903233;B
20240918;100358;667.8;1;11194903472;B
20240918;100359;667;1;11194903873;B
20240918;100401;666.8;5;11194904316;S
20240918;100401;666.8;20;11194904473;S
20240918;100402;666.8;100;11194904583;S
20240918;100402;667.8;2;11194904587;B
20240918;100408;666.8;1;11194906163;S
20240918;100410;666.6;8;11194906696;B
20240918;100410;666.6;22;11194906697;B
20240918;100421;666.2;25;11194909460;S
20240918;100421;666;1;11194909465;S
20240918;100422;666;2;11194909798;S
20240918;100422;666.6;20;11194909938;B
20240918;100426;666;2;11194910680;S
20240918;100426;666;95;11194910842;S
20240918;100426;666;14;11194910843;S
20240918;100428;666;56;11194911059;S
20240918;100428;666;3;11194911060;S
20240918;100428;666;30;11194911061;S
20240918;100428;665.8;46;11194911062;S
20240918;100428;665.2;403;11194911063;S
20240918;100428;665;4;11194911064;S
20240918;100428;665;5;11194911065;S
20240918;100428;665;50;11194911066;S
20240918;100428;664.8;50;11194911067;S
20240918;100428;664.8;36;11194911068;S
20240918;100428;664.8;91;11194911069;S
20240918;100428;664.6;2;11194911070;S
20240918;100428;664.4;100;11194911071;S
20240918;100428;664.2;350;11194911072;S
20240918;100428;664.2;50;11194911073;S
20240918;100428;664.2;12;11194911074;S
20240918;100428;664;500;11194911075;S
20240918;100428;664;38;11194911076;S
20240918;100428;664;38;11194911077;S
20240918;100428;664;5;11194911078;S
20240918;100428;664;5;11194911079;S
20240918;100428;663.4;152;11194911080;S
20240918;100428;663.4;300;11194911081;S
20240918;100428;663.2;159;11194911082;S
20240918;100428;663;50;11194911083;S
20240918;100428;663;50;11194911084;S
20240918;100428;663;5;11194911085;S
20240918;100428;663;30;11194911086;S
20240918;100428;663;100;11194911087;S
20240918;100428;662.8;33;11194911088;S
20240918;100428;662.8;1;11194911089;S
20240918;100428;662.2;3;11194911090;S
20240918;100428;662;1;11194911091;S
20240918;100428;662;1;11194911092;S
20240918;100428;662;5;11194911093;S
20240918;100428;662;100;11194911094;S
20240918;100428;661.8;136;11194911095;S
20240918;100428;664.4;10;11194911156;S
20240918;100428;664.4;2;11194911163;S
20240918;100428;665.2;10;11194911338;B
20240918;100429;665;9;11194911378;S
20240918;100429;665;1;11194911511;S
20240918;100430;665.2;3;11194911669;B
20240918;100431;664.8;24;11194912182;B
20240918;100441;664.8;14;11194914505;B
20240918;100441;664.8;1;11194914506;B
20240918;100441;664.8;14;11194914507;B
20240918;100441;664.8;15;11194914508;B
20240918;100441;664.8;100;11194914509;B
20240918;100441;664.8;122;11194914562;S
20240918;100443;664.8;3;11194914983;S
20240918;100443;665;100;11194915004;B
20240918;100443;665;17;11194915005;B
20240918;100443;665.4;96;11194915006;B
20240918;100443;665.8;1;11194915007;B
20240918;100443;666.2;9;11194915008;B
20240918;100443;666.4;152;11194915009;B
20240918;100443;666.4;300;11194915010;B
20240918;100443;666.6;68;11194915011;B
20240918;100458;665.4;14;11194919202;S
20240918;100458;665;186;11194919203;S
20240918;100500;665;30;11194919622;S
20240918;100501;666.4;19;11194919915;B
20240918;100501;666.4;53;11194919939;B
20240918;100505;665.6;20;11194920757;B
20240918;100505;665.6;20;11194920792;B
20240918;100509;665.6;5;11194921719;B
20240918;100509;666.4;9;11194921720;B
20240918;100510;665.2;200;11194921885;S
20240918;100511;665.2;10;11194922280;S
20240918;100516;665.6;1;11194923434;B
20240918;100516;666.4;120;11194923435;B
20240918;100516;666.4;25;11194923436;B
20240918;100516;666.6;393;11194923437;B
20240918;100520;666.6;5;11194924176;B
20240918;100520;666.6;23;11194924307;B
20240918;100520;666.6;8;11194924308;B
20240918;100522;666.6;3;11194924634;B
20240918;100522;666.6;3;11194924635;B
20240918;100522;666.8;25;11194924636;B
20240918;100522;666.8;100;11194924637;B
20240918;100522;666.8;14;11194924638;B
20240918;100522;667;10;11194924639;B
20240918;100522;667;50;11194924640;B
20240918;100522;667;10;11194924641;B
20240918;100522;667.6;60;11194924642;B
20240918;100522;667.8;264;11194924643;B
20240918;100524;667;20;11194925159;B
20240918;100524;667.6;50;11194925160;B
20240918;100524;667.8;153;11194925161;B
20240918;100524;667.8;152;11194925162;B
20240918;100524;668;115;11194925163;B
20240918;100524;668;539;11194925317;B
20240918;100526;668;456;11194925676;B
20240918;100526;668;2;11194925677;B
20240918;100526;668;10;11194925678;B
20240918;100526;668;10;11194925679;B
20240918;100526;668;2;11194925680;B
20240918;100526;668.2;1;11194925681;B
20240918;100526;669;8;11194925682;B
20240918;100526;669;40;11194925683;B
20240918;100526;669;10;11194925684;B
20240918;100526;669.2;50;11194925703;B
20240918;100526;669.2;10;11194925757;B
20240918;100529;669.2;16;11194926368;B
20240918;100529;669.2;5;11194926369;B
20240918;100529;669.2;10;11194926370;B
20240918;100529;669.6;1;11194926371;B
20240918;100529;669.6;568;11194926372;B
20240918;100531;669.6;1;11194926739;B
20240918;100531;669.6;4;11194926906;B
20240918;100533;668;1;11194927245;S
20240918;100534;669.6;6;11194927389;B
20240918;100536;669.6;1;11194927968;B
20240918;100537;669.6;12;11194928118;B
20240918;100543;668;4;11194929536;S
20240918;100546;669.6;8;11194930010;B
20240918;100546;669.6;6;11194930016;B
20240918;100546;669.6;3;11194930017;B
20240918;100549;668;2;11194930648;S
20240918;100549;668;90;11194930663;S
20240918;100555;668;1;11194931998;B
20240918;100558;668;1;11194932865;B
20240918;100559;667;2;11194933122;B
20240918;100601;667;1;11194933523;B
20240918;100602;667;22;11194933757;B
20240918;100606;667;90;11194934731;B
20240918;100606;666.6;12;11194934899;S
20240918;100606;666.6;3;11194934900;S
20240918;100609;666.8;2;11194935692;B
20240918;100614;666.8;1;11194936887;B
20240918;100614;667;7;11194936888;B
20240918;100615;667;78;11194937082;B
20240918;100615;667;122;11194937083;B
20240918;100615;667;50;11194937215;B
20240918;100623;666.6;55;11194939472;B
20240918;100623;667;445;11194939473;B
20240918;100624;667;14;11194939659;B
20240918;100627;667;50;11194940145;B
20240918;100629;667;50;11194940439;B
20240918;100634;667;5;11194941359;B
20240918;100644;667;140;11194943206;B
20240918;100657;667;66;11194945683;B
20240918;100701;667;2;11194946548;B
20240918;100703;667;3;11194946755;B
20240918;100706;667;1;11194947640;B
20240918;100723;666.4;2;11194951766;S
20240918;100723;666.4;2;11194951767;B
20240918;100730;666.4;155;11194953663;B
20240918;100735;666.6;36;11194954538;S
20240918;100735;666.4;13;11194954539;S
20240918;100743;666.8;2;11194956442;B
20240918;100743;667;1;11194956443;B
20240918;100747;667;5;11194957372;B
20240918;100751;666.8;1;11194958321;B
20240918;100757;666.8;1;11194959560;B
20240918;100802;666.8;94;11194960583;B
20240918;100802;667;96;11194960584;B
20240918;100802;667;5;11194960585;B
20240918;100802;667;546;11194960586;B
20240918;100803;666.6;30;11194960957;S
20240918;100808;666.6;1;11194961824;S
20240918;100814;666.6;2;11194962942;S
20240918;100818;666.6;1;11194963964;S
20240918;100822;666.6;10;11194964443;S
20240918;100826;666.6;52;11194965231;S
20240918;100826;666.4;30;11194965232;S
20240918;100826;666.4;87;11194965233;S
20240918;100832;666.4;100;11194966336;B
20240918;100836;666.4;3;11194966972;B
20240918;100838;666.4;10;11194967271;B
20240918;100838;666.2;1;11194967311;S
20240918;100841;666.4;718;11194967850;B
20240918;100841;666.4;11;11194967865;S
20240918;100844;666.4;1;11194968384;S
20240918;100844;666.4;2;11194968394;S
20240918;100848;666.4;268;11194968984;S
20240918;100848;666.4;57;11194968985;S
20240918;100851;666.6;1;11194969571;B
20240918;100851;666.8;9;11194969572;B
20240918;100859;666.4;1;11194971087;S
20240918;100902;666.4;1;11194971812;B
20240918;100903;666.4;1;11194972000;B
20240918;100903;666.8;1;11194972001;B
20240918;100903;667;1;11194972002;B
20240918;100905;666.8;4;11194972531;B
20240918;100905;667;18;11194972532;B
20240918;100914;667;1;11194974445;B
20240918;100916;667;45;11194974827;B
20240918;100933;667;21;11194978228;B
20240918;100936;666.8;13;11194978976;B
20240918;100945;666.8;30;11194980552;B
20240918;100947;666.8;33;11194980966;B
20240918;100948;666.8;20;11194981147;B
20240918;100952;666.8;2;11194981972;S
20240918;100953;667;1;11194982356;B
20240918;101002;666.8;10;11194984642;S
20240918;101006;667;100;11194985539;B
20240918;101026;666.8;11;11194989317;S
20240918;101028;666.8;1;11194989616;S
20240918;101028;667;6;11194989721;B
20240918;101029;667;50;11194989761;B
20240918;101032;666.8;10;11194990224;S
20240918;101032;667;111;11194990303;B
20240918;101032;667;1;11194990304;B
20240918;101032;667;5;11194990305;B
20240918;101032;667;133;11194990306;B
20240918;101034;667;17;11194990723;B
20240918;101034;667;5;11194990724;B
20240918;101034;667;5;11194990725;B
20240918;101034;667;178;11194990726;B
20240918;101035;667;1;11194990896;B
20240918;101035;667;10;11194990897;B
20240918;101035;667;8;11194990898;B
20240918;101035;667;8;11194990899;B
20240918;101035;667.2;5;11194990913;B
20240918;101057;667.2;1;11194995172;S
20240918;101105;667.2;2;11194996445;S
20240918;101108;667.2;6;11194996904;S
20240918;101108;667.4;5;11194996938;B
20240918;101117;667.6;1;11194998399;B
20240918;101118;667.6;4;11194998471;B
20240918;101119;667.8;50;11194998606;B
20240918;101119;667.6;1;11194998612;S
20240918;101119;667.6;4;11194998710;S
20240918;101131;667.8;5;11195000754;B
20240918;101131;667.8;5;11195000755;B
20240918;101131;668;12;11195000756;B
20240918;101131;668;5;11195000757;B
20240918;101131;668.2;30;11195000758;B
20240918;101131;668.2;5;11195000759;B
20240918;101131;668.2;37;11195000760;B
20240918;101131;668.6;122;11195000761;B
20240918;101131;668.8;27;11195000762;B
20240918;101131;668.8;36;11195000763;B
20240918;101131;669;400;11195000764;B
20240918;101131;669;100;11195000765;B
20240918;101131;669;100;11195000766;B
20240918;101131;669;20;11195000767;B
20240918;101131;669.2;1;11195000768;B
20240918;101131;669.2;20;11195000769;B
20240918;101131;669.2;1;11195000770;B
20240918;101131;669.6;97;11195000771;B
20240918;101131;669.6;2;11195000772;B
20240918;101131;669.6;20;11195000773;B
20240918;101131;669.6;20;11195000774;B
20240918;101131;669.8;3;11195000775;B
20240918;101131;669.8;150;11195000776;B
20240918;101131;669.8;2;11195000777;B
20240918;101131;669.8;1;11195000778;B
20240918;101131;669.8;20;11195000779;B
20240918;101131;670;25;11195000780;B
20240918;101131;670;45;11195000781;B
20240918;101131;670;1;11195000782;B
20240918;101131;670;1;11195000783;B
20240918;101131;670;2;11195000784;B
20240918;101131;670;10;11195000785;B
20240918;101131;670;100;11195000786;B
20240918;101131;670;25;11195000787;B
20240918;101131;670;50;11195000788;B
20240918;101131;670;5;11195000789;B
20240918;101131;670;1;11195000790;B
20240918;101131;670;1;11195000791;B
20240918;101131;670;10;11195000792;B
20240918;101131;670;20;11195000793;B
20240918;101131;670;8;11195000794;B
20240918;101131;670;100;11195000795;B
20240918;101131;670;2;11195000796;B
20240918;101131;670;5;11195000797;B
20240918;101131;670.4;1;11195000798;B
20240918;101131;670.4;20;11195000799;B
20240918;101131;670.8;307;11195000800;B
20240918;101131;670.8;152;11195000801;B
20240918;101131;671;3;11195000802;B
20240918;101131;671;100;11195000803;B
20240918;101131;671;1;11195000804;B
20240918;101131;671;100;11195000805;B
20240918;101131;671;1;11195000806;B
20240918;101131;671.4;3;11195000807;B
20240918;101131;671.6;487;11195000808;B
20240918;101131;671.6;1;11195000809;B
20240918;101131;671.8;1;11195000810;B
20240918;101131;671.8;171;11195000811;B
20240918;101131;671.6;7;11195000820;B
20240918;101131;670.2;3;11195000837;B
20240918;101131;671.6;23;11195000838;B
20240918;101131;672;100;11195000839;B
20240918;101131;672;53;11195000840;B
20240918;101131;672.2;1;11195000841;B
20240918;101131;672.2;201;11195000842;B
20240918;101131;671.8;2;11195000844;B
20240918;101131;669.8;5;11195000848;B
20240918;101132;670;15;11195000911;B
20240918;101132;669.8;36;11195000913;S
20240918;101132;670;20;11195000918;B
20240918;101132;670.2;1;11195000951;S
20240918;101132;671;2;11195001005;B
20240918;101132;671.6;3;11195001006;B
20240918;101132;671.8;18;11195001007;B
20240918;101132;672;1;11195001008;B
20240918;101132;672;1;11195001009;B
20240918;101132;672;26;11195001025;S
20240918;101132;672;50;11195001031;S
20240918;101132;672;5;11195001040;S
20240918;101132;672;1;11195001043;S
20240918;101132;672;158;11195001045;S
20240918;101132;672;1;11195001047;S
20240918;101132;672;1;11195001048;S
20240918;101133;672;1;11195001112;S
20240918;101133;672;1000;11195001118;S
20240918;101133;672;120;11195001119;S
20240918;101140;670.8;2;11195002032;S
20240918;101140;672;1;11195002047;B
20240918;101140;672;5;11195002048;B
20240918;101140;672.2;8;11195002049;B
20240918;101140;672.4;10;11195002050;B
20240918;101140;672.4;26;11195002051;B
20240918;101144;672;4;11195002551;S
20240918;101149;672;1;11195003479;S
20240918;101150;672;1000;11195003577;S
20240918;101150;672;1;11195003586;S
20240918;101150;672.4;5;11195003727;B
20240918;101150;672.4;100;11195003728;B
20240918;101150;672.8;1;11195003729;B
20240918;101150;672.8;1;11195003730;B
20240918;101150;672.8;93;11195003731;B
20240918;101153;672.8;1;11195004248;B
20240918;101156;672.8;35;11195004695;B
20240918;101158;672.8;35;11195004952;B
20240918;101212;672.8;81;11195007272;B
20240918;101212;672.8;25;11195007273;B
20240918;101212;672.8;1;11195007274;B
20240918;101212;673;15;11195007275;B
20240918;101212;673;77;11195007276;B
20240918;101213;671.6;1;11195007534;S
20240918;101215;672.6;1;11195007836;B
20240918;101215;672.8;4;11195007837;B
20240918;101216;672.8;10;11195007941;B
20240918;101218;672.8;1;11195008373;B
20240918;101220;671.6;1;11195008643;B
20240918;101221;672;1;11195008815;S
20240918;101224;672;4;11195009735;S
20240918;101238;671.6;3;11195012525;B
20240918;101243;671.2;5;11195013758;S
20240918;101244;671.4;2;11195014119;B
20240918;101245;671.6;11;11195014162;B
20240918;101250;671.2;1;11195015187;S
20240918;101251;671;16;11195015344;S
20240918;101253;671;133;11195016004;S
20240918;101253;670.8;29;11195016005;S
20240918;101253;670;95;11195016006;S
20240918;101253;670;50;11195016007;S
20240918;101253;669.8;100;11195016008;S
20240918;101253;669.6;93;11195016009;S
20240918;101254;670.8;1;11195016296;B
20240918;101255;669.6;7;11195016568;S
20240918;101255;669;12;11195016569;S
20240918;101255;668.8;47;11195016570;S
20240918;101255;670;1;11195016637;B
20240918;101303;668.8;3;11195018018;S
20240918;101306;670;9;11195019047;B
20240918;101306;670;20;11195019048;B
20240918;101306;670;10;11195019049;B
20240918;101306;670.4;13;11195019050;B
20240918;101306;670.6;73;11195019051;B
20240918;101306;670.8;75;11195019052;B
20240918;101314;668.8;1;11195020468;S
20240918;101314;668.8;419;11195020469;S
20240918;101314;668.8;7;11195020470;S
20240918;101321;668.8;2;11195021917;S
20240918;101339;670;1;11195024963;B
20240918;101339;670;7;11195024964;B
20240918;101339;670;20;11195024965;B
20240918;101339;670.2;50;11195024966;B
20240918;101339;670.4;20;11195024967;B
20240918;101339;670.6;20;11195024968;B
20240918;101339;670.6;24;11195024969;B
20240918;101346;669;1;11195026166;S
20240918;101411;669;1;11195031138;S
20240918;101411;670.2;2;11195031140;B
20240918;101419;670.2;3;11195032502;B
20240918;101428;669;5;11195033940;S
20240918;101428;668.8;3;11195033941;S
20240918;101428;668.8;2;11195033942;S
20240918;101456;670;1;11195039534;B
20240918;101457;670.2;15;11195039682;B
20240918;101502;668.8;1;11195041012;S
20240918;101502;668.8;14;11195041013;S
20240918;101503;668.6;1;11195041031;S
20240918;101510;668.6;30;11195042655;S
20240918;101518;668.6;19;11195045794;S
20240918;101518;668.6;4;11195045795;S
20240918;101521;668.6;5;11195046633;B
20240918;101538;668.4;1;11195053313;S
20240918;101540;668.4;10;11195053771;S
20240918;101541;668.4;10;11195054290;S
20240918;101541;668.4;1;11195054500;S
20240918;101543;668.4;1;11195055133;S
20240918;101546;668.6;15;11195057119;B
20240918;101548;668.4;77;11195057899;S
20240918;101550;668.2;18;11195058501;S
20240918;101550;668;50;11195058502;S
20240918;101550;668;18;11195058503;S
20240918;101550;668;5;11195058504;S
20240918;101550;667.8;9;11195058505;S
20240918;101550;667.6;5;11195058547;S
20240918;101550;667.2;1;11195058548;S
20240918;101550;667.2;66;11195058549;S
20240918;101555;667;100;11195060686;S
20240918;101555;667.2;25;11195060899;B
20240918;101555;667.4;14;11195060900;B
20240918;101555;668.2;1;11195060901;B
20240918;101555;668.2;27;11195060902;B
20240918;101600;668;10;11195062858;B
20240918;101607;667.6;1;11195065407;B
20240918;101609;667.6;1;11195065888;B
20240918;101609;667.6;1;11195066183;B
20240918;101612;667.6;1;11195066872;B
20240918;101613;667.6;1;11195067217;B
20240918;101614;668;1;11195067512;B
20240918;101629;667.4;31;11195070783;S
20240918;101629;667.4;14;11195070784;S
20240918;101643;668.2;1;11195073714;B
20240918;101645;667.4;11;11195074199;S
20240918;101646;667.4;28;11195074436;S
20240918;101649;667.2;28;11195075235;S
20240918;101649;667.4;1;11195075243;B
20240918;101650;667.4;244;11195075298;B
20240918;101651;667.2;1;11195075683;S
20240918;101652;667.4;27;11195075930;B
20240918;101652;667.4;34;11195075931;B
20240918;101652;667.8;34;11195075932;B
20240918;101652;668.2;2;11195075933;B
20240918;101703;668;2;11195078605;B
20240918;101704;667.4;2;11195079126;S
20240918;101708;667.4;2;11195080074;B
20240918;101708;667.2;42;11195080324;S
20240918;101710;667.4;2;11195080597;B
20240918;101712;667.2;29;11195081126;S
20240918;101712;667;5;11195081127;S
20240918;101712;667;2;11195081128;S
20240918;101715;667.4;5;11195081791;B
20240918;101729;667.4;1;11195084772;B
20240918;101730;667;10;11195085071;S
20240918;101742;667;2;11195087017;S
20240918;101744;667;21;11195087285;S
20240918;101744;667.4;10;11195087309;B
20240918;101758;667.4;1;11195089924;S
20240918;101759;667;6;11195090303;S
20240918;101800;667;28;11195090532;S
20240918;101804;667;1;11195091350;S
20240918;101804;667;23;11195091351;S
20240918;101805;667;2;11195091494;S
20240918;101805;667;1;11195091495;S
20240918;101805;667;11;11195091496;S
20240918;101805;667;27;11195091599;S
20240918;101809;667;26;11195092157;S
20240918;101812;667;13;11195092672;S
20240918;101813;667.4;1;11195092817;B
20240918;101819;667.4;2;11195093658;B
20240918;101824;667;24;11195094394;S
20240918;101831;667;1;11195095367;S
20240918;101838;667.4;5;11195096598;B
20240918;101844;667;30;11195097820;S
20240918;101849;667;18;11195098550;S
20240918;101849;667;53;11195098551;S
20240918;101849;667;137;11195098552;S
20240918;101849;667;5;11195098553;S
20240918;101849;667;5;11195098554;S
20240918;101853;667;5;11195099281;S
20240918;101854;667.4;5;11195099454;B
20240918;101854;667.4;8;11195099455;B
20240918;101854;667.4;17;11195099456;B
20240918;101902;667.4;1;11195101127;B
20240918;101904;667;95;11195101498;S
20240918;101904;667;27;11195101499;S
20240918;101907;667.2;1;11195102060;B
20240918;101908;667;2;11195102155;S
20240918;101908;667;4;11195102156;S
20240918;101908;666.6;7;11195102157;S
20240918;101908;666.6;2;11195102158;S
20240918;101908;666.6;15;11195102159;S
20240918;101908;666.4;7;11195102160;S
20240918;101915;666.8;5;11195103623;B
20240918;101915;667;95;11195103624;B
20240918;101921;667;1;11195104700;B
20240918;101939;667;6;11195108175;B
20240918;101939;667;10;11195108176;B
20240918;101939;667.2;9;11195108177;B
20240918;101943;666.4;52;11195108803;S
20240918;101951;667;1;11195110650;B
20240918;101954;666.4;361;11195111251;S
20240918;101954;666.4;2;11195111252;S
20240918;101954;666.4;2;11195111253;S
20240918;101955;666.4;5;11195111431;S
20240918;101956;666.4;5;11195111642;S
20240918;101956;666.2;26;11195111643;S
20240918;101956;666.2;12;11195111644;S
20240918;101956;666.2;1;11195111645;S
20240918;101956;666.2;22;11195111646;S
20240918;101956;666.2;31;11195111647;S
20240918;101956;666;7;11195111648;S
20240918;101956;666;26;11195111649;S
20240918;101956;666;26;11195111650;S
20240918;101956;666;5;11195111651;S
20240918;101956;666;5;11195111652;S
20240918;101956;665.4;20;11195111653;S
20240918;101956;665.4;50;11195111654;S
20240918;101956;665.2;24;11195111655;S
20240918;101956;665.2;27;11195111656;S
20240918;101956;665.2;78;11195111657;S
20240918;102001;666;1;11195112489;B
20240918;102006;665.2;1;11195113672;B
20240918;102008;665.2;18;11195114085;S
20240918;102008;665;25;11195114086;S
20240918;102008;665;5;11195114087;S
20240918;102008;665;21;11195114088;S
20240918;102008;664.8;14;11195114089;S
20240918;102008;664.8;100;11195114090;S
20240918;102008;664.8;360;11195114091;S
20240918;102010;665;10;11195114758;S
20240918;102010;664.6;2;11195114759;S
20240918;102010;664.6;14;11195114760;S
20240918;102010;664.4;14;11195114761;S
20240918;102010;664.4;426;11195114762;S
20240918;102010;664.2;14;11195114763;S
20240918;102010;664.2;63;11195114764;S
20240918;102013;664.2;40;11195115528;S
20240918;102013;664.2;21;11195115529;S
20240918;102013;664;12;11195115530;S
20240918;102013;664;2;11195115531;S
20240918;102013;664;14;11195115532;S
20240918;102013;663.8;14;11195115533;S
20240918;102013;663.8;1;11195115534;S
20240918;102013;663.8;99;11195115535;S
20240918;102013;663.6;14;11195115536;S
20240918;102013;663.6;152;11195115537;S
20240918;102013;663.6;29;11195115538;S
20240918;102013;663.4;155;11195115539;S
20240918;102013;663.4;3;11195115540;S
20240918;102014;664;11;11195115639;S
20240918;102016;664;1;11195116737;S
20240918;102036;664.2;97;11195131927;S
20240918;102036;664;8;11195131928;S
20240918;102036;663.6;15;11195131929;S
20240918;102044;663.4;1;11195138408;S
20240918;102045;664.8;1;11195139123;B
20240918;102054;663.4;10;11195147004;S
20240918;102054;663.4;5;11195147005;S
20240918;102056;663.4;9;11195147997;S
20240918;102107;663.8;10;11195157296;B
20240918;102107;663.4;5;11195157417;S
20240918;102107;663.4;15;11195157418;S
20240918;102117;664.8;2;11195165663;B
20240918;102137;664;30;11195178565;S
20240918;102146;664;5;11195183120;S
20240918;102147;663.8;28;11195184236;S
20240918;102149;664;1;11195185691;B
20240918;102149;663.8;2;11195185728;S
20240918;102149;663.6;20;11195185729;S
20240918;102149;663.6;5;11195185730;S
20240918;102202;663.6;1;11195193053;S
20240918;102202;663.6;1;11195193054;S
20240918;102204;663.6;19;11195194124;S
20240918;102204;663.6;178;11195194125;S
20240918;102209;663.6;203;11195196853;B
20240918;102209;663.8;1;11195196963;B
20240918;102213;663.6;4;11195197615;S
20240918;102218;663.6;12;11195198699;S
20240918;102219;663.6;10;11195198753;S
20240918;102227;663.8;20;11195200135;B
20240918;102231;663.8;5;11195200881;B
20240918;102232;663.8;20;11195201111;B
20240918;102233;663.8;29;11195201354;B
20240918;102233;663.8;18;11195201355;B
20240918;102236;663.8;5;11195201864;S
20240918;102242;663.8;40;11195202994;S
20240918;102243;663.8;52;11195203236;B
20240918;102305;663.8;1;11195207513;B
20240918;102306;663.6;20;11195207721;S
20240918;102317;663.6;1;11195209578;S
20240918;102317;663.6;11;11195209579;S
20240918;102321;663.6;2;11195210254;S
20240918;102328;663.6;7;11195211498;S
20240918;102328;663.6;2;11195211499;S
20240918;102328;663.6;1;11195211500;S
20240918;102328;663.6;20;11195211501;S
20240918;102330;663.6;20;11195211780;B
20240918;102335;663.6;10;11195212748;B
20240918;102337;663.6;10;11195213109;S
20240918;102337;663.6;18;11195213110;S
20240918;102339;664;1;11195213289;B
20240918;102344;663.6;20;11195214365;S
20240918;102344;663.4;3;11195214366;S
20240918;102354;663.8;1;11195216066;B
20240918;102357;663.4;12;11195216513;S
20240918;102357;663.4;5;11195216514;S
20240918;102357;663.4;18;11195216515;S
20240918;102401;663.8;1;11195217584;S
20240918;102401;663.8;29;11195217585;S
20240918;102402;663.6;2;11195217681;S
20240918;102409;663.8;1;11195219241;S
20240918;102415;663.6;18;11195220149;S
20240918;102415;663.6;16;11195220150;S
20240918;102416;663.6;20;11195220468;S
20240918;102416;663.6;39;11195220469;S
20240918;102421;663.6;1;11195221220;S
20240918;102422;663.6;52;11195222008;S
20240918;102422;663.6;20;11195222009;S
20240918;102422;663.4;59;11195222015;S
20240918;102422;663.4;1;11195222016;S
20240918;102422;663.4;20;11195222017;S
20240918;102422;663.4;2;11195222018;S
20240918;102427;663.4;3;11195223066;S
20240918;102431;663.4;45;11195223572;S
20240918;102431;663.4;20;11195223573;S
20240918;102433;663.2;14;11195224196;S
20240918;102433;663.2;11;11195224197;S
20240918;102434;663.2;2;11195224281;S
20240918;102434;663.4;19;11195224355;B
20240918;102434;663.4;1;11195224356;B
20240918;102441;663.4;13;11195225941;S
20240918;102443;663.6;1;11195226355;B
20240918;102444;663.4;1;11195226511;S
20240918;102446;663.4;2;11195227035;S
20240918;102453;663.6;1;11195228126;S
20240918;102453;663.6;19;11195228127;S
20240918;102501;663.6;5;11195229644;B
20240918;102501;663.6;5;11195229645;B
20240918;102501;663.6;20;11195229809;S
20240918;102507;663.4;5;11195230947;S
20240918;102518;663.8;1;11195233042;S
20240918;102520;663.8;19;11195233433;S
20240918;102520;663.6;15;11195233434;S
20240918;102522;664;1;11195233766;B
20240918;102528;664;3;11195234665;B
20240918;102614;663.8;25;11195245062;S
20240918;102629;664;10;11195248527;B
20240918;102634;663.8;75;11195249390;S
20240918;102634;663.8;50;11195249391;S
20240918;102634;663.6;35;11195249392;S
20240918;102634;663.6;1;11195249393;S
20240918;102634;663.6;1;11195249394;S
20240918;102643;663.6;8;11195251116;S
20240918;102645;664;20;11195251802;B
20240918;102650;664;2;11195252801;B
20240918;102651;663.6;41;11195253014;S
20240918;102651;663.4;15;11195253015;S
20240918;102651;663.4;3;11195253016;S
20240918;102653;664;30;11195253439;B
20240918;102708;664;1;11195256423;B
20240918;102713;663.6;26;11195257564;S
20240918;102724;664;2;11195259447;B
20240918;102755;664;1;11195265826;B
20240918;102807;664;5;11195268096;B
20240918;102810;664;1;11195268562;B
20240918;102810;663.6;10;11195268626;S
20240918;102811;664;1;11195268722;B
20240918;102819;664;1;11195270191;B
20240918;102823;664;1;11195270965;B
20240918;102828;664;30;11195271714;B
20240918;102834;664;25;11195272750;B
20240918;102840;663.6;15;11195273539;S
20240918;102843;664;4;11195273968;B
20240918;102845;664;1;11195274223;B
20240918;102848;664;3;11195274715;B
20240918;102906;663.6;5;11195278546;S
20240918;102915;664;519;11195280929;B
20240918;102915;664;36;11195280930;B
20240918;102915;664;12;11195280931;B
20240918;102915;664;16;11195280932;B
20240918;102915;664;13;11195280933;B
20240918;102915;664;3;11195280934;B
20240918;102915;664;100;11195280935;B
20240918;102915;664;1;11195280936;B
20240918;102915;664;300;11195280937;B
20240918;102920;664;200;11195282028;B
20240918;102920;664.2;10;11195282029;B
20240918;102920;664.6;10;11195282030;B
20240918;102920;664.6;29;11195282031;B
20240918;102921;665;11;11195282260;B
20240918;102937;665;19;11195285687;B
20240918;102937;665;3;11195285688;B
20240918;102937;665;50;11195285689;B
20240918;102937;665;1;11195285690;B
20240918;102937;665.4;5;11195285691;B
20240918;102937;665.6;50;11195285692;B
20240918;102937;665.6;71;11195285693;B
20240918;102956;665.4;10;11195289151;S
20240918;103004;665.8;99;11195291091;B
20240918;103004;665.8;40;11195291092;B
20240918;103004;666;2;11195291093;B
20240918;103004;666;6;11195291094;B
20240918;103004;666;552;11195291095;B
20240918;103020;666;18;11195295553;B
20240918;103025;665.4;22;11195296526;S
20240918;103032;665.2;20;11195298060;S
20240918;103111;666;2;11195305739;B
20240918;103122;665.4;1;11195308194;S
20240918;103148;666;200;11195314753;B
20240918;103158;666;300;11195317568;B
20240918;103159;666;1;11195317728;B
20240918;103159;666;1;11195317729;B
20240918;103159;666;36;11195317827;B
20240918;103202;666.2;56;11195318547;S
20240918;103202;666;40;11195318548;S
20240918;103213;666;1;11195321351;B
20240918;103214;666;3;11195321541;B
20240918;103214;666;2;11195321637;B
20240918;103219;665.6;76;11195322934;S
20240918;103224;666;10;11195324095;B
20240918;103230;666;16;11195325400;B
20240918;103233;665.4;1;11195326086;S
20240918;103233;665.4;37;11195326087;S
20240918;103234;665.6;152;11195326259;S
20240918;103234;665.6;52;11195326260;S
20240918;103234;665.4;541;11195326261;S
20240918;103237;665.6;1;11195326973;S
20240918;103245;665.4;18;11195328307;S
20240918;103254;665.6;4;11195329777;S
20240918;103303;665.6;4;11195331657;S
20240918;103306;665.8;26;11195332233;S
20240918;103309;665.8;14;11195332805;S
20240918;103309;665.8;36;11195332806;S
20240918;103332;666;1;11195336304;B
20240918;103344;665.8;2;11195338384;S
20240918;103347;666;21;11195338915;B
20240918;103347;666;29;11195338916;B
20240918;103347;666;50;11195338917;B
20240918;103347;666;3;11195338933;B
20240918;103352;665.8;1;11195339967;S
20240918;103358;666;350;11195341036;B
20240918;103405;666;7;11195342374;S
20240918;103418;665.8;37;11195344714;S
20240918;103418;665.8;19;11195344715;S
20240918;103441;666.4;3;11195349065;B
20240918;103446;666;1;11195349764;S
20240918;103500;665.6;1;11195352640;S
20240918;103510;665.8;12;11195354313;S
20240918;103511;665.8;1;11195354320;S
20240918;103511;665.8;1;11195354327;S
20240918;103511;665.8;7;11195354329;S
20240918;103511;665.8;18;11195354331;S
20240918;103511;665.8;10;11195354350;S
20240918;103511;665.8;2;11195354351;S
20240918;103511;665.8;1;11195354352;S
20240918;103511;665.8;1;11195354353;S
20240918;103511;665.8;2;11195354355;S
20240918;103511;665.8;2;11195354356;S
20240918;103511;665.8;2;11195354357;S
20240918;103511;665.8;3;11195354359;S
20240918;103511;665.8;3;11195354360;S
20240918;103511;665.8;6;11195354361;S
20240918;103511;665.8;8;11195354364;S
20240918;103511;665.8;3;11195354365;S
20240918;103511;665.8;12;11195354366;S
20240918;103511;665.8;3;11195354367;S
20240918;103511;665.8;3;11195354371;S
20240918;103511;665.8;15;11195354372;S
20240918;103511;665.8;6;11195354374;S
20240918;103511;665.8;6;11195354376;S
20240918;103511;665.8;6;11195354377;S
20240918;103511;665.8;1;11195354378;S
20240918;103511;665.8;15;11195354379;S
20240918;103511;665.8;5;11195354381;S
20240918;103511;665.8;2;11195354382;S
20240918;103511;665.8;5;11195354383;S
20240918;103511;665.8;7;11195354384;S
20240918;103511;665.8;1;11195354385;S
20240918;103511;665.8;10;11195354386;S
20240918;103511;665.6;2;11195354387;S
20240918;103511;665.6;2;11195354388;S
20240918;103511;665.6;3;11195354389;S
20240918;103511;665.6;1;11195354390;S
20240918;103511;665.6;6;11195354400;S
20240918;103511;665.6;2;11195354401;S
20240918;103511;665.6;4;11195354402;S
20240918;103511;665.6;3;11195354403;S
20240918;103511;665.6;2;11195354404;S
20240918;103511;665.6;1;11195354405;S
20240918;103511;665.6;11;11195354406;S
20240918;103511;665.6;5;11195354407;S
20240918;103511;665.6;5;11195354408;S
20240918;103511;665.6;3;11195354409;S
20240918;103511;665.6;11;11195354410;S
20240918;103511;665.6;1;11195354411;S
20240918;103511;665.6;3;11195354412;S
20240918;103511;665.6;9;11195354414;S
20240918;103511;665.6;4;11195354415;S
20240918;103511;665.6;12;11195354416;S
20240918;103511;665.6;1;11195354417;S
20240918;103511;665.6;5;11195354418;S
20240918;103511;665.6;6;11195354419;S
20240918;103511;665.6;1;11195354420;S
20240918;103511;665.6;1;11195354421;S
20240918;103511;665.6;1;11195354422;S
20240918;103511;665.6;2;11195354423;S
20240918;103511;665.6;1;11195354424;S
20240918;103511;665.6;15;11195354425;S
20240918;103511;665.6;6;11195354426;S
20240918;103511;665.6;1;11195354427;S
20240918;103511;665.6;5;11195354428;S
20240918;103511;665.6;2;11195354429;S
20240918;103511;665.6;3;11195354430;S
20240918;103511;665.6;2;11195354431;S
20240918;103511;665.6;1;11195354432;S
20240918;103511;665.6;1;11195354433;S
20240918;103511;665.6;2;11195354434;S
20240918;103511;665.6;2;11195354435;S
20240918;103511;665.6;8;11195354436;S
20240918;103511;665.4;22;11195354437;S
20240918;103511;665.4;13;11195354440;S
20240918;103511;665.4;6;11195354441;S
20240918;103511;665.2;2;11195354443;S
20240918;103511;665.2;12;11195354444;S
20240918;103511;665.2;8;11195354446;S
20240918;103511;665.2;11;11195354447;S
20240918;103511;665.2;2;11195354448;S
20240918;103511;665.2;38;11195354449;S
20240918;103511;665.2;3;11195354450;S
20240918;103511;665.2;5;11195354451;S
20240918;103511;665.2;2;11195354453;S
20240918;103511;665.2;10;11195354455;S
20240918;103511;665.2;3;11195354456;S
20240918;103511;665.2;4;11195354460;S
20240918;103511;665.2;3;11195354463;S
20240918;103511;665.2;11;11195354466;S
20240918;103511;665.2;6;11195354474;S
20240918;103511;665.2;1;11195354481;S
20240918;103511;665.2;1;11195354484;S
20240918;103511;665.2;12;11195354485;S
20240918;103511;665.2;3;11195354486;S
20240918;103511;665.2;2;11195354487;S
20240918;103511;665.2;1;11195354490;S
20240918;103511;665.2;2;11195354491;S
20240918;103511;665.2;5;11195354495;S
20240918;103511;665.2;6;11195354502;S
20240918;103511;665.2;1;11195354504;S
20240918;103511;665.2;2;11195354505;S
20240918;103511;665.2;1;11195354506;S
20240918;103511;665.2;3;11195354507;S
20240918;103511;665.2;7;11195354508;S
20240918;103511;665.2;3;11195354515;S
20240918;103511;665.2;5;11195354520;S
20240918;103511;665.2;1;11195354521;S
20240918;103511;665.2;4;11195354522;S
20240918;103511;665.2;9;11195354523;S
20240918;103511;665.2;2;11195354525;S
20240918;103511;665.2;2;11195354528;S
20240918;103511;665.2;1;11195354550;S
20240918;103511;665.2;1;11195354551;S
20240918;103511;665.2;3;11195354552;S
20240918;103511;665.2;2;11195354553;S
20240918;103511;665.2;1;11195354554;S
20240918;103511;665.2;1;11195354557;S
20240918;103511;665.2;21;11195354563;S
20240918;103511;665.2;3;11195354564;S
20240918;103511;665.2;20;11195354567;S
20240918;103511;665.2;1;11195354568;S
20240918;103511;665.2;3;11195354570;S
20240918;103511;665.2;2;11195354571;S
20240918;103511;665.2;1;11195354572;S
20240918;103511;665.2;5;11195354573;S
20240918;103511;665.2;1;11195354574;S
20240918;103511;665;13;11195354577;S
20240918;103511;665;18;11195354579;S
20240918;103511;665;1;11195354580;S
20240918;103511;665;1;11195354582;S
20240918;103511;665;15;11195354584;S
20240918;103511;665;3;11195354585;S
20240918;103511;665;1;11195354586;S
20240918;103511;665;6;11195354588;S
20240918;103512;665;5;11195354591;S
20240918;103512;665;2;11195354592;S
20240918;103512;665;3;11195354593;S
20240918;103512;665;1;11195354594;S
20240918;103512;665;1;11195354595;S
20240918;103512;665;5;11195354596;S
20240918;103512;665;5;11195354600;S
20240918;103512;665;5;11195354602;S
20240918;103512;665;6;11195354603;S
20240918;103512;665;5;11195354606;S
20240918;103512;665;1;11195354607;S
20240918;103512;665;4;11195354608;S
20240918;103512;665;2;11195354609;S
20240918;103512;665;11;11195354610;S
20240918;103512;665;21;11195354611;S
20240918;103512;665;2;11195354612;S
20240918;103512;665;8;11195354617;S
20240918;103512;665;5;11195354618;S
20240918;103512;664.6;1;11195354619;S
20240918;103512;664.6;6;11195354620;S
20240918;103512;664.6;1;11195354630;S
20240918;103512;664.6;3;11195354632;S
20240918;103512;664.6;2;11195354643;S
20240918;103512;664.6;3;11195354669;S
20240918;103559;665;10;11195362151;S
20240918;103559;665;9;11195362152;S
20240918;103608;665.6;3;11195363480;B
20240918;103618;664.8;2;11195364873;S
20240918;103640;665.6;2;11195368265;B
20240918;103657;665.6;8;11195370610;B
20240918;103700;665.6;1;11195371006;B
20240918;103708;664.8;40;11195372091;S
20240918;103708;664.8;29;11195372092;S
20240918;103708;664.8;20;11195372093;S
20240918;103708;664.8;55;11195372094;S
20240918;103708;664.8;6;11195372134;B
20240918;103710;664.8;60;11195372461;B
20240918;103712;664.8;5;11195372633;B
20240918;103717;664.8;1;11195373441;B
20240918;103741;664.8;1;11195377197;B
20240918;103743;664.6;1;11195377435;S
20240918;103757;664.8;20;11195380095;B
20240918;103808;664.8;100;11195381646;B
20240918;103814;664.8;13;11195382297;B
20240918;103814;664.8;1;11195382298;B
20240918;103822;664.8;6;11195383341;S
20240918;103822;664.8;16;11195383342;S
20240918;103828;665.2;1;11195384398;S
20240918;103933;665;1;11195395332;S
20240918;103935;665.6;25;11195395756;B
20240918;103937;665.6;48;11195395997;B
20240918;103946;665.2;1;11195397273;S
20240918;103946;665.2;28;11195397274;S
20240918;103948;665.2;17;11195397501;S
20240918;103951;665.2;1;11195397920;S
20240918;104009;665.2;1;11195400721;S
20240918;104102;665.4;7;11195410638;S
20240918;104131;665.6;1;11195416717;B
20240918;104132;665.6;17;11195416989;B
20240918;104140;665.8;7;11195418497;B
20240918;104149;666;100;11195420232;B
20240918;104201;666.6;57;11195423957;B
20240918;104201;666.6;1;11195423958;B
20240918;104201;666.6;42;11195423959;B
20240918;104207;667;1;11195425395;B
20240918;104207;667;1;11195425396;B
20240918;104207;667;2;11195425397;B
20240918;104207;667.2;8;11195425398;B
20240918;104207;667.4;2;11195425399;B
20240918;104207;667.4;69;11195425400;B
20240918;104207;667.4;14;11195425401;B
20240918;104207;667.4;3;11195425402;B
20240918;104207;667.6;5;11195425404;B
20240918;104216;667.4;10;11195427227;B
20240918;104226;667.4;82;11195429641;B
20240918;104226;667.4;18;11195429642;B
20240918;104231;667.8;1;11195430645;B
20240918;104231;667.8;3;11195430683;B
20240918;104231;667.8;1;11195430684;B
20240918;104231;667.8;40;11195430685;B
20240918;104241;667.8;30;11195432735;S
20240918;104251;668;100;11195434507;B
20240918;104304;667.8;3;11195436917;S
20240918;104309;667.8;23;11195437883;S
20240918;104309;667;3;11195437884;S
20240918;104401;667.4;1;11195445346;B
20240918;104401;667.6;9;11195445347;B
20240918;104402;667.2;9;11195445543;S
20240918;104404;667.2;1;11195445846;S
20240918;104408;667.2;1;11195446326;S
20240918;104420;668;10;11195448043;B
20240918;104424;668;20;11195448486;B
20240918;104442;667.8;15;11195451295;B
20240918;104451;667;8;11195452984;S
20240918;104522;667.2;10;11195458568;S
20240918;104525;667.2;1;11195458962;S
20240918;104556;667.8;75;11195464099;B
20240918;104610;667.8;25;11195466078;B
20240918;104617;668;1;11195467318;B
20240918;104624;668;15;11195468767;B
20240918;104624;668;85;11195468768;B
20240918;104634;668;3;11195470206;B
20240918;104643;667.8;2;11195471689;S
20240918;104704;667.8;19;11195474705;S
20240918;104716;667.8;5;11195476484;S
20240918;104717;667.8;99;11195476517;S
20240918;104728;667.8;12;11195478036;S
20240918;104728;667.4;22;11195478037;S
20240918;104757;667.4;20;11195482134;S
20240918;104816;668;62;11195485548;B
20240918;104816;668;1;11195485549;B
20240918;104816;668;109;11195485550;B
20240918;104816;668;2;11195485551;B
20240918;104816;668;1;11195485552;B
20240918;104816;668;2;11195485553;B
20240918;104816;668;1;11195485554;B
20240918;104816;668;40;11195485555;B
20240918;104816;668;20;11195485556;B
20240918;104816;668.4;1;11195485557;B
20240918;104816;668.4;1;11195485558;B
20240918;104816;668.6;57;11195485559;B
20240918;104816;668.6;703;11195485560;B
20240918;104816;668.6;7;11195485561;B
20240918;104816;668.6;11;11195485569;B
20240918;104816;668.6;2;11195485570;B
20240918;104817;669;1;11195485686;B
20240918;104826;668;3;11195487244;S
20240918;104831;669;1;11195487976;B
20240918;104839;668.2;3;11195489256;S
20240918;104839;668;93;11195489257;S
20240918;104839;668;40;11195489258;S
20240918;104839;668;11;11195489259;S
20240918;104839;667.4;50;11195489260;S
20240918;104839;667.2;5;11195489261;S
20240918;104839;667.2;10;11195489262;S
20240918;104839;667.2;3;11195489263;S
20240918;104839;667;65;11195489264;S
20240918;104839;667;100;11195489265;S
20240918;104839;667;149;11195489266;S
20240918;104839;666.2;10;11195489267;S
20240918;104839;666;61;11195489268;S
20240918;104843;666.2;2;11195489984;S
20240918;104903;666.6;1;11195492840;B
20240918;104904;666.6;2;11195492856;B
20240918;104930;666.2;2;11195497246;B
20240918;104936;666.2;147;11195498158;B
20240918;104939;666.2;1;11195498560;B
20240918;105019;666;3;11195504376;S
20240918;105019;665.2;1;11195504377;S
20240918;105019;665.2;3;11195504378;S
20240918;105019;665.2;104;11195504379;S
20240918;105043;665.2;40;11195508491;S
20240918;105043;665.2;1;11195508492;S
20240918;105043;665;3;11195508493;S
20240918;105043;665;5;11195508494;S
20240918;105043;665;134;11195508495;S
20240918;105043;665;288;11195508496;S
20240918;105043;664.8;1;11195508497;S
20240918;105043;664.6;1;11195508498;S
20240918;105043;664.6;1;11195508499;S
20240918;105043;664.6;344;11195508500;S
20240918;105043;664.4;145;11195508501;S
20240918;105043;664.4;30;11195508502;S
20240918;105043;664.4;5;11195508503;S
20240918;105043;664.2;2;11195508504;S
20240918;105044;666;14;11195508705;B
20240918;105044;666;5;11195508706;B
20240918;105052;665.8;1;11195509717;B
20240918;105054;664.4;20;11195510065;S
20240918;105126;665.2;1;11195514634;B
20240918;105131;665.2;6;11195515298;B
20240918;105132;665.2;2;11195515389;B
20240918;105139;664.6;42;11195516208;S
20240918;105139;664.6;34;11195516209;S
20240918;105143;665.2;8;11195516748;B
20240918;105143;665.2;3;11195516749;B
20240918;105322;665;40;11195528440;S
20240918;105322;665;2;11195528441;S
20240918;105322;665;17;11195528442;S
20240918;105322;665;28;11195528443;S
20240918;105338;664.6;1;11195530198;S
20240918;105349;665;13;11195531591;B
20240918;105550;665.6;7;11195550094;B
20240918;105614;665;71;11195553536;S
20240918;105630;665;129;11195555801;S
20240918;105645;664.8;1;11195558042;S
20240918;105645;664.4;2;11195558043;S
20240918;105645;664.4;5;11195558044;S
20240918;105645;664.4;6;11195558045;S
20240918;105652;664.4;10;11195558932;S
20240918;105700;664.8;32;11195559919;B
20240918;105700;664.8;40;11195559920;B
20240918;105700;664.8;2;11195559921;B
20240918;105700;664.8;13;11195559922;B
20240918;105719;665;25;11195562516;B
20240918;105731;664.8;13;11195564213;S
20240918;105731;664.4;27;11195564214;S
20240918;105752;665;10;11195567227;B
20240918;105753;665;2;11195567594;B
20240918;105820;664.8;1;11195572391;B
20240918;105830;664.4;1;11195574087;S
20240918;105830;664.2;4;11195574088;S
20240918;105849;664.4;79;11195576459;S
20240918;105849;664.2;151;11195576460;S
20240918;105849;664.2;1;11195576461;S
20240918;105849;664.2;13;11195576462;S
20240918;105849;664;2756;11195576463;S
20240918;105849;664;193;11195576464;S
20240918;105849;664;51;11195576465;S
20240918;105849;664;1;11195576466;S
20240918;105849;664;3;11195576467;S
20240918;105849;663.8;1;11195576468;S
20240918;105849;663.4;50;11195576478;S
20240918;105853;664;3;11195577088;B
20240918;105948;664.6;1;11195584196;B
20240918;105955;664;2;11195584934;S
20240918;105955;664;26;11195584935;S
20240918;110000;664.2;10;11195585384;S
20240918;110000;664;5;11195585385;S
20240918;110000;664;1;11195585386;S
20240918;110000;664;16;11195585387;S
20240918;110000;664;50;11195585388;S
20240918;110000;663.8;40;11195585389;S
20240918;110000;663.6;2;11195585390;S
20240918;110000;663.6;102;11195585391;S
20240918;110000;664.6;4;11195585407;B
20240918;110000;664.6;71;11195585408;B
20240918;110007;664;8;11195586328;B
20240918;110113;664.6;2;11195593291;S
20240918;110113;664.2;56;11195593292;S
20240918;110131;664;21;11195595437;S
20240918;110156;664;5;11195598105;S
20240918;110214;664;66;11195600185;S
20240918;110214;664;71;11195600186;S
20240918;110214;663.8;23;11195600187;S
20240918;110228;663.8;27;11195602701;S
20240918;110232;663.6;150;11195603445;S
20240918;110243;663.4;15;11195604758;S
20240918;110249;663.4;1;11195605621;S
20240918;110259;663.8;30;11195607206;B
20240918;110330;663.8;1;11195611953;B
20240918;110330;663.8;2;11195611954;B
20240918;110347;663.8;1;11195615416;B
20240918;110349;663.4;50;11195615724;S
20240918;110351;663.4;2;11195615999;S
20240918;110401;663.4;132;11195617716;S
20240918;110401;663.4;5;11195617717;S
20240918;110401;663.4;60;11195617718;S
20240918;110403;663.4;2;11195618217;S
20240918;110406;663.4;2;11195618574;S
20240918;110411;663.4;6;11195619325;S
20240918;110415;663.4;21;11195620027;S
20240918;110423;663.4;51;11195621465;S
20240918;110441;663.4;4;11195624223;S
20240918;110443;663.6;40;11195624534;B
20240918;110443;663.6;31;11195624535;B
20240918;110443;664;20;11195624536;B
20240918;110443;664.6;87;11195624537;B
20240918;110513;663.4;30;11195629232;S
20240918;110527;663.6;1;11195631616;S
20240918;110527;663.6;14;11195631617;S
20240918;110527;663.4;10;11195631618;S
20240918;110535;663.6;12;11195632644;B
20240918;110539;663.4;814;11195633497;S
20240918;110539;663.2;186;11195633498;S
20240918;110539;663.2;33;11195633529;S
20240918;110548;663.2;141;11195634675;S
20240918;110548;663;150;11195634676;S
20240918;110548;663;12;11195634677;S
20240918;110548;663;3;11195634678;S
20240918;110548;663;20;11195634679;S
20240918;110548;663;12;11195634680;S
20240918;110548;663;60;11195634681;S
20240918;110548;663;150;11195634682;S
20240918;110548;663;8;11195634683;S
20240918;110548;663;50;11195634684;S
20240918;110548;663;37;11195634685;S
20240918;110548;663;100;11195634686;S
20240918;110548;663;10;11195634687;S
20240918;110548;663;5;11195634688;S
20240918;110548;662.6;1;11195634689;S
20240918;110548;662.4;1;11195634690;S
20240918;110548;662.4;1;11195634691;S
20240918;110548;662;2;11195634692;S
20240918;110548;662;5;11195634693;S
20240918;110548;662;1;11195634694;S
20240918;110548;662;5;11195634695;S
20240918;110548;661.8;49;11195634696;S
20240918;110548;661.6;152;11195634697;S
20240918;110548;661.4;25;11195634698;S
20240918;110548;661.4;15;11195634703;S
20240918;110548;661.4;1;11195634704;S
20240918;110548;663;1;11195634803;S
20240918;110549;663;8;11195634949;S
20240918;110554;663;14;11195635658;S
20240918;110559;663;1;11195636347;S
20240918;110613;663;2;11195638403;S
20240918;110626;663;7;11195640195;S
20240918;110630;663;3;11195640778;S
20240918;110630;663;2;11195640779;S
20240918;110639;662.8;26;11195641942;S
20240918;110639;662.4;24;11195641943;S
20240918;110641;661.4;10;11195642411;S
20240918;110641;661.2;1;11195642442;S
20240918;110641;661.2;12;11195642443;S
20240918;110641;661.2;3;11195642444;S
20240918;110641;661.2;10;11195642445;S
20240918;110641;661;796;11195642446;S
20240918;110641;661;178;11195642447;S
20240918;110641;661;20;11195642520;S
20240918;110645;661;2;11195642967;S
20240918;110709;661.4;40;11195646371;B
20240918;110709;661.4;16;11195646372;B
20240918;110736;661;7;11195650859;S
20240918;110736;661;5;11195650860;S
20240918;110736;661;288;11195650861;S
20240918;110743;661.2;1;11195652080;S
20240918;110753;661.2;3;11195653978;S
20240918;110755;661.4;4;11195654314;B
20240918;110755;661.4;37;11195654315;B
20240918;110755;661.2;50;11195654337;S
20240918;110759;661;100;11195654983;S
20240918;110801;661;100;11195655358;S
20240918;110801;661;1;11195655359;S
20240918;110801;661;11;11195655360;S
20240918;110801;661;1;11195655361;S
20240918;110801;661;3;11195655362;S
20240918;110801;661;2;11195655363;S
20240918;110801;661;20;11195655364;S
20240918;110801;661;4;11195655366;S
20240918;110817;660.8;39;11195657879;S
20240918;110817;660.8;11;11195657880;S
20240918;110823;660.8;14;11195658659;S
20240918;110823;660.8;1;11195658660;S
20240918;110823;660.8;1;11195658661;S
20240918;110824;660.6;1;11195658861;S
20240918;110824;660.6;5;11195658862;S
20240918;110824;660.4;1;11195658863;S
20240918;110824;660.2;3;11195658864;S
20240918;110824;660.2;5;11195658865;S
20240918;110824;660.2;2;11195658866;S
20240918;110824;660.2;231;11195658867;S
20240918;110824;660.2;5;11195658868;S
20240918;110824;660;25;11195658869;S
20240918;110824;660;8;11195658870;S
20240918;110824;660;14;11195658871;S
20240918;110830;660.2;100;11195659800;S
20240918;110844;660.6;2;11195661767;B
20240918;110847;660.4;50;11195662236;B
20240918;110854;660.8;47;11195663313;B
20240918;110854;660.8;31;11195663314;B
20240918;110854;661;50;11195663315;B
20240918;110854;661.2;40;11195663316;B
20240918;110902;661.4;132;11195664495;S
20240918;110902;661.2;40;11195664496;S
20240918;110902;661;27;11195664497;S
20240918;110902;660.2;62;11195664498;S
20240918;110902;660.2;50;11195664499;S
20240918;110902;660;4;11195664500;S
20240918;110902;660;10;11195664501;S
20240918;110902;660;5;11195664502;S
20240918;110902;660;150;11195664503;S
20240918;110902;660;1;11195664504;S
20240918;110902;660;1;11195664505;S
20240918;110902;660;1;11195664506;S
20240918;110902;660;5;11195664507;S
20240918;110902;660;4;11195664508;S
20240918;110902;660;5;11195664509;S
20240918;110902;659.2;18;11195664510;S
20240918;110902;659.2;10;11195664511;S
20240918;110902;659;5;11195664512;S
20240918;110902;659;20;11195664513;S
20240918;110902;659;1;11195664514;S
20240918;110902;659;1;11195664515;S
20240918;110902;659;7;11195664516;S
20240918;110902;659;5;11195664517;S
20240918;110902;658.8;25;11195664518;S
20240918;110902;658.6;1;11195664519;S
20240918;110902;658.6;3;11195664520;S
20240918;110902;658.4;4;11195664521;S
20240918;110902;658.2;1;11195664522;S
20240918;110902;658.2;1;11195664523;S
20240918;110902;658.2;22;11195664524;S
20240918;110902;658;5;11195664525;S
20240918;110902;658;152;11195664526;S
20240918;110902;657.8;15;11195664527;S
20240918;110902;657.8;66;11195664528;S
20240918;110902;657.8;24;11195664529;S
20240918;110902;657.6;2;11195664530;S
20240918;110902;657;5;11195664531;S
20240918;110902;657;2;11195664532;S
20240918;110902;657;1;11195664533;S
20240918;110902;657;8;11195664534;S
20240918;110902;656.8;1;11195664535;S
20240918;110902;656.6;100;11195664536;S
20240918;110902;656.4;10;11195664537;S
20240918;110902;656.4;132;11195664538;S
20240918;110902;656.2;15;11195664539;S
20240918;110902;656.2;75;11195664540;S
20240918;110902;659.2;1;11195664549;S
20240918;110902;661.8;75;11195664569;B
20240918;110902;659.4;39;11195664570;S
20240918;110902;659.2;61;11195664571;S
20240918;110902;659.8;1;11195664573;S
20240918;110902;659.2;49;11195664574;S
20240918;110902;659.2;4;11195664577;S
20240918;110903;661;1;11195664590;B
20240918;110903;661;1;11195664600;B
20240918;110903;659.2;5;11195664635;S
20240918;110903;659.2;80;11195664638;S
20240918;110905;660.6;7;11195664904;B
20240918;110921;659.8;17;11195666873;S
20240918;110921;659.8;83;11195666874;S
20240918;110923;659.8;17;11195667154;S
20240918;110931;658.8;43;11195668043;B
20240918;110931;659;29;11195668044;B
20240918;110942;659;80;11195669829;S
20240918;110943;659.2;1;11195670015;B
20240918;110956;659.2;1;11195673183;B
20240918;111003;659.2;30;11195673897;B
20240918;111005;658.8;20;11195674372;S
20240918;111005;658.6;34;11195674373;S
20240918;111012;658.6;2;11195675544;B
20240918;111016;658.6;3;11195676162;B
20240918;111016;658.6;17;11195676163;B
20240918;111036;659.2;5;11195678585;B
20240918;111036;659.2;19;11195678586;B
20240918;111038;659;5;11195678910;S
20240918;111041;659.2;23;11195679151;B
20240918;111049;659;45;11195680046;S
20240918;111050;658.6;20;11195680192;S
20240918;111050;658.6;30;11195680193;S
20240918;111141;658.6;15;11195686526;S
20240918;111141;658.8;6;11195686583;B
20240918;111156;658.4;6;11195688471;S
20240918;111157;658.4;1;11195688513;S
20240918;111208;658.8;1;11195689798;B
20240918;111219;658.4;192;11195691250;S
20240918;111219;658.4;18;11195691251;S
20240918;111219;658.2;1;11195691252;S
20240918;111219;658.2;40;11195691253;S
20240918;111219;658.2;5;11195691254;S
20240918;111219;658;3;11195691255;S
20240918;111219;658;15;11195691256;S
20240918;111219;658;26;11195691257;S
20240918;111245;658.8;27;11195694256;B
20240918;111323;658.8;1;11195698888;B
20240918;111326;658;12;11195699186;S
20240918;111326;658;5;11195699187;S
20240918;111326;658;6;11195699188;S
20240918;111356;658;3;11195702552;S
20240918;111359;658.8;1;11195702835;B
20240918;111500;658;10;11195712194;S
20240918;111500;658;5;11195712306;B
20240918;111500;658;40;11195712307;B
20240918;111500;658.2;19;11195712308;B
20240918;111500;659;236;11195712309;B
20240918;111502;659;8;11195712559;B
20240918;111518;659;23;11195714845;B
20240918;111518;659;40;11195714846;B
20240918;111518;659;21;11195714847;B
20240918;111518;659.4;47;11195714852;B
20240918;111518;659.6;3;11195714853;B
20240918;111550;659.2;22;11195719029;B
20240918;111550;659.2;3;11195719030;B
20240918;111554;659.4;3;11195719650;B
20240918;111600;659.4;40;11195720530;B
20240918;111600;659.4;24;11195720531;B
20240918;111601;659.4;36;11195720769;S
20240918;111603;659.4;24;11195720901;B
20240918;111604;659;3;11195721056;S
20240918;111612;659.4;11;11195722177;B
20240918;111613;659.6;1;11195722186;B
20240918;111613;659.6;1;11195722217;B
20240918;111642;659.4;40;11195725610;B
20240918;111642;659.4;16;11195725611;B
20240918;111642;659.6;52;11195725612;B
20240918;111642;659.6;234;11195725613;B
20240918;111650;659.8;1;11195726486;B
20240918;111653;659.6;10;11195728675;S
20240918;111655;659.6;1;11195731469;S
20240918;111705;659.8;97;11195741815;B
20240918;111716;659.8;3;11195752610;B
20240918;111734;659.6;47;11195771838;S
20240918;111734;659.6;1;11195771839;S
20240918;111745;659;13;11195784801;S
20240918;111745;659;1;11195784802;S
20240918;111745;658.8;1;11195784803;S
20240918;111745;658.8;8;11195784804;S
20240918;111813;658.8;20;11195814882;S
20240918;111833;658.8;133;11195834478;S
20240918;111836;658.8;1;11195837487;S
20240918;111838;658.8;113;11195839550;S
20240918;111839;658.8;4;11195840063;S
20240918;111847;659;1;11195847875;B
20240918;111847;659;23;11195847876;B
20240918;111850;658.8;6;11195850543;S
20240918;111852;658.8;6;11195852427;S
20240918;111901;659;24;11195860041;S
20240918;111928;659;76;11195889048;S
20240918;111928;658.8;17;11195889049;S
20240918;111928;658.6;17;11195889050;S
20240918;111946;657.8;12;11195908261;S
20240918;111946;657.6;152;11195908262;S
20240918;111946;657.6;50;11195908263;S
20240918;111946;657.6;48;11195908264;S
20240918;111946;657.6;58;11195908265;S
20240918;111951;658;18;11195913468;S
20240918;112009;658.4;2;11195934016;B
20240918;112011;658;1;11195935434;S
20240918;112034;658;5;11195960118;S
20240918;112051;658;1;11195979072;S
20240918;112052;658;2;11195980097;S
20240918;112054;658.4;1;11195983386;B
20240918;112143;658.4;3;11196031518;B
20240918;112152;658.2;64;11196039045;S
20240918;112152;658.4;1;11196039481;B
20240918;112202;658.2;12;11196048238;S
20240918;112202;658;14;11196048239;S
20240918;112205;658.4;1;11196051405;B
20240918;112242;658;86;11196091913;S
20240918;112317;658.2;18;11196129666;S
20240918;112317;658;1;11196129667;S
20240918;112317;658;12;11196129668;S
20240918;112317;658;1;11196129669;S
20240918;112317;657.6;1;11196129670;S
20240918;112317;657.6;27;11196129671;S
20240918;112317;657.4;5;11196129672;S
20240918;112317;657.4;135;11196129673;S
20240918;112318;657.4;15;11196130362;S
20240918;112318;657.2;2;11196130363;S
20240918;112318;657.2;13;11196130364;S
20240918;112335;658;20;11196149624;B
20240918;112335;658;10;11196149625;B
20240918;112336;658.2;6;11196150835;B
20240918;112337;658.2;33;11196151868;B
20240918;112337;658.2;7;11196151869;B
20240918;112341;658.2;33;11196156171;B
20240918;112341;658.2;7;11196156172;B
20240918;112402;657.4;14;11196180293;S
20240918;112402;657.4;2;11196180294;S
20240918;112402;657.2;9;11196180295;S
20240918;112508;657.2;2;11196243358;S
20240918;112508;657.2;2;11196243359;S
20240918;112509;657.2;4;11196244161;S
20240918;112512;657.2;4;11196246714;S
20240918;112525;658;1;11196261090;B
20240918;112539;657;1;11196275635;S
20240918;112548;657;2;11196285686;S
20240918;112549;657;2;11196286107;S
20240918;112637;657;1;11196338102;S
20240918;112659;657;2;11196363427;S
20240918;112745;657.8;2;11196405758;B
20240918;112745;658;2;11196405759;B
20240918;112756;658;1;11196415990;S
20240918;112801;658;3;11196421376;S
20240918;112826;658;1;11196446747;S
20240918;112847;658;1;11196470207;S
20240918;112855;658.2;10;11196479166;B
20240918;112855;658.2;10;11196479167;B
20240918;112904;658.4;1;11196489854;B
20240918;112911;658.4;3;11196497608;B
20240918;112918;658.4;7;11196504708;B
20240918;112921;658.4;11;11196508400;B
20240918;112921;658.8;1;11196508401;B
20240918;112921;658.8;40;11196508402;B
20240918;112921;658.8;11;11196508403;B
20240918;112921;659;1;11196508404;B
20240918;112921;659.2;1;11196508405;B
20240918;112921;659.2;1;11196508406;B
20240918;112921;659.4;5;11196508407;B
20240918;112921;659.4;2;11196508408;B
20240918;112921;659.4;114;11196508409;B
20240918;112921;659.4;50;11196508410;B
20240918;112921;659.4;400;11196508411;B
20240918;112921;659.6;952;11196508412;B
20240918;112921;659.8;399;11196508413;B
20240918;112921;660.6;71;11196508414;B
20240918;112921;660.8;66;11196508415;B
20240918;112921;661;10;11196508416;B
20240918;112921;661;2;11196508417;B
20240918;112921;661;152;11196508418;B
20240918;112921;661;24;11196508419;B
20240918;112921;661;1;11196508420;B
20240918;112921;661.8;3;11196508421;B
20240918;112921;662;8;11196508422;B
20240918;112921;662;1;11196508423;B
20240918;112921;662.8;1;11196508424;B
20240918;112921;663.4;5;11196508425;B
20240918;112921;663.6;1;11196508426;B
20240918;112921;663.8;1;11196508427;B
20240918;112921;663.8;1;11196508428;B
20240918;112921;663.8;1;11196508429;B
20240918;112921;664;651;11196508430;B
20240918;112921;664.2;5;11196508431;B
20240918;112921;664.2;8;11196508432;B
20240918;112922;661.2;12;11196508991;B
20240918;112922;661.2;38;11196508992;B
20240918;112935;660.6;5;11196523425;S
20240918;112935;660.8;3;11196523916;S
20240918;112937;660.6;4;11196525715;B
20240918;113002;660.4;1;11196551772;S
20240918;113003;660.2;11;11196554043;S
20240918;113007;660.6;3;11196557362;S
20240918;113018;660.6;1;11196566550;S
20240918;113027;660.6;164;11196574769;B
20240918;113027;660.6;40;11196574770;B
20240918;113032;661.2;1;11196579998;B
20240918;113038;661;38;11196584801;S
20240918;113046;661.2;1;11196592084;S
20240918;113058;661;25;11196605276;S
20240918;113058;661;40;11196605277;S
20240918;113058;661;1;11196605278;S
20240918;113058;660.8;34;11196605279;S
20240918;113145;661.6;62;11196654293;S
20240918;113145;661.4;27;11196654294;S
20240918;113145;661.2;19;11196654295;S
20240918;113149;660.6;11;11196657784;S
20240918;113235;661.4;10;11196690876;B
20240918;113428;661.8;1;11196704149;B
20240918;113440;661.6;4;11196705133;B
20240918;113447;661.6;21;11196705673;B
20240918;113447;661.8;40;11196705674;B
20240918;113447;661.8;36;11196705675;B
20240918;113450;662;3;11196706005;S
20240918;113458;662;2;11196707226;B
20240918;113515;661.8;25;11196708737;S
20240918;113535;661.8;136;11196710391;S
20240918;113552;661.8;18;11196712227;S
20240918;113552;661.8;2;11196712296;S
20240918;113555;661.8;6;11196712628;S
20240918;113558;661.8;15;11196713206;S
20240918;113610;661.8;6;11196714822;S
20240918;113621;661.8;3;11196715909;S
20240918;113712;661.8;6;11196720196;S
20240918;113800;661.8;6;11196724815;S
20240918;113812;662;9;11196725957;B
20240918;113818;661.8;3;11196726338;S
20240918;113818;661.8;90;11196726370;S
20240918;113818;661.8;40;11196726371;S
20240918;114011;661.2;5;11196739301;S
20240918;114047;661;13;11196742461;S
20240918;114047;661;50;11196742519;S
20240918;114052;661;18;11196742997;S
20240918;114056;660.4;1;11196743483;S
20240918;114139;661;6;11196747961;B
20240918;114202;661;72;11196751162;B
20240918;114255;660.8;2;11196756861;S
20240918;114317;660.8;12;11196759171;S
20240918;114345;661;1;11196762023;B
20240918;114505;661;1;11196771842;B
20240918;114543;660.8;25;11196775551;S
20240918;114543;660.4;40;11196775552;S
20240918;114543;660.4;29;11196775553;S
20240918;114543;660.2;69;11196775554;S
20240918;114832;660.2;2;11196790226;S
20240918;114832;660.2;25;11196790227;S
20240918;114832;660.2;73;11196790228;S
20240918;114843;660.2;50;11196791439;S
20240918;114843;660.2;24;11196791440;S
20240918;114843;660.2;146;11196791441;S
20240918;114847;660.2;38;11196791938;S
20240918;114855;660.2;38;11196792814;S
20240918;114929;661;2;11196795788;B
20240918;114956;660.8;2;11196798148;B
20240918;114957;660.8;38;11196798241;B
20240918;115009;660.8;1;11196799295;B
20240918;115109;660;1;11196807024;S
20240918;115109;660;14;11196807025;S
20240918;115111;660;3;11196807165;S
20240918;115119;660;16;11196807690;S
20240918;115119;660;48;11196807691;S
20240918;115119;660;25;11196807692;S
20240918;115119;660;2;11196807693;S
20240918;115157;659.6;88;11196811587;S
20240918;115157;659.6;1;11196811588;S
20240918;115157;659.8;15;11196811589;B
20240918;115209;659;1;11196812838;S
20240918;115214;659;4;11196813352;S
20240918;115235;659;92;11196815916;S
20240918;115249;659;15;11196818737;S
20240918;115314;659.6;10;11196821638;B
20240918;115319;659;2;11196822259;S
20240918;115320;659;50;11196822267;S
20240918;115359;659;236;11196825614;S
20240918;115359;659;1;11196825615;S
20240918;115359;659;2;11196825616;S
20240918;115359;659;4;11196825617;S
20240918;115359;659;1;11196825618;S
20240918;115359;658.8;1;11196825619;S
20240918;115359;658.8;3;11196825620;S
20240918;115359;658.4;28;11196825621;S
20240918;115359;658.2;41;11196825622;S
20240918;115359;658;20;11196825623;S
20240918;115359;658;1;11196825624;S
20240918;115400;658;212;11196825639;B
20240918;115400;658;29;11196825640;B
20240918;115400;658.2;40;11196825641;B
20240918;115429;658.4;10;11196830446;S
20240918;115431;658.4;142;11196830643;S
20240918;115431;658.2;116;11196830644;S
20240918;115548;658.2;2;11196839615;S
20240918;115548;658.8;2;11196839656;B
20240918;115617;658.8;1;11196842270;B
20240918;115827;658.8;1;11196852453;B
20240918;115827;658.8;11;11196852454;B
20240918;115844;659.2;6;11196855346;B
20240918;115851;658.8;1;11196855922;S
20240918;115852;658.8;5;11196856052;S
20240918;120032;658.8;1;11196864223;S
20240918;120105;659.2;15;11196867518;B
20240918;120105;659.4;10;11196867519;B
20240918;120116;659.6;25;11196868428;B
20240918;120127;659.6;25;11196869239;B
20240918;120139;659.6;25;11196870555;B
20240918;120149;659.6;2;11196873124;B
20240918;120149;659.8;35;11196873125;B
20240918;120150;659.8;18;11196873171;B
20240918;120150;659.8;7;11196873172;B
20240918;120151;659.8;3;11196873267;B
20240918;120151;659.8;50;11196873291;B
20240918;120151;660;150;11196873292;B
20240918;120152;660;100;11196873321;B
20240918;120152;660;50;11196873324;B
20240918;120152;660;9;11196873367;B
20240918;120152;660.2;20;11196873380;B
20240918;120152;660.2;20;11196873390;B
20240918;120153;660.2;35;11196873405;B
20240918;120153;661;1;11196873406;B
20240918;120153;661.2;49;11196873407;B
20240918;120155;660.8;90;11196873549;B
20240918;120155;660.8;10;11196873550;B
20240918;120157;661;8;11196873680;B
20240918;120157;661;40;11196873681;B
20240918;120157;661.4;52;11196873682;B
20240918;120159;661.2;100;11196873931;B
20240918;120200;661.4;90;11196873996;B
20240918;120201;661.4;85;11196874198;B
20240918;120201;661.4;15;11196874199;B
20240918;120201;661.6;25;11196874233;B
20240918;120202;661.6;72;11196874251;B
20240918;120202;661.6;8;11196874252;B
20240918;120202;661.6;10;11196874253;B
20240918;120202;661.6;30;11196874262;B
20240918;120202;661.8;70;11196874263;B
20240918;120202;661.8;90;11196874313;B
20240918;120203;661.8;20;11196874318;B
20240918;120203;661.8;80;11196874319;B
20240918;120203;661.8;10;11196874354;B
20240918;120203;661.8;30;11196874385;B
20240918;120203;661.8;18;11196874386;B
20240918;120203;662;52;11196874387;B
20240918;120203;662;200;11196874390;B
20240918;120204;662;39;11196874417;B
20240918;120204;662;1;11196874418;B
20240918;120204;662;33;11196874421;B
20240918;120204;662;7;11196874422;B
20240918;120204;662;4;11196874436;B
20240918;120204;662;1;11196874437;B
20240918;120204;662;40;11196874438;B
20240918;120213;661.8;25;11196875183;B
20240918;120216;661.6;2;11196875405;B
20240918;120217;662;50;11196875522;B
20240918;120219;661.8;40;11196875664;B
20240918;120219;662;10;11196875665;B
20240918;120222;662.2;40;11196876009;B
20240918;120224;662;25;11196876185;B
20240918;120225;662;36;11196876221;B
20240918;120225;662;40;11196876222;B
20240918;120226;662.6;30;11196876263;B
20240918;120226;662.6;40;11196876264;B
20240918;120226;663;1;11196876265;B
20240918;120226;663;1;11196876266;B
20240918;120226;663;28;11196876267;B
20240918;120226;662.8;50;11196876292;B
20240918;120235;663.4;25;11196877011;B
20240918;120237;663.2;301;11196877090;B
20240918;120237;663.2;6;11196877091;B
20240918;120237;663.4;50;11196877092;B
20240918;120237;663.4;248;11196877093;B
20240918;120237;663.6;1;11196877094;B
20240918;120237;663.6;1;11196877095;B
20240918;120237;663.6;33;11196877096;B
20240918;120247;664.4;1;11196877860;B
20240918;120247;664.4;24;11196877861;B
20240918;120247;664.4;144;11196877918;B
20240918;120247;664.4;81;11196877919;B
20240918;120258;664.2;25;11196878783;B
20240918;120301;664.2;1;11196879034;S
20240918;120304;664;1;11196879220;S
20240918;120305;664.4;96;11196879252;B
20240918;120305;664.4;6;11196879253;B
20240918;120305;664.4;17;11196879254;B
20240918;120305;664.6;41;11196879255;B
20240918;120306;664.8;10;11196879297;B
20240918;120307;664.4;1;11196879343;S
20240918;120307;664.6;24;11196879365;B
20240918;120307;664.8;62;11196879366;B
20240918;120307;665;5;11196879367;B
20240918;120307;665;5;11196879368;B
20240918;120307;665;25;11196879369;B
20240918;120307;665;5;11196879370;B
20240918;120307;665;30;11196879371;B
20240918;120308;665;3;11196879389;S
20240918;120308;665.4;1;11196879394;B
20240918;120308;665.4;9;11196879395;B
20240918;120308;665.4;5;11196879397;B
20240918;120308;665.4;1;11196879398;B
20240918;120308;665.4;3;11196879399;B
20240918;120308;665.4;10;11196879442;B
20240918;120308;665.4;10;11196879454;B
20240918;120308;665.4;10;11196879467;B
20240918;120308;665.4;10;11196879473;B
20240918;120309;665.4;10;11196879478;B
20240918;120310;665.6;14;11196879555;B
20240918;120310;665.8;11;11196879556;B
20240918;120313;665.2;1;11196879833;S
20240918;120317;665.2;1;11196880085;S
20240918;120319;665.6;1;11196880222;B
20240918;120320;665.6;10;11196880307;B
20240918;120321;665.4;2;11196880390;S
20240918;120321;665.6;25;11196880391;B
20240918;120323;665.6;31;11196880495;B
20240918;120323;665.6;8;11196880496;B
20240918;120323;665.8;3;11196880497;B
20240918;120323;665.8;90;11196880498;B
20240918;120324;666;4;11196880595;B
20240918;120324;666;5;11196880596;B
20240918;120324;666;1;11196880597;B
20240918;120324;666;10;11196880609;B
20240918;120326;666;10;11196880707;B
20240918;120328;666;19;11196880840;B
20240918;120328;666;1;11196880841;B
20240918;120328;666;14;11196880842;B
20240918;120328;666;4;11196880843;B
20240918;120328;666.2;2;11196880844;B
20240918;120328;666.2;14;11196880845;B
20240918;120328;666.4;14;11196880846;B
20240918;120328;666.6;3;11196880847;B
20240918;120328;666.6;129;11196880848;B
20240918;120330;666.6;173;11196880971;B
20240918;120330;666.6;1;11196880972;B
20240918;120330;666.6;14;11196880973;B
20240918;120330;666.8;1;11196880982;B
20240918;120330;666.6;1;11196880985;S
20240918;120331;666.8;13;11196881068;B
20240918;120332;667;5;11196881164;B
20240918;120332;667;7;11196881165;B
20240918;120332;667;1;11196881166;B
20240918;120332;667;12;11196881167;B
20240918;120333;666.8;2;11196881175;S
20240918;120344;667;2;11196881986;B
20240918;120344;667;1;11196881987;B
20240918;120344;667.2;15;11196881988;B
20240918;120344;667.4;1;11196881989;B
20240918;120344;667.8;6;11196881990;B
20240918;120355;667.4;2;11196882894;B
20240918;120355;667.4;23;11196882895;B
20240918;120400;666.6;20;11196883399;S
20240918;120400;666.4;50;11196883400;S
20240918;120400;666.4;10;11196883401;S
20240918;120400;666.4;7;11196883402;S
20240918;120400;666;10;11196883403;S
20240918;120400;666;5;11196883404;S
20240918;120400;666;10;11196883405;S
20240918;120400;665.8;14;11196883406;S
20240918;120400;665.8;50;11196883407;S
20240918;120400;665.6;10;11196883408;S
20240918;120400;665.6;10;11196883409;S
20240918;120400;665.4;2;11196883410;S
20240918;120400;665.4;40;11196883411;S
20240918;120400;665.4;50;11196883412;S
20240918;120400;665.2;2;11196883413;S
20240918;120400;665.2;10;11196883414;S
20240918;120400;665.2;152;11196883415;S
20240918;120400;665;2;11196883416;S
20240918;120400;665;75;11196883417;S
20240918;120400;665;268;11196883418;S
20240918;120400;664.8;2;11196883419;S
20240918;120400;664.8;2;11196883420;S
20240918;120401;667.2;20;11196883436;B
20240918;120406;666;14;11196883875;B
20240918;120406;666.2;11;11196883876;B
20240918;120413;665;25;11196884304;S
20240918;120413;665;10;11196884305;S
20240918;120413;665;20;11196884306;S
20240918;120414;664.8;94;11196884398;S
20240918;120414;664.8;6;11196884399;S
20240918;120415;664.8;6;11196884512;S
20240918;120418;665;25;11196884687;B
20240918;120419;665;61;11196884737;B
20240918;120419;665;250;11196884746;B
20240918;120419;665;20;11196884783;B
20240918;120420;665;10;11196884802;B
20240918;120420;665;44;11196884858;B
20240918;120420;665.6;5;11196884859;B
20240918;120420;665.8;10;11196884860;B
20240918;120420;666.4;17;11196884861;S
20240918;120420;666.4;15;11196884865;S
20240918;120420;666.4;9;11196884882;S
20240918;120429;666.2;10;11196885352;B
20240918;120429;666.2;15;11196885353;B
20240918;120433;666.6;10;11196885615;B
20240918;120433;666.6;40;11196885616;B
20240918;120441;666.2;25;11196886159;B
20240918;120447;665;2;11196886530;S
20240918;120452;666;20;11196886797;B
20240918;120452;666;5;11196886798;B
20240918;120458;666.2;2;11196887475;B
20240918;120503;666.2;8;11196887950;B
20240918;120503;666.2;10;11196887951;B
20240918;120503;666.4;7;11196887952;B
20240918;120511;666.2;13;11196888592;B
20240918;120511;666.4;76;11196888593;B
20240918;120511;666.6;10;11196888594;B
20240918;120511;666.6;1;11196888595;B
20240918;120512;666.6;49;11196888614;B
20240918;120512;666.8;51;11196888615;B
20240918;120515;666.8;25;11196888821;B
20240918;120516;666.8;20;11196888927;B
20240918;120516;667.2;2;11196888928;B
20240918;120516;667.2;50;11196888929;B
20240918;120516;667.6;1;11196888930;B
20240918;120516;667.6;27;11196888931;B
20240918;120516;666.4;6;11196888937;S
20240918;120516;666.4;3;11196888938;S
20240918;120526;667.4;25;11196889772;B
20240918;120533;666.8;16;11196890382;B
20240918;120536;667.6;10;11196890711;B
20240918;120537;667.6;10;11196890756;B
20240918;120537;667.6;3;11196890786;B
20240918;120537;667.6;7;11196890787;B
20240918;120537;667.6;18;11196890810;B
20240918;120537;668;1;11196890835;B
20240918;120537;668;24;11196890836;B
20240918;120538;668;10;11196890851;B
20240918;120538;668;66;11196890857;B
20240918;120538;668;5;11196890858;B
20240918;120538;668.8;2;11196890859;B
20240918;120538;668.8;1;11196890860;B
20240918;120538;668.8;20;11196890861;B
20240918;120538;668.8;6;11196890862;B
20240918;120538;667.8;1;11196890863;S
20240918;120538;668.8;54;11196890883;B
20240918;120538;668.2;9;11196890925;S
20240918;120538;668.8;50;11196890929;B
20240918;120543;668.2;1;11196891346;S
20240918;120549;668.4;10;11196891803;B
20240918;120549;668.6;15;11196891804;B
20240918;120553;668.4;1;11196892102;S
20240918;120553;668.2;1;11196892103;S
20240918;120553;668.6;1;11196892122;B
20240918;120555;668.4;10;11196892216;B
20240918;120556;668.4;10;11196892251;B
20240918;120558;668.2;100;11196892348;S
20240918;120600;668.4;10;11196892495;B
20240918;120600;668.4;10;11196892496;B
20240918;120600;668.6;4;11196892497;B
20240918;120600;668.6;1;11196892498;B
20240918;120601;668.4;10;11196892634;S
20240918;120602;668.6;2;11196892655;B
20240918;120604;668.4;190;11196892835;S
20240918;120604;668.2;408;11196892836;S
20240918;120604;668.2;11;11196892838;S
20240918;120605;668.2;9;11196892903;S
20240918;120611;668.4;25;11196893282;B
20240918;120617;668.4;13;11196893640;B
20240918;120622;668.4;2;11196893930;S
20240918;120623;668.6;25;11196893967;B
20240918;120629;668.4;55;11196894434;S
20240918;120634;668.6;17;11196894733;B
20240918;120634;668.6;8;11196894734;B
20240918;120646;668.6;25;11196895477;B
20240918;120652;668.6;10;11196895940;B
20240918;120653;668.6;7;11196895982;B
20240918;120653;668.6;3;11196895983;B
20240918;120657;668.6;25;11196896439;B
20240918;120708;668.6;1;11196897374;B
20240918;120708;668.6;24;11196897383;B
20240918;120708;668.6;1;11196897384;B
20240918;120711;668.4;2;11196897483;S
20240918;120717;668.4;1;11196898061;S
20240918;120720;668.6;4;11196898208;B
20240918;120720;668.8;1;11196898209;B
20240918;120720;668.8;20;11196898210;B
20240918;120722;668.4;12;11196898344;S
20240918;120731;668.4;2;11196899232;S
20240918;120731;668.8;21;11196899241;B
20240918;120731;668.8;4;11196899242;B
20240918;120742;668.6;25;11196900058;B
20240918;120754;668.6;25;11196901006;B
20240918;120757;668.4;100;11196901410;S
20240918;120757;668.4;5;11196901459;S
20240918;120802;668.4;8;11196901942;S
20240918;120803;668.4;1;11196902053;S
20240918;120805;668.6;5;11196902175;B
20240918;120805;668.6;20;11196902176;B
20240918;120805;668.4;1;11196902177;S
20240918;120807;668.4;1;11196902391;S
20240918;120808;668.4;2;11196902454;S
20240918;120817;668.6;25;11196903101;B
20240918;120826;668.6;20;11196903715;B
20240918;120826;668.6;42;11196903716;B
20240918;120828;668.6;8;11196903837;B
20240918;120828;668.6;1;11196903838;B
20240918;120828;668.8;16;11196903839;B
20240918;120830;668.4;5;11196903948;S
20240918;120830;668.4;5;11196903949;S
20240918;120839;668.6;20;11196904806;B
20240918;120839;668.6;1;11196904807;B
20240918;120839;668.8;1;11196904808;B
20240918;120839;668.8;3;11196904809;B
20240918;120851;668.2;20;11196905621;B
20240918;120851;668.2;5;11196905622;B
20240918;120902;668.2;25;11196906690;B
20240918;120911;667.8;16;11196907449;S
20240918;120911;667.6;7;11196907450;S
20240918;120913;668.2;1;11196907594;B
20240918;120913;668.4;24;11196907595;B
20240918;120915;667.6;1;11196907760;S
20240918;120925;668.4;1;11196908983;B
20240918;120925;668.6;24;11196908984;B
20240918;120930;668.6;50;11196909355;B
20240918;120936;668.4;1;11196909757;B
20240918;120936;668.6;24;11196909758;B
20240918;120947;668.6;25;11196910603;B
20240918;120950;668.2;35;11196910774;S
20240918;120950;668.2;50;11196910775;S
20240918;120950;668;27;11196910776;S
20240918;120950;667.6;15;11196910777;S
20240918;120950;667.4;10;11196910778;S
20240918;120950;667.4;12;11196910779;S
20240918;120950;667.2;2;11196910780;S
20240918;120959;668;16;11196911469;B
20240918;120959;668.2;9;11196911470;B
20240918;121010;668.2;1;11196912478;B
20240918;121010;668.2;6;11196912479;B
20240918;121010;668.2;10;11196912480;B
20240918;121010;668.4;8;11196912481;B
20240918;121022;668;25;11196913333;B
20240918;121023;667.6;2;11196913497;S
20240918;121023;667.6;16;11196913498;S
20240918;121031;667.4;50;11196914049;S
20240918;121031;667.2;2;11196914050;S
20240918;121031;667.2;10;11196914051;S
20240918;121031;667;3;11196914052;S
20240918;121033;667.6;25;11196914320;B
20240918;121044;667.6;7;11196915309;B
20240918;121044;668;18;11196915310;B
20240918;121056;668;7;11196916265;B
20240918;121056;668;2;11196916266;B
20240918;121056;668.2;2;11196916267;B
20240918;121056;668.2;1;11196916268;B
20240918;121056;668.2;13;11196916269;B
20240918;121056;668.2;1;11196916306;B
20240918;121101;668;10;11196916681;S
20240918;121107;667.6;10;11196917149;B
20240918;121107;667.6;10;11196917150;B
20240918;121107;667.8;5;11196917151;B
20240918;121118;667.2;5;11196918510;S
20240918;121118;667.6;10;11196918522;B
20240918;121118;667.8;15;11196918523;B
20240918;121128;667.6;1;11196919333;B
20240918;121130;667.6;1;11196919454;B
20240918;121130;667.8;20;11196919455;B
20240918;121130;667.8;3;11196919456;B
20240918;121130;668;1;11196919457;B
20240918;121139;667.4;1;11196920373;S
20240918;121141;667.4;9;11196920633;B
20240918;121141;667.8;1;11196920634;B
20240918;121141;667.8;1;11196920635;B
20240918;121141;668;14;11196920636;B
20240918;121152;668;25;11196922731;B
20240918;121204;667.8;1;11196924085;B
20240918;121204;667.8;10;11196924086;B
20240918;121204;668;14;11196924087;B
20240918;121215;668;25;11196925282;B
20240918;121217;667.6;1;11196925567;S
20240918;121227;667.8;10;11196926697;B
20240918;121227;667.8;1;11196926698;B
20240918;121227;668;14;11196926699;B
20240918;121231;667.6;1;11196927346;S
20240918;121231;667.4;2;11196927347;S
20240918;121231;667.4;2;11196927348;S
20240918;121232;667.4;1;11196927581;S
20240918;121238;667.6;9;11196928623;B
20240918;121238;667.6;10;11196928624;B
20240918;121238;667.6;6;11196928625;B
20240918;121247;667.6;4;11196929723;B
20240918;121249;667.8;5;11196930025;B
20240918;121249;667.8;5;11196930026;B
20240918;121249;667.8;5;11196930027;B
20240918;121249;667.8;1;11196930028;B
20240918;121249;667.8;2;11196930029;B
20240918;121249;668;7;11196930030;B
20240918;121256;668;1;11196930922;B
20240918;121301;668;25;11196931647;B
20240918;121305;667.6;1;11196932353;S
20240918;121305;667.4;31;11196932354;S
20240918;121305;667.4;2;11196932355;S
20240918;121305;667.4;63;11196932356;S
20240918;121305;667.2;3;11196932357;S
20240918;121310;667.2;4;11196932738;S
20240918;121312;667.6;25;11196932906;B
20240918;121323;667.8;2;11196933858;B
20240918;121323;667.8;23;11196933859;B
20240918;121335;667.8;25;11196934726;B
20240918;121341;667.8;1;11196935229;B
20240918;121341;668;2;11196935230;B
20240918;121346;668;25;11196935636;B
20240918;121350;667.8;50;11196935979;S
20240918;121351;668;1;11196936143;B
20240918;121355;668;32;11196936365;B
20240918;121358;668;25;11196936562;B
20240918;121405;668;3;11196937200;B
20240918;121405;668;100;11196937253;B
20240918;121406;668;50;11196937336;B
20240918;121408;668;100;11196937428;B
20240918;121408;668;50;11196937492;B
20240918;121409;668;5;11196937503;B
20240918;121409;668;50;11196937506;B
20240918;121409;668;25;11196937512;B
20240918;121409;668;5;11196937513;B
20240918;121409;668;50;11196937551;B
20240918;121409;668;50;11196937569;B
20240918;121409;668;100;11196937573;B
20240918;121410;668;50;11196937580;B
20240918;121410;668;5;11196937587;B
20240918;121410;668;5;11196937595;B
20240918;121410;668;50;11196937601;B
20240918;121410;668;100;11196937683;B
20240918;121410;668;50;11196937686;B
20240918;121411;668;200;11196937720;B
20240918;121411;668;20;11196937721;B
20240918;121411;668;50;11196937725;B
20240918;121411;668;5;11196937732;B
20240918;121411;668;50;11196937746;B
20240918;121411;668;5;11196937759;B
20240918;121411;668;25;11196937762;B
20240918;121411;668;100;11196937773;B
20240918;121411;668;10;11196937777;B
20240918;121411;668;50;11196937790;B
20240918;121411;668;5;11196937800;B
20240918;121411;668;50;11196937801;B
20240918;121411;668;25;11196937804;B
20240918;121411;668;100;11196937806;B
20240918;121411;668;236;11196937807;B
20240918;121411;668;60;11196937808;B
20240918;121411;668;5;11196937809;B
20240918;121411;668;5;11196937810;B
20240918;121411;668;5;11196937811;B
20240918;121411;668.2;4;11196937819;B
20240918;121411;668.4;1;11196937820;B
20240918;121412;668.4;1;11196937836;B
20240918;121412;668.6;9;11196937837;B
20240918;121412;668.2;5;11196937838;B
20240918;121412;668.2;20;11196937839;B
20240918;121412;668.2;1;11196937842;B
20240918;121412;668.2;4;11196937843;B
20240918;121420;668.6;25;11196938962;B
20240918;121430;668.6;1;11196940035;B
20240918;121431;668.6;50;11196940110;B
20240918;121432;668.6;25;11196940211;B
20240918;121435;668.4;80;11196940435;S
20240918;121435;668.6;50;11196940487;B
20240918;121443;668.6;25;11196941150;B
20240918;121445;668.6;50;11196941297;B
20240918;121447;668.6;10;11196941440;B
20240918;121447;668.6;32;11196941493;B
20240918;121447;668.6;18;11196941494;B
20240918;121448;668.6;5;11196941535;B
20240918;121448;668.6;27;11196941544;B
20240918;121448;668.6;2;11196941545;B
20240918;121448;668.6;3;11196941546;B
20240918;121448;668.6;17;11196941547;B
20240918;121448;668.6;1;11196941548;B
20240918;121448;668.6;1;11196941571;B
20240918;121448;668.6;10;11196941574;B
20240918;121448;668.6;1;11196941590;B
20240918;121449;668.6;1;11196941592;B
20240918;121449;668.6;10;11196941595;B
20240918;121449;668.6;1;11196941596;B
20240918;121449;668.6;5;11196941597;B
20240918;121449;668.6;10;11196941599;B
20240918;121449;668.6;50;11196941603;B
20240918;121449;668.8;1;11196941605;B
20240918;121449;668.8;2;11196941628;B
20240918;121449;669;6;11196941629;B
20240918;121449;669;2;11196941630;B
20240918;121449;669;1;11196941651;B
20240918;121449;669;1;11196941677;B
20240918;121449;669;1;11196941697;B
20240918;121450;669;1;11196941701;B
20240918;121450;669;1;11196941708;B
20240918;121450;669;1;11196941715;B
20240918;121450;669;5;11196941885;B
20240918;121451;669;10;11196941919;B
20240918;121451;669;1;11196941934;B
20240918;121451;669;1;11196941947;B
20240918;121451;669;1;11196941968;B
20240918;121451;669;1;11196941981;B
20240918;121451;669;5;11196941987;B
20240918;121452;669;1;11196941995;B
20240918;121452;669;1;11196942001;B
20240918;121452;669;1;11196942030;B
20240918;121452;669;1;11196942049;B
20240918;121452;669;1;11196942076;B
20240918;121452;669;5;11196942087;B
20240918;121452;669;1;11196942089;B
20240918;121453;669;1;11196942093;B
20240918;121454;669;25;11196942196;B
20240918;121458;669;33;11196942945;B
20240918;121458;669;5;11196942946;B
20240918;121458;669;1;11196942947;B
20240918;121458;669;1;11196942975;B
20240918;121458;669;1;11196942984;B
20240918;121459;669.2;1;11196942992;B
20240918;121459;669.2;1;11196942999;B
20240918;121459;669.4;1;11196943011;B
20240918;121459;669.4;1;11196943019;B
20240918;121459;669.6;1;11196943060;B
20240918;121500;669.6;1;11196943090;B
20240918;121500;669.6;1;11196943105;B
20240918;121501;669.6;1;11196943171;B
20240918;121501;669.6;1;11196943186;B
20240918;121501;669.6;1;11196943210;B
20240918;121502;669.6;1;11196943257;B
20240918;121502;669.6;1;11196943300;B
20240918;121502;669.6;1;11196943330;B
20240918;121503;669.6;8;11196943353;B
20240918;121506;669.8;5;11196943556;B
20240918;121506;669.8;5;11196943593;B
20240918;121506;669.8;15;11196943594;B
20240918;121506;669.8;5;11196943595;B
20240918;121506;669.8;3;11196943601;B
20240918;121506;669.8;1;11196943602;B
20240918;121506;669.8;2;11196943603;B
20240918;121506;669.8;4;11196943604;B
20240918;121506;669.8;5;11196943636;B
20240918;121513;669.8;1;11196944171;B
20240918;121513;669.8;1;11196944187;B
20240918;121513;669.8;1;11196944193;B
20240918;121514;669.8;1;11196944201;B
20240918;121514;669.8;1;11196944208;B
20240918;121514;669.8;1;11196944279;B
20240918;121514;669.8;1;11196944295;B
20240918;121515;669.8;1;11196944298;B
20240918;121515;669.8;1;11196944310;B
20240918;121515;669.8;1;11196944324;B
20240918;121517;669.8;10;11196944603;B
20240918;121517;669.8;12;11196944604;B
20240918;121517;670;1;11196944605;B
20240918;121517;670;2;11196944606;B
20240918;121518;670;4;11196944710;B
20240918;121518;669.6;1;11196944753;S
20240918;121518;669.6;5;11196944754;S
20240918;121519;669.6;1;11196944775;B
20240918;121519;669.6;1;11196944800;B
20240918;121519;669.6;1;11196944831;B
20240918;121519;669.6;1;11196944838;B
20240918;121520;669.6;1;11196944843;B
20240918;121520;669.6;1;11196944882;B
20240918;121520;669.6;1;11196944922;B
20240918;121521;669.6;1;11196944930;B
20240918;121521;669.6;1;11196944937;B
20240918;121521;669.6;1;11196944958;B
20240918;121521;669.6;1;11196944961;B
20240918;121521;669.6;1;11196944994;B
20240918;121525;669.4;1;11196945329;B
20240918;121525;669.6;1;11196945341;B
20240918;121525;669.6;1;11196945345;B
20240918;121526;669.6;1;11196945353;B
20240918;121528;669.6;25;11196945570;B
20240918;121533;669.4;1;11196946005;S
20240918;121533;669.2;1;11196946006;S
20240918;121539;669.6;1;11196946460;B
20240918;121539;669.6;1;11196946467;B
20240918;121539;669.6;1;11196946487;B
20240918;121539;669.6;1;11196946546;B
20240918;121540;669.6;1;11196946552;B
20240918;121540;669.6;1;11196946558;B
20240918;121540;669.6;25;11196946564;B
20240918;121541;669.6;1;11196946644;B
20240918;121541;669.6;1;11196946646;B
20240918;121541;669.6;1;11196946651;B
20240918;121541;669.8;1;11196946656;B
20240918;121541;669.8;1;11196946660;B
20240918;121545;669.6;1;11196947081;S
20240918;121548;669.6;1;11196947326;S
20240918;121551;669.8;5;11196947486;B
20240918;121551;669.8;20;11196947487;B
20240918;121553;669.6;4;11196947615;S
20240918;121553;669.4;1;11196947622;S
20240918;121600;669.4;1;11196948242;B
20240918;121601;669.4;1;11196948246;B
20240918;121601;669.4;1;11196948260;B
20240918;121601;669.4;1;11196948275;B
20240918;121601;669.4;1;11196948298;B
20240918;121602;669.6;1;11196948305;B
20240918;121603;669.6;25;11196948509;B
20240918;121603;669.2;50;11196948531;S
20240918;121603;669;1;11196948532;S
20240918;121603;669;1;11196948533;S
20240918;121603;669;5;11196948534;S
20240918;121603;669;1;11196948535;S
20240918;121603;669;8;11196948536;S
20240918;121603;668.8;10;11196948537;S
20240918;121603;668.8;10;11196948538;S
20240918;121603;668.8;40;11196948539;S
20240918;121603;668.6;50;11196948540;S
20240918;121603;668.4;50;11196948541;S
20240918;121603;668.4;10;11196948542;S
20240918;121603;668.4;10;11196948543;S
