<DATE>;<TIME>;<LAST>;<VOL>;<ID>;<OPER>
20240926;095931;680;1;11229288356;S
20240926;095931;680;2;11229288357;S
20240926;095931;680;5;11229288358;S
20240926;095931;680;5;11229288359;S
20240926;095931;680;17;11229288360;S
20240926;095931;680;53;11229288361;S
20240926;095931;680;6;11229288362;S
20240926;095931;680;1;11229288363;S
20240926;095931;680;1;11229288364;S
20240926;095931;680;5;11229288365;S
20240926;095931;680;2;11229288366;S
20240926;095931;680;10;11229288367;S
20240926;095931;680;24;11229288368;S
20240926;095931;680;15;11229288369;S
20240926;095931;680;200;11229288370;S
20240926;095931;680;6;11229288371;S
20240926;095931;680;2;11229288372;S
20240926;100002;680;32;11229301537;B
20240926;100002;680;35;11229302374;B
20240926;100003;680;12;11229302460;B
20240926;100003;679.6;15;11229302580;S
20240926;100003;679.4;11;11229302581;S
20240926;100003;678.8;4;11229302582;S
20240926;100003;678.8;1;11229302583;S
20240926;100003;678.6;1;11229302584;S
20240926;100003;678.4;1;11229302585;S
20240926;100003;678.2;1;11229302586;S
20240926;100003;677.6;3;11229302587;S
20240926;100003;677.6;2;11229302673;S
20240926;100003;679.8;2;11229303017;B
20240926;100003;679.8;1;11229303139;S
20240926;100003;680;46;11229303191;B
20240926;100003;681.4;7;11229303193;B
20240926;100003;680.4;7;11229303262;S
20240926;100003;681.4;15;11229303264;B
20240926;100003;680.4;10;11229303276;S
20240926;100004;681.4;28;11229303610;B
20240926;100004;681.6;82;11229303611;B
20240926;100004;680.4;2;11229303702;S
20240926;100004;681.6;12;11229303877;B
20240926;100004;681.8;23;11229303878;B
20240926;100004;681.8;1;11229303890;B
20240926;100004;681.8;76;11229304321;B
20240926;100004;681.8;2;11229304322;B
20240926;100004;682;117;11229304323;B
20240926;100005;682;23;11229304635;B
20240926;100005;682;1;11229305220;S
20240926;100007;682;4;11229307717;S
20240926;100007;685;1;11229309524;B
20240926;100007;685;2;11229309533;B
20240926;100008;685;1;11229310951;B
20240926;100010;682;3;11229313362;S
20240926;100010;682;2;11229313363;S
20240926;100010;682;1;11229313364;S
20240926;100010;681.2;11;11229313365;S
20240926;100010;681.2;33;11229313366;S
20240926;100010;685;1;11229313859;B
20240926;100010;685.2;1;11229313860;B
20240926;100010;682.2;1;11229313884;S
20240926;100010;681.2;2;11229314121;S
20240926;100010;685.2;1;11229314375;B
20240926;100010;681.8;1;11229314628;S
20240926;100011;685.2;1;11229315487;B
20240926;100015;681.4;5;11229317716;S
20240926;100024;683.4;2;11229321293;S
20240926;100025;682.2;1;11229322094;B
20240926;100027;683.8;1;11229322611;S
20240926;100033;683.2;146;11229325296;S
20240926;100033;683;19;11229325297;S
20240926;100033;683;35;11229325298;S
20240926;100044;681.8;42;11229329362;S
20240926;100100;683;11;11229334755;B
20240926;100100;683;31;11229334756;B
20240926;100100;683;32;11229334757;B
20240926;100101;683.2;3;11229335245;B
20240926;100101;683.8;1;11229335246;B
20240926;100103;683.4;9;11229336108;B
20240926;100103;683.6;5;11229336109;B
20240926;100103;683.6;30;11229336110;B
20240926;100103;683.8;27;11229336111;B
20240926;100104;683.2;3;11229336336;B
20240926;100104;683.8;7;11229336337;B
20240926;100125;681;1;11229344246;S
20240926;100125;681;1;11229344247;S
20240926;100125;681;7;11229344248;S
20240926;100135;681;5;11229347157;S
20240926;100146;681.6;1;11229350452;B
20240926;100146;681.6;1;11229350453;B
20240926;100206;682.2;8;11229356780;S
20240926;100206;682.2;42;11229356781;S
20240926;100208;682;1;11229357617;S
20240926;100235;683.8;4;11229365698;B
20240926;100236;683.8;4;11229365830;B
20240926;100243;683.8;11;11229367733;B
20240926;100243;683.8;19;11229367734;B
20240926;100243;683.8;2;11229367735;B
20240926;100310;683.8;1;11229375467;S
20240926;100310;683.8;100;11229375468;S
20240926;100310;683.8;18;11229375469;S
20240926;100320;683.2;10;11229378417;S
20240926;100320;683.2;1;11229378447;S
20240926;100332;683.4;1;11229382008;B
20240926;100332;683.8;1;11229382009;B
20240926;100332;684.6;26;11229382010;B
20240926;100332;684.8;144;11229382011;B
20240926;100332;684.8;28;11229382012;B
20240926;100333;683.8;1;11229382485;S
20240926;100336;684;10;11229383423;S
20240926;100357;684.8;2;11229388937;B
20240926;100357;685;2;11229388938;B
20240926;100358;685;35;11229389185;B
20240926;100359;685.2;2;11229389385;B
20240926;100359;685.2;5;11229389386;B
20240926;100359;685.4;6;11229389420;B
20240926;100359;685.6;5;11229389422;B
20240926;100401;685.4;11;11229389945;S
20240926;100411;686;1;11229392649;B
20240926;100411;686;6;11229392650;B
20240926;100412;685.8;1;11229392895;S
20240926;100412;685.8;1;11229392896;S
20240926;100412;685.8;1;11229392897;S
20240926;100412;685.4;146;11229392898;S
20240926;100412;685.2;28;11229392899;S
20240926;100412;685.2;300;11229392900;S
20240926;100412;684.6;42;11229392901;S
20240926;100412;684.4;107;11229392902;S
20240926;100412;684.2;205;11229392903;S
20240926;100412;684.2;240;11229392904;S
20240926;100412;684;5146;11229392905;S
20240926;100412;684;4;11229392906;S
20240926;100412;682.2;21;11229393069;S
20240926;100426;681.8;46;11229396837;S
20240926;100427;682.2;1;11229397081;S
20240926;100432;682.6;4;11229398275;B
20240926;100439;681.6;3;11229400046;S
20240926;100453;681.4;12;11229404004;S
20240926;100457;681.6;1;11229404946;S
20240926;100457;681.6;34;11229404947;S
20240926;100457;681.4;48;11229404948;S
20240926;100457;681.2;97;11229404949;S
20240926;100500;681.4;6;11229405569;S
20240926;100500;681.4;19;11229405570;S
20240926;100501;682;4;11229406168;S
20240926;100551;681.4;175;11229418607;S
20240926;100551;681.4;23;11229418608;S
20240926;100551;681.2;107;11229418609;S
20240926;100605;682;1;11229421993;B
20240926;100609;682;37;11229422721;B
20240926;100620;681.2;3;11229425279;S
20240926;100627;681.4;86;11229427449;S
20240926;100649;681.4;1;11229432928;B
20240926;100649;681.8;10;11229432929;B
20240926;100649;682;12;11229432930;B
20240926;100649;682;25;11229432931;B
20240926;100649;682.2;146;11229432932;B
20240926;100649;682.4;50;11229432933;B
20240926;100649;682.4;382;11229432934;B
20240926;100649;682.6;95;11229432935;B
20240926;100649;682.8;100;11229432936;B
20240926;100649;683;2009;11229432937;B
20240926;100652;682.4;1;11229433699;S
20240926;100652;682.4;9;11229433700;S
20240926;100700;682.8;16;11229435471;B
20240926;100702;682.2;13;11229436004;S
20240926;100702;682;37;11229436005;S
20240926;100718;682.8;3;11229439696;B
20240926;100720;682.8;1;11229440061;S
20240926;100752;682.4;25;11229447540;S
20240926;100811;683;1200;11229451759;B
20240926;100812;683;8;11229451911;B
20240926;100812;683;145;11229451917;B
20240926;100813;683;417;11229452077;B
20240926;100813;683;1;11229452078;B
20240926;100818;685.8;4;11229453244;B
20240926;100818;686;24;11229453245;B
20240926;100833;685.4;1;11229457172;B
20240926;100844;683.8;4;11229459938;S
20240926;100923;684.6;2;11229469483;B
20240926;100931;684;1;11229471236;S
20240926;100932;684;8;11229471467;B
20240926;100933;683.8;11;11229471746;S
20240926;100933;683.8;42;11229471747;S
20240926;100935;684;1;11229472139;B
20240926;100935;684.2;1;11229472140;B
20240926;100938;684.2;36;11229472669;B
20240926;100938;684.4;10;11229472670;B
20240926;100938;684.4;23;11229472671;B
20240926;100938;684.6;1;11229472672;B
20240926;100940;683.4;14;11229473299;S
20240926;100948;684.6;2;11229474987;B
20240926;100948;684.6;44;11229474988;S
20240926;100952;684.6;14;11229475978;B
20240926;100952;684.8;41;11229475979;B
20240926;101000;683.8;3;11229477643;S
20240926;101000;683.4;10;11229477644;S
20240926;101006;684.2;2;11229478961;B
20240926;101023;683.2;146;11229482240;S
20240926;101023;683.2;4;11229482241;S
20240926;101025;683.2;46;11229482533;S
20240926;101025;683;9;11229482544;S
20240926;101035;682.4;18;11229484410;S
20240926;101035;682.4;17;11229484411;S
20240926;101035;682.4;100;11229484412;B
20240926;101052;682;1;11229487236;S
20240926;101052;682;40;11229487237;S
20240926;101052;681.8;11;11229487238;S
20240926;101052;681.8;146;11229487239;S
20240926;101052;681.8;24;11229487240;S
20240926;101052;681.6;255;11229487241;S
20240926;101052;681.4;50;11229487242;S
20240926;101052;681.2;95;11229487243;S
20240926;101052;681.2;13;11229487244;S
20240926;101052;681;580;11229487245;S
20240926;101052;681;9;11229487246;S
20240926;101052;680.8;1;11229487247;S
20240926;101052;680.8;355;11229487248;S
20240926;101052;680.2;254;11229487249;S
20240926;101052;680.2;7;11229487250;S
20240926;101052;680;70;11229487251;S
20240926;101052;680;350;11229487252;S
20240926;101052;680;100;11229487253;S
20240926;101052;680;2;11229487254;S
20240926;101052;679.8;28;11229487255;S
20240926;101052;679.6;184;11229487256;S
20240926;101052;679.4;20;11229487257;S
20240926;101052;679.2;1;11229487258;S
20240926;101052;679.2;1;11229487259;S
20240926;101052;679.2;15;11229487260;S
20240926;101052;679;765;11229487261;S
20240926;101052;679;100;11229487262;S
20240926;101052;679;50;11229487263;S
20240926;101052;679;50;11229487264;S
20240926;101052;679;400;11229487265;S
20240926;101052;678.8;2;11229487266;S
20240926;101052;678.4;1;11229487287;S
20240926;101052;678.2;10;11229487299;S
20240926;101052;678.2;39;11229487300;S
20240926;101052;678;3;11229487339;S
20240926;101052;678;18;11229487340;S
20240926;101055;678.6;1;11229487772;B
20240926;101059;678.4;2;11229488441;B
20240926;101101;678.2;1;11229488830;S
20240926;101101;678.2;3;11229488831;S
20240926;101101;678.2;64;11229488832;S
20240926;101125;678.2;384;11229493388;S
20240926;101125;678.6;2;11229493394;B
20240926;101125;678.2;3;11229493408;S
20240926;101125;678.2;20;11229493469;S
20240926;101128;678;110;11229494004;S
20240926;101141;678;3;11229497002;B
20240926;101141;678;65;11229497003;B
20240926;101156;678;50;11229500362;B
20240926;101201;677.4;1;11229501562;S
20240926;101201;677;1;11229501563;S
20240926;101201;677;3;11229501564;S
20240926;101201;677;5;11229501565;S
20240926;101201;677;5;11229501598;S
20240926;101201;677;25;11229501599;S
20240926;101201;677.4;2;11229501639;S
20240926;101201;677;15;11229501640;S
20240926;101201;676.4;34;11229501641;S
20240926;101201;676.4;8;11229501686;S
20240926;101204;677.4;1;11229502284;B
20240926;101219;677.4;2;11229505445;B
20240926;101254;677.2;11;11229514382;B
20240926;101254;677.6;40;11229514383;B
20240926;101254;677.8;6;11229514384;B
20240926;101254;677.8;14;11229514385;B
20240926;101254;677.8;35;11229514386;B
20240926;101254;678;92;11229514387;B
20240926;101254;678;300;11229514388;B
20240926;101254;678.6;297;11229514389;B
20240926;101254;678.8;146;11229514390;B
20240926;101254;679;535;11229514391;B
20240926;101255;678.8;78;11229514415;B
20240926;101255;679;32;11229514416;B
20240926;101337;678.2;1;11229523637;S
20240926;101338;678.8;12;11229523715;B
20240926;101338;678.8;8;11229523716;B
20240926;101343;678;1;11229525051;S
20240926;101343;677.6;4;11229525052;S
20240926;101452;678.8;1;11229542480;B
20240926;101500;679;46;11229544077;B
20240926;101500;678.6;96;11229544225;S
20240926;101500;678.4;61;11229544226;S
20240926;101500;678;43;11229544227;S
20240926;101504;678.6;1;11229545384;S
20240926;101513;678.4;1;11229548354;B
20240926;101517;678;6;11229549878;S
20240926;101523;678;59;11229552702;S
20240926;101527;678;218;11229554188;S
20240926;101527;678;1;11229554189;S
20240926;101527;678;1;11229554190;S
20240926;101541;677.6;1;11229561639;S
20240926;101546;677.6;4;11229563740;S
20240926;101549;678.2;5;11229565377;B
20240926;101602;678;1;11229571179;B
20240926;101609;678;35;11229575561;B
20240926;101611;677.8;43;11229576258;S
20240926;101617;677.8;2;11229579322;S
20240926;101617;677.6;76;11229579323;S
20240926;101617;677.6;10;11229579324;S
20240926;101617;677.2;276;11229579325;S
20240926;101617;677;25;11229579326;S
20240926;101617;677;1;11229579327;S
20240926;101617;677;5;11229579328;S
20240926;101617;677;135;11229579329;S
20240926;101617;677;25;11229579330;S
20240926;101631;677;25;11229584413;S
20240926;101631;677;39;11229584414;S
20240926;101656;677;71;11229591253;S
20240926;101656;677;14;11229591254;S
20240926;101716;676.4;1;11229597489;S
20240926;101716;676.4;15;11229597490;S
20240926;101716;676.2;10;11229597491;S
20240926;101716;676.2;35;11229597492;S
20240926;101716;676.2;1;11229597493;S
20240926;101716;676.2;300;11229597494;S
20240926;101716;676.2;3;11229597495;S
20240926;101752;677;20;11229608864;S
20240926;101821;677;50;11229619196;S
20240926;101825;677;5;11229620429;S
20240926;101853;677;286;11229628852;S
20240926;101936;677.8;41;11229642462;B
20240926;101936;677.8;40;11229642463;B
20240926;101936;678;47;11229642464;B
20240926;101936;678;24;11229642465;B
20240926;101939;677;39;11229643402;S
20240926;101939;677;1;11229643403;S
20240926;101939;677;1;11229643404;S
20240926;101939;677;17;11229643405;S
20240926;102000;677.8;24;11229650087;S
20240926;102013;678;1;11229654431;B
20240926;102015;677.8;102;11229654930;S
20240926;102028;677.8;1;11229665624;S
20240926;102029;677.8;1;11229665696;S
20240926;102029;677.8;1;11229665804;S
20240926;102040;678.4;1;11229676558;B
20240926;102108;678;10;11229700723;S
20240926;102108;678;10;11229701273;S
20240926;102113;678;3;11229705499;S
20240926;102132;678.6;4;11229720593;B
20240926;102135;678.6;24;11229722374;B
20240926;102154;678.8;1;11229734689;B
20240926;102200;678.2;20;11229738026;S
20240926;102200;678.8;327;11229738399;B
20240926;102200;679;410;11229738400;B
20240926;102211;679.2;15;11229744292;S
20240926;102305;680.8;5;11229754951;B
20240926;102305;680.8;2;11229755011;S
20240926;102315;681.4;2;11229756927;B
20240926;102315;681.4;22;11229756928;B
20240926;102315;681.4;18;11229756952;B
20240926;102315;681.6;6;11229756953;B
20240926;102315;681.6;9;11229756968;B
20240926;102315;681.6;15;11229756969;B
20240926;102315;681.4;24;11229756977;B
20240926;102315;681.4;24;11229757004;B
20240926;102315;681.4;2;11229757011;B
20240926;102315;681.4;22;11229757012;B
20240926;102315;681.4;18;11229757019;B
20240926;102315;682;110;11229757050;B
20240926;102315;682.2;90;11229757051;B
20240926;102320;681.8;6;11229757979;S
20240926;102320;681.4;9;11229757980;S
20240926;102325;682.2;3;11229759228;B
20240926;102325;682.2;40;11229759229;B
20240926;102330;682.2;11;11229760108;S
20240926;102330;682.4;73;11229760109;B
20240926;102330;682.4;2;11229760110;B
20240926;102350;682.4;7;11229763888;S
20240926;102350;682.2;84;11229763889;S
20240926;102356;682.2;1;11229765080;B
20240926;102401;682.2;2;11229766054;B
20240926;102402;682;1;11229766180;S
20240926;102403;682;3;11229766406;S
20240926;102443;682;1;11229774137;S
20240926;102447;682;1;11229775007;S
20240926;102500;682;12;11229777609;S
20240926;102507;682.2;11;11229778907;B
20240926;102522;682.2;1;11229782086;B
20240926;102543;682;1;11229785884;S
20240926;102543;682.2;234;11229785914;B
20240926;102543;682.2;20;11229785915;B
20240926;102543;682.4;2;11229785928;S
20240926;102604;683;6;11229790166;B
20240926;102701;683;1;11229800614;S
20240926;102706;683;1;11229801515;S
20240926;102709;683;1;11229802014;S
20240926;102713;683;1;11229802569;S
20240926;102716;683;1;11229802973;S
20240926;102720;683;1;11229803713;S
20240926;102723;683;1;11229804348;S
20240926;102726;683;1;11229804868;S
20240926;102730;683;1;11229805601;S
20240926;102731;683;50;11229805928;S
20240926;102732;683;1;11229805967;S
20240926;102733;683.2;1;11229806139;B
20240926;102733;683.2;40;11229806140;B
20240926;102734;683.2;1;11229806221;S
20240926;102737;683.2;1;11229806608;S
20240926;102741;683.2;1;11229807199;S
20240926;102742;683.2;1;11229807436;S
20240926;102745;683.2;1;11229807857;S
20240926;102748;683.2;2;11229808112;S
20240926;102801;683.2;270;11229809996;S
20240926;102817;683.4;1;11229812893;B
20240926;102822;683.2;99;11229813454;S
20240926;102822;683;157;11229813486;S
20240926;102822;683;1;11229813487;S
20240926;102823;682.2;9;11229813570;S
20240926;102823;682;6;11229813660;S
20240926;102913;683.6;7;11229821885;B
20240926;102913;683.2;7;11229821918;B
20240926;102913;683.4;7;11229821930;B
20240926;102913;683.4;7;11229821939;B
20240926;102913;683;7;11229821954;B
20240926;102914;683;7;11229821962;B
20240926;102914;683;7;11229821972;B
20240926;102914;683;7;11229821976;B
20240926;102914;683;7;11229821985;B
20240926;102914;683;5;11229822014;B
20240926;102917;682.2;18;11229822605;S
20240926;102917;682.2;40;11229822606;S
20240926;102917;682;42;11229822607;S
20240926;103000;682.2;24;11229830462;S
20240926;103026;683;10;11229835637;B
20240926;103112;682.2;20;11229847247;B
20240926;103113;682.2;1;11229847442;B
20240926;103115;682.2;2;11229848041;B
20240926;103130;682;7;11229851013;S
20240926;103148;682;1;11229855075;S
20240926;103149;682;1;11229855390;S
20240926;103150;682;1;11229855490;S
20240926;103151;682;1;11229855753;S
20240926;103152;682;1;11229855813;S
20240926;103153;682;1;11229856054;S
20240926;103153;682;1;11229856123;S
20240926;103154;682;1;11229856191;S
20240926;103154;682;1;11229856232;S
20240926;103155;682;1;11229856426;S
20240926;103155;682;1;11229856548;S
20240926;103156;682;1;11229856676;S
20240926;103156;682;1;11229856766;S
20240926;103157;682;1;11229856964;S
20240926;103158;682;1;11229857010;S
20240926;103158;682;1;11229857065;S
20240926;103159;682;1;11229857319;S
20240926;103159;682;1;11229857391;S
20240926;103200;682;1;11229857518;S
20240926;103201;682;1;11229857762;S
20240926;103220;682;5;11229861541;S
20240926;103229;682.2;3;11229863639;B
20240926;103242;682;108;11229866004;S
20240926;103242;681.4;37;11229866005;S
20240926;103242;681;1;11229866006;S
20240926;103310;680.8;4;11229871250;S
20240926;103310;680.6;40;11229871251;S
20240926;103310;680.2;1;11229871252;S
20240926;103311;680.2;4;11229871464;S
20240926;103606;680.4;1;11229894856;S
20240926;103607;680.4;1;11229895056;S
20240926;103608;680.8;1;11229895127;B
20240926;103726;681;1;11229905229;S
20240926;103746;681.4;1;11229907947;B
20240926;103803;681.4;2;11229910408;B
20240926;103808;681.2;2;11229911086;S
20240926;103855;680.8;6;11229917087;S
20240926;104112;681.4;1;11229933965;B
20240926;104130;681.2;1;11229936318;B
20240926;104143;681.2;3;11229937854;B
20240926;104143;681.2;2;11229937855;B
20240926;104153;681.2;3;11229939123;B
20240926;104153;681.2;40;11229939124;B
20240926;104153;681.4;5;11229939125;B
20240926;104153;681.6;42;11229939126;B
20240926;104153;681.6;10;11229939127;B
20240926;104225;681;1;11229943503;S
20240926;104233;681;9;11229944592;S
20240926;104233;680.8;1;11229944593;S
20240926;104240;680.8;19;11229946347;S
20240926;104246;680.4;2;11229948163;B
20240926;104246;680.4;40;11229948164;B
20240926;104256;680.6;6;11229949636;B
20240926;104256;680.6;1;11229949637;B
20240926;104347;680;5;11229959605;S
20240926;104426;680;1;11229966303;S
20240926;104455;680.8;2;11229970764;B
20240926;104514;680.8;1;11229973677;B
20240926;104514;680.8;40;11229973678;B
20240926;104514;680.8;1;11229973679;B
20240926;104514;681;36;11229973680;B
20240926;104518;681;19;11229974185;S
20240926;104518;681;203;11229974246;S
20240926;104518;680.8;40;11229974247;S
20240926;104518;680;27;11229974248;S
20240926;104518;680;12;11229974249;S
20240926;104518;680;100;11229974250;S
20240926;104518;680;1;11229974251;S
20240926;104518;680;1;11229974252;S
20240926;104518;679.4;135;11229974253;S
20240926;104518;679.2;95;11229974254;S
20240926;104518;679;25;11229974255;S
20240926;104518;679;300;11229974256;S
20240926;104518;679;5;11229974257;S
20240926;104518;678.2;30;11229974258;S
20240926;104518;678.2;12;11229974259;S
20240926;104518;678;1;11229974260;S
20240926;104518;678;4;11229974261;S
20240926;104518;678;50;11229974262;S
20240926;104518;678;2;11229974263;S
20240926;104518;677.8;1;11229974264;S
20240926;104518;677.8;1;11229974265;S
20240926;104518;677.8;10;11229974266;S
20240926;104518;677.8;1;11229974267;S
20240926;104518;677;8;11229974268;S
20240926;104518;677;2;11229974269;S
20240926;104518;677;146;11229974270;S
20240926;104518;676.8;1;11229974271;S
20240926;104518;676.8;50;11229974272;S
20240926;104518;676.4;14;11229974273;S
20240926;104518;676.2;1;11229974274;S
20240926;104518;676.2;25;11229974275;S
20240926;104518;676.2;15;11229974276;S
20240926;104518;676.2;2;11229974277;S
20240926;104518;676.2;151;11229974278;S
20240926;104518;676;3;11229974279;S
20240926;104518;676;2;11229974280;S
20240926;104518;676;2;11229974281;S
20240926;104518;676;3;11229974282;S
20240926;104518;676;1;11229974283;S
20240926;104518;676;2;11229974284;S
20240926;104518;676;2;11229974285;S
20240926;104518;676;14;11229974286;S
20240926;104519;679.6;36;11229974398;S
20240926;104519;678;5;11229974440;S
20240926;104519;678;15;11229974441;S
20240926;104616;678.6;1;11229986336;B
20240926;104626;678.2;1;11229988087;B
20240926;104627;678;1;11229988274;S
20240926;104627;678;1;11229988275;S
20240926;104659;677.8;11;11229994304;S
20240926;104659;678;1;11229994408;S
20240926;104759;677;5;11230003242;S
20240926;104759;677;11;11230003243;S
20240926;104759;677;40;11230003244;S
20240926;104803;676.8;14;11230003754;B
20240926;104818;677;22;11230006211;B
20240926;104843;677;27;11230009833;B
20240926;104843;677;100;11230009834;B
20240926;104843;677.2;8;11230009835;B
20240926;104909;678;105;11230013595;B
20240926;104942;678.8;1;11230017682;B
20240926;104948;679.2;10;11230018476;B
20240926;105005;679.2;84;11230020557;S
20240926;105032;679.2;1;11230024038;S
20240926;105100;679.2;3;11230027731;S
20240926;105127;679.2;17;11230031423;S
20240926;105130;679.4;5;11230031804;B
20240926;105131;679.4;2;11230031925;B
20240926;105139;678;1;11230032934;S
20240926;105139;678;40;11230032935;S
20240926;105139;677.4;17;11230032936;S
20240926;105139;677.4;37;11230032937;S
20240926;105220;677.4;40;11230038708;S
20240926;105220;677.4;15;11230038709;S
20240926;105220;677.2;30;11230038710;S
20240926;105220;676.6;16;11230038711;S
20240926;105220;676.6;75;11230038712;S
20240926;105220;676.4;100;11230038713;S
20240926;105220;676.2;2;11230038714;S
20240926;105220;676.2;500;11230038715;S
20240926;105220;676;36;11230038716;S
20240926;105220;676;150;11230038717;S
20240926;105220;676;700;11230038718;S
20240926;105220;676;1;11230038719;S
20240926;105220;676;4;11230038720;S
20240926;105220;676;10;11230038721;S
20240926;105220;676;10;11230038722;S
20240926;105220;676;1;11230038723;S
20240926;105220;676;10;11230038724;S
20240926;105220;675.4;15;11230038725;S
20240926;105220;675.2;1;11230038726;S
20240926;105220;675.2;1;11230038727;S
20240926;105220;675.2;50;11230038728;S
20240926;105220;675.2;4;11230038729;S
20240926;105220;675.2;2;11230038730;S
20240926;105220;675.2;1;11230038731;S
20240926;105220;675.2;146;11230038732;S
20240926;105220;675;2;11230038733;S
20240926;105220;675;3;11230038734;S
20240926;105220;675;1;11230038735;S
20240926;105220;675;6;11230038736;S
20240926;105220;675;1;11230038737;S
20240926;105220;675;25;11230038738;S
20240926;105220;675;4;11230038739;S
20240926;105220;675;50;11230038740;S
20240926;105220;675;500;11230038741;S
20240926;105220;675;1;11230038742;S
20240926;105220;675;1;11230038743;S
20240926;105220;675;1;11230038744;S
20240926;105220;675;1;11230038745;S
20240926;105220;675;1;11230038746;S
20240926;105220;675;2000;11230038747;S
20240926;105220;675;1;11230038748;S
20240926;105220;675;300;11230038749;B
20240926;105220;675;30;11230038750;B
20240926;105220;675;1;11230038782;B
20240926;105220;674.6;1;11230038785;S
20240926;105220;674.6;24;11230038786;S
20240926;105220;675;100;11230038797;B
20240926;105220;675;51;11230038802;B
20240926;105220;675.6;15;11230038803;B
20240926;105220;675.8;2;11230038804;B
20240926;105220;677.6;82;11230038805;B
20240926;105220;675;1;11230038807;S
20240926;105221;675.4;8;11230038918;S
20240926;105236;677.2;6;11230040771;S
20240926;105236;677.2;40;11230040772;S
20240926;105236;675.6;265;11230040773;S
20240926;105236;675.4;300;11230040774;S
20240926;105236;675.4;1;11230040775;S
20240926;105236;675.2;1;11230040776;S
20240926;105236;675.2;1;11230040777;S
20240926;105236;675.2;20;11230040778;S
20240926;105236;675;10;11230040779;S
20240926;105236;675;5;11230040780;S
20240926;105236;675;1;11230040781;S
20240926;105236;675;20;11230040782;S
20240926;105236;675;1;11230040783;S
20240926;105236;675;500;11230040784;S
20240926;105236;675;25;11230040785;S
20240926;105236;675;12;11230040787;B
20240926;105236;675;113;11230040788;B
20240926;105236;675;47;11230040796;B
20240926;105252;674.8;1;11230042553;B
20240926;105253;674.6;1;11230042653;S
20240926;105253;674.6;2;11230042654;S
20240926;105301;674.8;2;11230043725;B
20240926;105307;674.8;10;11230044886;B
20240926;105318;674.8;34;11230047387;B
20240926;105319;675;168;11230047599;B
20240926;105323;674.8;10;11230048025;S
20240926;105326;675;1;11230048469;B
20240926;105333;675;1;11230049776;B
20240926;105358;675;73;11230053321;B
20240926;105402;675;432;11230053826;B
20240926;105402;674.8;12;11230053838;S
20240926;105426;674.8;44;11230057017;S
20240926;105426;674.6;56;11230057018;S
20240926;105430;674.8;1;11230057807;B
20240926;105441;674.4;11;11230059638;S
20240926;105441;674.4;10;11230059639;S
20240926;105441;674.4;12;11230059640;S
20240926;105441;674.4;25;11230059641;S
20240926;105441;674.4;40;11230059642;S
20240926;105441;674.2;1;11230059643;S
20240926;105441;674.2;1;11230059644;S
20240926;105441;674;3;11230059645;S
20240926;105441;674;3;11230059646;S
20240926;105441;673.8;50;11230059647;S
20240926;105441;673.8;1;11230059648;S
20240926;105441;673.8;2;11230059649;S
20240926;105441;673.4;1;11230059650;S
20240926;105441;673.6;55;11230059654;S
20240926;105441;673.2;1;11230059657;S
20240926;105441;673.2;1;11230059664;S
20240926;105441;673.2;8;11230059665;S
20240926;105441;673.2;2;11230059668;S
20240926;105441;673.2;10;11230059669;S
20240926;105441;673.2;1;11230059670;S
20240926;105441;673.2;4;11230059671;S
20240926;105441;673.2;21;11230059672;S
20240926;105441;673;1;11230059673;S
20240926;105441;673;1;11230059674;S
20240926;105441;673;2;11230059675;S
20240926;105441;673;2;11230059676;S
20240926;105441;673;1;11230059677;S
20240926;105441;673;10;11230059678;S
20240926;105441;673;5;11230059679;S
20240926;105441;674.4;8;11230059692;B
20240926;105441;673;69;11230059693;S
20240926;105441;673;146;11230059694;S
20240926;105441;672.8;354;11230059695;S
20240926;105441;672.8;81;11230059696;S
20240926;105441;674.6;50;11230059702;B
20240926;105441;674.4;2;11230059703;B
20240926;105441;673;40;11230059712;S
20240926;105441;672.8;146;11230059713;S
20240926;105441;672.8;8;11230059714;S
20240926;105441;672.6;1;11230059715;S
20240926;105441;672.6;1;11230059716;S
20240926;105441;672.6;81;11230059717;S
20240926;105441;672.4;30;11230059718;S
20240926;105441;672.4;1;11230059719;S
20240926;105441;672.4;15;11230059720;S
20240926;105441;672.4;13;11230059721;S
20240926;105441;672.2;1;11230059722;S
20240926;105441;672.2;99;11230059723;S
20240926;105441;673.4;15;11230059733;S
20240926;105441;672.6;6;11230059734;S
20240926;105441;672.4;19;11230059735;S
20240926;105442;672.8;2;11230059779;B
20240926;105442;672.8;1;11230059796;B
20240926;105442;672.8;10;11230059797;B
20240926;105442;672.8;15;11230059811;B
20240926;105442;672.6;8;11230059814;B
20240926;105442;672.8;25;11230059818;B
20240926;105442;672.4;1;11230059828;S
20240926;105442;672.4;3;11230059829;S
20240926;105442;672.4;25;11230059833;S
20240926;105442;672.4;12;11230059834;S
20240926;105442;672.4;3;11230059835;S
20240926;105442;672.8;1;11230059836;B
20240926;105442;672.4;2;11230059837;S
20240926;105442;672.8;5;11230059841;B
20240926;105501;672.8;1;11230063099;B
20240926;105503;672.8;1;11230063483;B
20240926;105503;672.8;1;11230063500;B
20240926;105504;672.8;1;11230063561;B
20240926;105515;672.4;25;11230065240;S
20240926;105515;672.4;4;11230065241;S
20240926;105541;672.6;15;11230068969;B
20240926;105541;672.8;262;11230068970;B
20240926;105541;673;23;11230068971;B
20240926;105541;673;296;11230068972;B
20240926;105541;673;32;11230068973;B
20240926;105541;673.8;100;11230068974;B
20240926;105541;674;6;11230068975;B
20240926;105541;674.2;95;11230068976;B
20240926;105541;674.4;410;11230068977;B
20240926;105541;674.6;332;11230068978;B
20240926;105541;674.8;15;11230068979;B
20240926;105541;674.8;146;11230068980;B
20240926;105541;674.8;300;11230068981;B
20240926;105541;675;1468;11230068982;B
20240926;105549;674.8;6;11230070425;B
20240926;105549;675;140;11230070426;B
20240926;105550;675;12;11230070595;B
20240926;105600;674.8;20;11230072238;S
20240926;105600;674.6;37;11230072239;S
20240926;105600;674.4;40;11230072240;S
20240926;105600;674.2;14;11230072241;S
20240926;105600;674;89;11230072242;S
20240926;105601;674.8;1;11230072358;S
20240926;105604;675;3;11230073037;B
20240926;105616;675;1;11230074541;B
20240926;105621;675;1;11230075174;B
20240926;105625;675;1;11230075693;B
20240926;105632;675;1;11230076658;B
20240926;105711;674.8;12;11230081700;B
20240926;105711;674.8;40;11230081701;B
20240926;105711;675;15;11230081702;B
20240926;105807;674.8;1;11230090229;B
20240926;105809;674.6;1;11230090819;B
20240926;105809;674.6;5;11230090820;B
20240926;105834;675;1;11230093897;B
20240926;105916;675;200;11230099984;B
20240926;105938;675;4;11230102788;B
20240926;105947;675;1;11230103718;B
20240926;105951;675;36;11230104083;B
20240926;105952;675;25;11230104163;B
20240926;105952;674.4;5;11230104204;S
20240926;110005;674.4;1;11230105857;B
20240926;110006;674.2;1;11230105863;S
20240926;110014;674.2;1;11230106831;S
20240926;110014;674;1;11230106832;S
20240926;110014;674;7;11230106833;S
20240926;110014;673.6;45;11230106834;S
20240926;110014;673.4;6;11230106835;S
20240926;110015;673.4;4;11230106915;S
20240926;110015;673.4;70;11230106916;S
20240926;110017;673.4;20;11230107202;S
20240926;110029;673.2;1;11230108728;S
20240926;110029;673.2;12;11230108729;S
20240926;110029;673.2;12;11230108730;S
20240926;110139;673.6;1;11230122196;S
20240926;110141;673.8;1;11230122624;B
20240926;110143;673.8;2;11230123254;B
20240926;110152;673.8;9;11230126421;B
20240926;110158;673.6;28;11230127478;S
20240926;110202;673.6;2;11230128036;S
20240926;110210;673.6;1;11230129552;S
20240926;110212;673.8;36;11230130127;B
20240926;110219;673.8;1;11230133203;B
20240926;110231;673.8;151;11230135479;B
20240926;110301;674.4;10;11230143822;B
20240926;110306;674.4;2;11230145219;B
20240926;110312;674.4;1;11230147638;B
20240926;110335;674.4;1;11230152269;B
20240926;110336;674.4;1;11230152553;B
20240926;110337;674.2;54;11230152822;S
20240926;110337;674.2;40;11230152823;S
20240926;110337;674.2;17;11230152824;S
20240926;110337;674.2;30;11230152825;S
20240926;110337;674;80;11230152826;S
20240926;110337;673.8;100;11230152827;S
20240926;110337;673.6;146;11230152828;S
20240926;110337;673.6;500;11230152829;S
20240926;110337;673.4;1485;11230152830;S
20240926;110337;673.4;50;11230152831;S
20240926;110337;673.4;300;11230152832;S
20240926;110337;673.4;1;11230152833;S
20240926;110337;673.4;130;11230152834;B
20240926;110337;673.2;20;11230152836;S
20240926;110337;673.4;1;11230152857;B
20240926;110339;673.2;1;11230153340;S
20240926;110339;673.2;3;11230153357;S
20240926;110339;673.2;17;11230153358;S
20240926;110340;673.2;217;11230153569;S
20240926;110340;673.2;33;11230153570;S
20240926;110342;673.4;3;11230154192;B
20240926;110401;673.2;2;11230158888;S
20240926;110403;673.4;189;11230159181;B
20240926;110404;673.4;1;11230159479;B
20240926;110405;673.4;1;11230159604;B
20240926;110406;673.4;1;11230159929;B
20240926;110407;673.4;10;11230160138;B
20240926;110407;673.4;1;11230160144;B
20240926;110408;673.4;1;11230160305;B
20240926;110408;673.4;1;11230160311;B
20240926;110411;673.4;1;11230160783;B
20240926;110412;673.2;1;11230161103;S
20240926;110412;673.4;1;11230161232;B
20240926;110416;673.4;1;11230162039;B
20240926;110417;673.4;1;11230162242;B
20240926;110418;673.4;1;11230162297;B
20240926;110422;673.4;202;11230163287;B
20240926;110425;673.4;1;11230164200;B
20240926;110432;673.4;7;11230165798;B
20240926;110432;673.4;114;11230165843;B
20240926;110437;673.4;210;11230166878;B
20240926;110444;673.4;144;11230168006;B
20240926;110451;673.4;800;11230169370;B
20240926;110451;673.4;5;11230169371;B
20240926;110454;673.2;4;11230170054;S
20240926;110454;673.2;2;11230170055;S
20240926;110454;673.2;1;11230170056;S
20240926;110454;673.2;9;11230170057;S
20240926;110504;673.4;1;11230172158;B
20240926;110511;673.4;5;11230173863;B
20240926;110517;673.4;2;11230175899;B
20240926;110530;673.4;2;11230178800;B
20240926;110533;673.2;91;11230179749;S
20240926;110533;673.2;1;11230179750;S
20240926;110533;673;1;11230179751;S
20240926;110533;673;10;11230179752;S
20240926;110533;673;97;11230179753;S
20240926;110546;673.4;2;11230182848;B
20240926;110553;673.4;1;11230185126;B
20240926;110601;673.2;30;11230187074;S
20240926;110611;673.4;30;11230190070;B
20240926;110613;673.4;10;11230190607;B
20240926;110713;673.2;1;11230205597;S
20240926;110713;673.2;2;11230205620;B
20240926;110720;673.2;5;11230208412;S
20240926;110723;673.2;19;11230209483;S
20240926;110733;673.4;19;11230212099;B
20240926;110744;673.4;298;11230214848;B
20240926;110744;673.4;100;11230214849;B
20240926;110744;673.4;6;11230214850;B
20240926;110744;673.4;4;11230214851;B
20240926;110744;673.6;50;11230214852;B
20240926;110744;673.8;51;11230214853;B
20240926;110744;674.4;3;11230214854;B
20240926;110744;674.4;1;11230214855;B
20240926;110744;674.8;15;11230214856;B
20240926;110744;674.8;97;11230214857;B
20240926;110744;675;1048;11230214858;B
20240926;110744;675;1;11230214859;B
20240926;110744;676.6;22;11230214860;B
20240926;110744;676.8;3;11230214861;B
20240926;110744;677.8;146;11230214862;B
20240926;110744;678;111;11230214863;B
20240926;110744;678.2;385;11230214864;B
20240926;110744;678.4;300;11230214865;B
20240926;110744;678.8;30;11230214866;B
20240926;110744;678.8;700;11230214867;B
20240926;110744;679;129;11230214868;B
20240926;110745;676.4;47;11230214956;B
20240926;110745;676.4;40;11230214957;B
20240926;110745;676.8;28;11230214958;B
20240926;110745;677.8;35;11230214959;B
20240926;110746;676.6;11;11230215217;S
20240926;110834;678.8;146;11230227613;B
20240926;110834;678.8;40;11230227614;B
20240926;110834;679;814;11230227615;B
20240926;110918;677.4;6;11230237028;S
20240926;111009;677.8;5;11230247953;B
20240926;111009;677.8;40;11230247954;B
20240926;111009;678;3;11230247958;B
20240926;111054;677;1;11230258560;S
20240926;111123;677.4;4;11230265425;S
20240926;111141;679;300;11230271885;B
20240926;111143;679;100;11230273355;B
20240926;111143;679;36;11230274473;B
20240926;111145;679;300;11230275854;B
20240926;111145;679;17;11230275862;B
20240926;111145;679;13;11230275863;B
20240926;111145;679;90;11230276845;B
20240926;111147;679;50;11230279051;B
20240926;111152;679;100;11230284974;B
20240926;111153;678.8;50;11230286327;B
20240926;111153;679;50;11230286328;B
20240926;111154;679;1;11230286885;B
20240926;111156;680;1;11230288450;B
20240926;111246;680;27;11230338493;B
20240926;111246;680;10;11230338494;B
20240926;111246;680;1;11230338495;B
20240926;111246;680;50;11230338496;B
20240926;111246;680.2;28;11230338497;B
20240926;111246;680.4;28;11230338498;B
20240926;111246;680.4;1;11230338499;B
20240926;111246;680.6;28;11230338500;B
20240926;111246;680.8;27;11230338501;B
20240926;111247;680.8;1;11230338719;B
20240926;111247;680.8;21;11230338720;B
20240926;111247;678.8;20;11230338724;S
20240926;111247;678.8;8;11230338737;S
20240926;111247;678.8;21;11230338747;S
20240926;111247;678.8;3;11230338748;S
20240926;111247;678.8;12;11230338753;S
20240926;111247;678.8;44;11230338754;S
20240926;111247;678.8;21;11230338755;S
20240926;111247;678.8;1;11230338759;S
20240926;111247;678.8;16;11230338760;S
20240926;111252;680.2;22;11230344760;B
20240926;111252;679.2;26;11230345498;S
20240926;111252;679.2;33;11230345509;S
20240926;111252;679.2;5;11230345510;S
20240926;111252;679.2;19;11230345511;S
20240926;111252;679.2;16;11230345515;S
20240926;111252;679;5;11230345516;S
20240926;111258;679;67;11230351810;S
20240926;111258;679;16;11230351811;S
20240926;111258;679;8;11230351812;S
20240926;111258;679;4;11230351819;S
20240926;111258;679;22;11230351820;S
20240926;111258;679;14;11230351824;S
20240926;111258;678.6;8;11230351825;S
20240926;111301;678.8;1;11230354124;S
20240926;111301;678.8;4;11230354125;S
20240926;111302;678.6;30;11230355907;S
20240926;111302;678.6;37;11230355909;S
20240926;111302;678.6;38;11230355910;S
20240926;111302;678.6;2;11230355911;S
20240926;111302;678;15;11230355912;S
20240926;111302;678;20;11230355913;S
20240926;111310;678.2;6;11230364181;S
20240926;111310;678.2;62;11230364182;S
20240926;111310;678.2;12;11230364185;S
20240926;111310;678.2;20;11230364186;S
20240926;111310;678.2;21;11230364187;S
20240926;111310;678.2;20;11230364188;S
20240926;111310;678.2;4;11230364189;S
20240926;111313;678.4;300;11230368251;S
20240926;111315;677.8;10;11230369926;S
20240926;111317;678.2;16;11230372296;S
20240926;111317;678.4;9;11230372297;S
20240926;111317;678.4;2;11230372304;S
20240926;111317;678.4;14;11230372306;S
20240926;111317;678.4;41;11230372307;S
20240926;111317;678.4;5;11230372308;S
20240926;111317;678.4;18;11230372309;S
20240926;111322;678.8;1;11230377952;S
20240926;111322;678.8;40;11230377953;S
20240926;111323;678;19;11230379848;S
20240926;111323;678;8;11230379852;S
20240926;111323;678;6;11230379865;S
20240926;111323;678;17;11230379879;S
20240926;111323;678;40;11230379880;S
20240926;111323;677.4;16;11230379881;S
20240926;111323;677.4;19;11230379882;S
20240926;111323;677.4;16;11230379886;S
20240926;111325;679.2;1;11230381117;S
20240926;111325;679;19;11230381118;S
20240926;111325;679;9;11230381263;S
20240926;111325;679;12;11230381346;S
20240926;111329;679.4;1;11230385786;S
20240926;111329;679.2;1;11230385787;S
20240926;111329;678.8;1;11230385788;S
20240926;111329;677.4;45;11230385789;S
20240926;111329;677.4;21;11230385812;S
20240926;111329;677.4;16;11230385823;S
20240926;111329;677.4;11;11230385825;S
20240926;111329;677.4;13;11230385862;S
20240926;111329;677.4;14;11230385863;S
20240926;111329;677.4;8;11230385864;S
20240926;111329;677.4;14;11230385868;S
20240926;111331;678.8;1;11230388793;S
20240926;111331;678.8;10;11230388794;S
20240926;111334;677.2;46;11230391933;S
20240926;111334;677.2;1;11230391937;S
20240926;111334;677;1;11230391938;S
20240926;111334;677;5;11230391939;S
20240926;111334;676.6;1;11230391940;S
20240926;111334;676.2;14;11230391941;S
20240926;111334;676;5;11230391942;S
20240926;111334;676;48;11230391943;S
20240926;111336;677.2;1;11230394932;B
20240926;111338;677.4;1;11230397088;B
20240926;111339;677;1;11230397575;S
20240926;111339;676;1;11230397576;S
20240926;111347;677.8;1;11230406877;B
20240926;111348;677.6;1;11230408275;B
20240926;111348;677.8;1;11230408427;B
20240926;111400;677.8;1;11230421961;B
20240926;111403;678.2;1;11230425211;B
20240926;111418;678.2;9;11230442955;S
20240926;111428;678.4;4;11230454619;S
20240926;111430;679.4;1;11230457684;B
20240926;111431;679.6;1;11230458710;B
20240926;111435;679.8;1;11230463664;B
20240926;111437;679.8;1;11230465786;B
20240926;111438;679.2;1;11230466339;S
20240926;111438;678.6;1;11230466340;S
20240926;111438;678.6;23;11230466341;S
20240926;111441;679.4;1;11230470418;S
20240926;111441;679.4;1;11230470434;B
20240926;111444;678.8;1;11230474233;S
20240926;111444;679.6;1;11230474590;B
20240926;111446;678.4;1;11230475927;S
20240926;111448;678.8;1;11230478590;S
20240926;111451;679.6;1;11230483053;B
20240926;111453;679;1;11230485130;S
20240926;111458;678.8;49;11230490735;B
20240926;111458;679;5;11230490736;B
20240926;111458;679.6;1;11230490737;B
20240926;111458;679.8;98;11230490738;B
20240926;111458;680;146;11230490739;B
20240926;111458;680.2;233;11230490740;B
20240926;111458;680.4;100;11230490741;B
20240926;111458;681;28;11230490742;B
20240926;111458;681.2;28;11230490743;B
20240926;111458;681.2;9;11230490744;B
20240926;111458;681.2;96;11230490745;B
20240926;111458;681.4;28;11230490746;B
20240926;111458;681.6;10;11230490747;B
20240926;111458;681.6;28;11230490748;B
20240926;111458;681.8;28;11230490749;B
20240926;111458;682;7;11230490750;B
20240926;111458;682;59;11230490751;B
20240926;111458;682.2;37;11230490752;B
20240926;111458;681.6;1;11230490758;B
20240926;111458;678.6;1;11230490809;S
20240926;111458;678.6;1;11230490810;S
20240926;111458;678.6;8;11230490811;S
20240926;111458;678.4;38;11230490812;S
20240926;111458;678.4;12;11230490816;S
20240926;111458;678.4;8;11230490817;S
20240926;111458;678.4;6;11230490827;S
20240926;111458;678.2;9;11230490828;S
20240926;111458;678.2;20;11230490839;S
20240926;111458;678.2;14;11230490843;S
20240926;111458;678.2;5;11230490844;S
20240926;111458;678.2;20;11230490848;S
20240926;111458;680.2;50;11230491396;B
20240926;111500;680.2;1;11230492649;B
20240926;111500;680.4;2;11230492892;B
20240926;111500;680.4;8;11230492893;B
20240926;111501;680.6;1;11230494538;B
20240926;111502;681;1;11230494998;B
20240926;111502;679.8;1;11230494999;S
20240926;111502;680;1;11230495631;S
20240926;111502;681;1;11230495953;B
20240926;111505;679.6;1;11230498197;S
20240926;111505;679.2;8;11230498198;S
20240926;111505;678.4;1;11230498199;S
20240926;111505;678.4;4;11230498200;S
20240926;111505;678.2;9;11230498201;S
20240926;111505;678.2;9;11230498237;S
20240926;111505;678.2;5;11230498255;S
20240926;111505;678;1;11230498256;S
20240926;111505;678;2;11230498257;S
20240926;111505;678;18;11230498263;S
20240926;111505;678;13;11230498267;S
20240926;111505;677.8;3;11230498268;S
20240926;111505;677.8;75;11230498276;S
20240926;111506;679.6;1;11230499299;B
20240926;111506;679.2;1;11230499890;B
20240926;111508;678.8;1;11230501329;B
20240926;111512;677.8;18;11230505738;S
20240926;111512;677.6;8;11230505739;S
20240926;111512;677.6;15;11230505740;S
20240926;111512;677.6;5;11230505741;S
20240926;111512;677.6;43;11230505742;S
20240926;111512;677.6;13;11230505744;S
20240926;111512;677.4;7;11230505745;S
20240926;111512;677.4;20;11230505746;S
20240926;111512;677.4;18;11230505747;S
20240926;111512;677.4;3;11230505748;S
20240926;111515;678.2;1;11230509260;S
20240926;111516;678.2;1;11230509882;B
20240926;111516;678.2;8;11230510463;B
20240926;111517;677.4;2;11230510920;S
20240926;111517;676.8;20;11230510921;S
20240926;111517;676.8;16;11230510922;S
20240926;111517;676.8;12;11230510947;S
20240926;111517;676.8;21;11230510951;S
20240926;111517;676.8;21;11230510952;S
20240926;111517;676.8;17;11230510956;S
20240926;111517;676.8;4;11230510957;S
20240926;111517;676.8;20;11230510962;S
20240926;111521;677.8;1;11230514984;B
20240926;111521;676.4;1;11230515632;S
20240926;111521;676.2;1;11230515633;S
20240926;111521;676;20;11230515634;S
20240926;111521;675.6;1;11230515635;S
20240926;111521;675.4;7;11230515636;S
20240926;111521;675.8;8;11230515643;S
20240926;111521;675.8;12;11230515647;S
20240926;111521;675.8;21;11230515651;S
20240926;111521;675.8;18;11230515652;S
20240926;111521;675.8;21;11230515656;S
20240926;111523;677.8;1;11230517347;B
20240926;111524;678.6;1;11230518605;B
20240926;111528;677.8;1;11230522139;S
20240926;111528;676;7;11230522140;S
20240926;111528;675.2;1;11230522141;S
20240926;111528;675.6;11;11230522178;S
20240926;111528;675.6;75;11230522182;S
20240926;111533;677.2;19;11230527704;S
20240926;111533;677.4;61;11230527750;S
20240926;111533;677.4;38;11230527758;S
20240926;111533;677.4;1;11230527762;S
20240926;111534;677.4;208;11230528331;S
20240926;111536;677.2;154;11230530715;S
20240926;111538;678.4;1;11230532644;B
20240926;111539;675.4;1;11230533334;S
20240926;111539;675.2;1;11230533335;S
20240926;111539;675;1;11230533336;S
20240926;111539;675;2;11230533337;S
20240926;111539;675;8;11230533347;S
20240926;111539;675;21;11230533348;S
20240926;111539;674.8;38;11230533349;S
20240926;111539;674.8;12;11230533359;S
20240926;111539;674.4;61;11230533360;S
20240926;111540;677.8;1;11230534186;B
20240926;111540;677.8;1;11230534548;B
20240926;111545;675.4;10;11230539989;S
20240926;111545;675.4;2;11230539990;S
20240926;111545;675.2;6;11230539991;S
20240926;111546;675.2;11;11230540041;S
20240926;111546;675.2;14;11230540048;S
20240926;111546;675.2;46;11230540049;S
20240926;111546;675;40;11230540053;S
20240926;111546;675;7;11230540054;S
20240926;111546;674.8;8;11230540055;S
20240926;111547;676.6;38;11230541732;S
20240926;111547;676.4;62;11230541733;S
20240926;111547;676.6;19;11230541811;S
20240926;111549;677.4;1;11230543383;B
20240926;111551;675.6;262;11230545051;S
20240926;111551;675.6;10;11230545052;S
20240926;111553;676.4;5;11230547703;S
20240926;111555;677;1;11230549562;B
20240926;111557;677;1;11230552136;B
20240926;111600;677.2;2;11230554893;B
20240926;111604;677.2;1;11230559337;B
20240926;111613;677.2;100;11230570047;B
20240926;111616;675.8;1;11230574010;S
20240926;111616;676.4;1;11230574081;B
20240926;111617;676.6;1;11230574846;B
20240926;111617;676.4;4;11230574999;B
20240926;111618;676.2;1;11230575799;B
20240926;111622;675.8;43;11230580126;B
20240926;111622;675.8;40;11230580127;B
20240926;111622;676.2;8;11230580128;B
20240926;111622;676.8;9;11230580129;B
20240926;111634;676.6;1;11230594334;B
20240926;111637;678.8;1;11230596858;B
20240926;111638;678.8;1;11230598000;B
20240926;111640;676.8;100;11230600034;S
20240926;111640;676.8;40;11230600035;S
20240926;111646;676.8;1;11230608033;S
20240926;111656;676.8;50;11230618759;S
20240926;111704;676.2;1;11230626740;S
20240926;111716;676;1;11230640937;B
20240926;111719;675.6;1;11230645256;S
20240926;111745;675.6;1;11230674429;B
20240926;111745;675.8;19;11230674430;B
20240926;111748;675.4;1;11230678013;S
20240926;111748;675;1;11230678014;S
20240926;111748;674.6;1;11230678015;S
20240926;111748;674.6;1;11230678016;S
20240926;111748;674.6;4;11230678017;S
20240926;111748;674.4;2;11230678018;S
20240926;111748;674.4;12;11230678019;S
20240926;111748;674.2;35;11230678020;S
20240926;111801;675.8;49;11230692864;B
20240926;111801;675.8;40;11230692865;B
20240926;111801;676;11;11230692866;B
20240926;111809;675;30;11230700722;S
20240926;111809;675;24;11230700723;S
20240926;111822;675.8;1;11230713005;S
20240926;111839;675.4;1;11230728845;S
20240926;111839;675;1;11230728846;S
20240926;111839;674.4;1;11230728847;S
20240926;111839;674.4;1;11230728848;S
20240926;111839;674.2;1;11230728849;S
20240926;111933;675.2;1;11230786867;S
20240926;111933;674.8;1;11230786868;S
20240926;111933;674.6;1;11230786869;S
20240926;112011;674.8;12;11230829605;S
20240926;112011;674.8;35;11230829606;S
20240926;112011;674.4;5;11230829607;S
20240926;112011;674.4;146;11230829608;S
20240926;112011;674.2;114;11230829609;S
20240926;112011;674.2;1;11230829610;S
20240926;112011;674.2;2;11230829611;S
20240926;112011;674.2;10;11230829612;S
20240926;112011;674.2;50;11230829613;S
20240926;112011;674.2;12;11230829766;B
20240926;112011;674.2;1;11230830085;B
20240926;112030;674.2;1;11230851373;B
20240926;112035;674.2;1;11230858456;B
20240926;112038;674;20;11230861564;S
20240926;112040;674;1;11230863192;S
20240926;112042;674;29;11230865384;S
20240926;112042;674;20;11230865385;S
20240926;112042;674;1;11230865386;S
20240926;112047;673.6;3;11230871612;S
20240926;112047;673.4;10;11230871613;S
20240926;112047;673.4;3;11230871614;S
20240926;112047;673.2;1;11230871615;S
20240926;112047;673.2;6;11230871616;S
20240926;112047;673.2;8;11230871617;S
20240926;112050;674;40;11230874353;B
20240926;112050;674;80;11230874354;B
20240926;112050;674.2;880;11230874355;B
20240926;112102;674;2;11230888864;S
20240926;112129;674;48;11230913990;B
20240926;112129;674;22;11230913991;B
20240926;112134;674.2;5;11230919171;B
20240926;112140;674.2;2;11230923876;B
20240926;112236;674.2;741;11230984333;B
20240926;112236;674.2;12;11230984376;B
20240926;112237;674.2;100;11230984974;B
20240926;112237;674.2;20;11230985109;B
20240926;112245;674;1;11230994365;S
20240926;112245;674.2;6;11230994872;B
20240926;112247;674.2;3;11230997288;B
20240926;112323;674.2;1;11231037005;B
20240926;112324;674.2;2;11231038131;B
20240926;112324;674.2;60;11231038575;B
20240926;112335;675.8;74;11231051020;B
20240926;112336;675.8;87;11231052310;B
20240926;112339;675.8;2;11231056085;B
20240926;112348;675.6;5;11231066055;S
20240926;112348;674.4;14;11231066056;S
20240926;112348;674.4;11;11231066057;S
20240926;112403;675.8;1;11231082284;B
20240926;112450;675.8;35;11231127242;B
20240926;112450;675.8;40;11231127243;B
20240926;112450;676.2;25;11231127244;B
20240926;112503;675.6;1;11231141679;B
20240926;112503;675.6;40;11231141680;B
20240926;112503;675.8;17;11231141681;B
20240926;112503;676;50;11231141682;B
20240926;112503;676;11;11231141683;B
20240926;112503;676.2;26;11231141684;B
20240926;112509;675.8;6;11231148329;B
20240926;112509;675.8;40;11231148330;B
20240926;112509;676;94;11231148331;B
20240926;112509;676.2;10;11231148332;B
20240926;112606;675.4;1;11231211894;S
20240926;112633;675.2;1;11231243473;B
20240926;112633;675.2;40;11231243793;B
20240926;112633;675.2;140;11231243794;B
20240926;112642;675.4;1;11231255160;B
20240926;112719;675.2;20;11231292304;B
20240926;112812;675.2;1;11231327631;B
20240926;112823;675.2;4;11231328981;B
20240926;112828;675;1;11231329608;S
20240926;112912;675.2;8;11231335365;B
20240926;112912;675.2;28;11231335366;B
20240926;112912;675.2;12;11231335371;B
20240926;112912;675.2;5;11231335372;B
20240926;112912;675.4;17;11231335373;B
20240926;112913;675.4;2;11231335473;S
20240926;112913;675.4;2;11231335478;B
20240926;112913;675.4;34;11231335479;B
20240926;112913;675.4;6;11231335487;B
20240926;112920;675.4;30;11231336331;S
20240926;112923;675.4;36;11231336670;S
20240926;112923;675.4;36;11231336677;B
20240926;112923;675.4;4;11231336685;B
20240926;112923;675.4;32;11231336686;S
20240926;112924;675.4;36;11231336692;S
20240926;112924;675.4;6;11231336716;B
20240926;112924;675.4;30;11231336717;B
20240926;112924;675.4;10;11231336726;B
20240926;112924;675.4;26;11231336734;S
20240926;112924;675.4;1;11231336747;S
20240926;113022;675;1;11231343547;S
20240926;113023;674.8;10;11231343747;S
20240926;113023;674.8;6;11231343748;S
20240926;113023;674.8;1;11231343749;S
20240926;113030;674.4;6;11231344474;S
20240926;113113;674.4;5;11231349873;S
20240926;113143;674.8;52;11231353986;B
20240926;113150;674.8;1;11231354866;B
20240926;113200;674.8;1;11231355960;B
20240926;113204;674.8;46;11231356459;B
20240926;113255;676;1;11231363191;B
20240926;113258;675.6;1;11231363430;S
20240926;113258;675.6;1;11231363460;S
20240926;113259;675.6;1;11231363530;B
20240926;113434;676;1;11231374468;B
20240926;113434;676;1;11231374498;B
20240926;113435;676;1;11231374589;B
20240926;113435;676;1;11231374620;B
20240926;113435;676;1;11231374654;B
20240926;113440;676;9;11231375102;B
20240926;113442;676.2;2;11231375350;S
20240926;113551;676.8;40;11231382161;B
20240926;113551;677;40;11231382162;B
20240926;113551;677;30;11231382163;B
20240926;113551;677;9;11231382164;B
20240926;113551;677.4;131;11231382165;B
20240926;113624;677;37;11231385087;B
20240926;113624;677;14;11231385088;B
20240926;113709;676.8;4;11231389492;B
20240926;113709;677;1;11231389493;B
20240926;113709;677;24;11231389494;B
20240926;113831;676.4;1;11231397578;S
20240926;113831;676.4;6;11231397579;S
20240926;113831;676.4;40;11231397580;S
20240926;113831;676.2;6;11231397581;S
20240926;113831;676;30;11231397582;S
20240926;113831;676;3;11231397583;S
20240926;113831;676;15;11231397584;S
20240926;113831;675.8;67;11231397585;S
20240926;113831;675.6;1;11231397586;S
20240926;113831;675.6;30;11231397587;S
20240926;113831;675.4;50;11231397588;S
20240926;113831;675;148;11231397589;S
20240926;113831;674.8;52;11231397590;S
20240926;113831;676.2;5;11231397594;S
20240926;113831;676.2;19;11231397595;S
20240926;113832;677;32;11231397640;B
20240926;113903;676.6;18;11231400975;B
20240926;113903;676.8;40;11231400976;B
20240926;113903;677.2;50;11231400977;B
20240926;113903;677.4;146;11231400978;B
20240926;113903;677.6;100;11231400979;B
20240926;113903;677.6;18;11231400980;B
20240926;113903;677.8;50;11231400981;B
20240926;113903;678.2;78;11231400982;B
20240926;113905;677.4;3;11231401100;B
20240926;113918;677.4;30;11231402742;B
20240926;113922;677.4;95;11231403101;B
20240926;113957;677;1;11231406283;B
20240926;114023;676.2;12;11231408738;S
20240926;114023;676;40;11231408739;S
20240926;114023;676;11;11231408740;S
20240926;114032;676;3;11231409545;S
20240926;114152;676;1;11231418797;S
20240926;114152;676;9;11231418798;S
20240926;114257;676;21;11231425317;S
20240926;114302;676;15;11231425751;B
20240926;114302;676;20;11231425752;B
20240926;114306;676.4;3;11231426162;B
20240926;114333;675;150;11231430141;S
20240926;114333;675;5;11231430142;S
20240926;114333;674.8;36;11231430143;S
20240926;114358;674.8;66;11231433099;S
20240926;114358;674.8;3;11231433100;S
20240926;114358;674.4;14;11231433101;S
20240926;114358;674.4;10;11231433102;S
20240926;114358;674.4;40;11231433103;S
20240926;114358;674.2;100;11231433104;S
20240926;114358;674.2;112;11231433105;S
20240926;114358;674;10;11231433106;S
20240926;114358;674;2;11231433107;S
20240926;114358;673.8;50;11231433108;S
20240926;114358;673.6;25;11231433109;S
20240926;114358;673.4;40;11231433110;S
20240926;114358;673.2;97;11231433111;S
20240926;114358;673;25;11231433112;S
20240926;114358;673;25;11231433113;S
20240926;114358;673;25;11231433114;S
20240926;114358;673;8;11231433115;S
20240926;114358;673;1;11231433116;S
20240926;114358;673;1;11231433117;S
20240926;114358;673;18;11231433118;B
20240926;114358;673;13;11231433129;B
20240926;114359;673;2;11231433191;B
20240926;114401;673;11;11231433471;B
20240926;114406;673;2;11231434010;B
20240926;114406;674.4;1;11231434011;B
20240926;114410;674.2;1;11231434392;S
20240926;114410;673.8;1;11231434393;S
20240926;114410;673;1;11231434394;S
20240926;114410;673;7;11231434395;S
20240926;114410;672.8;5;11231434396;S
20240926;114410;672.8;20;11231434397;S
20240926;114410;672.6;1;11231434398;S
20240926;114410;672.6;28;11231434399;S
20240926;114433;673.2;3;11231436781;S
20240926;114438;674.8;1;11231437323;B
20240926;114505;675.4;1;11231439612;B
20240926;114513;675.4;15;11231440373;B
20240926;114559;675.4;20;11231444962;B
20240926;114608;675;1;11231445908;S
20240926;114638;674.8;1;11231448816;S
20240926;114729;675;5;11231453693;B
20240926;114730;675;14;11231453705;B
20240926;114731;675;1;11231453799;B
20240926;114741;674.8;1;11231454929;S
20240926;114747;675;1;11231455398;S
20240926;114747;675;10;11231455399;S
20240926;114841;675;1;11231460459;B
20240926;114843;675.2;3;11231460586;B
20240926;114855;675;5;11231462125;B
20240926;114907;674.8;1;11231463029;S
20240926;114914;674.8;3;11231463595;S
20240926;115104;674.8;9;11231475231;S
20240926;115125;674.8;6;11231477250;S
20240926;115125;674.8;1;11231477251;S
20240926;115125;674.6;1;11231477252;S
20240926;115125;674.6;2;11231477253;S
20240926;115140;674;1;11231478706;S
20240926;115154;674.2;1;11231480146;S
20240926;115200;674;1;11231480735;S
20240926;115200;674;5;11231480736;S
20240926;115211;675.2;1;11231481890;B
20240926;115213;675.2;1;11231481988;B
20240926;115218;675;1;11231482470;S
20240926;115333;675.2;2;11231488960;B
20240926;115333;675.2;28;11231488961;B
20240926;115333;675.2;12;11231488967;B
20240926;115333;675.2;3;11231488968;B
20240926;115404;675.4;1;11231492328;B
20240926;115417;675.4;1;11231493663;B
20240926;115451;675.4;4;11231497094;B
20240926;115504;675.4;1;11231498272;B
20240926;115528;675.2;1;11231500428;S
20240926;115528;675.2;6;11231500429;S
20240926;115528;675.2;5;11231500430;S
20240926;115613;675.2;8;11231505146;B
20240926;115613;675.4;9;11231505147;B
20240926;115614;675.4;6;11231505384;B
20240926;115642;675.4;15;11231508652;B
20240926;115725;675.4;75;11231519486;B
20240926;115725;675.6;40;11231519487;B
20240926;115725;675.6;8;11231519488;B
20240926;115725;676;50;11231519489;B
20240926;115725;676.2;97;11231519490;B
20240926;115725;676.8;146;11231519491;B
20240926;115725;677;284;11231519492;B
20240926;115804;675.6;1;11231525542;S
20240926;115804;675.4;1;11231525543;S
20240926;115804;675.4;40;11231525544;S
20240926;115804;675.4;9;11231525545;S
20240926;115804;674.2;8;11231525546;S
20240926;115804;674;41;11231525547;S
20240926;115804;674;50;11231525548;S
20240926;115804;673.8;5;11231525549;S
20240926;115804;673.8;5;11231525550;S
20240926;115804;673.6;96;11231525551;S
20240926;115804;673.4;2;11231525552;S
20240926;115804;673.2;5;11231525553;S
20240926;115804;673.2;1;11231525554;S
20240926;115804;673.2;10;11231525555;S
20240926;115804;673.2;10;11231525556;S
20240926;115804;673.2;85;11231525557;S
20240926;115804;673.2;146;11231525558;S
20240926;115804;673;500;11231525559;S
20240926;115804;673;1;11231525560;S
20240926;115804;673;1;11231525561;S
20240926;115804;673;6;11231525562;S
20240926;115804;672.6;1;11231525563;S
20240926;115804;672.4;1;11231525564;S
20240926;115804;672.4;13;11231525565;S
20240926;115808;675;1;11231525984;B
20240926;115932;675;13;11231534627;B
20240926;115940;675.8;3;11231535294;B
20240926;115945;675.8;7;11231535804;B
20240926;115945;676;8;11231535805;B
20240926;115947;676;88;11231535933;B
20240926;115947;676.2;12;11231535934;B
20240926;120025;676.8;11;11231539788;B
20240926;120025;676.8;39;11231539789;B
20240926;120026;675.8;1;11231539855;S
20240926;120054;676.2;1;11231543063;S
20240926;120054;676.2;1;11231543064;S
20240926;120058;676.6;1;11231543442;S
20240926;120058;676.8;1;11231543448;B
20240926;120058;676.8;1;11231543454;B
20240926;120058;676.8;1;11231543526;B
20240926;120059;676.8;1;11231543586;B
20240926;120059;676.8;1;11231543614;B
20240926;120059;676.8;1;11231543627;B
20240926;120100;676.8;1;11231543657;B
20240926;120100;676.8;1;11231543679;B
20240926;120100;676.8;1;11231543688;B
20240926;120100;676.8;1;11231543720;B
20240926;120101;676.8;1;11231543756;B
20240926;120101;677;1;11231543783;B
20240926;120101;677;1;11231543801;B
20240926;120101;677;1;11231543815;B
20240926;120110;676.2;4;11231544721;S
20240926;120110;676.2;40;11231544722;S
20240926;120110;676;462;11231544723;S
20240926;120111;675.4;2;11231544829;S
20240926;120111;675.4;2;11231544830;S
20240926;120200;676.8;75;11231551678;B
20240926;120200;677;25;11231551679;B
20240926;120246;677;223;11231558638;B
20240926;120246;677;15;11231558639;B
20240926;120246;677.2;28;11231558640;B
20240926;120246;677.2;40;11231558641;B
20240926;120313;678.6;1;11231562039;S
20240926;120321;677.6;1;11231563098;S
20240926;120321;677.6;40;11231563099;S
20240926;120326;677.8;1;11231563558;S
20240926;120327;678.4;1;11231563660;B
20240926;120327;677.4;1;11231563661;S
20240926;120327;678;1;11231563699;S
20240926;120327;678;1;11231563700;S
20240926;120328;677.8;1;11231563783;S
20240926;120329;677.2;4;11231563884;S
20240926;120335;677.2;3;11231564339;S
20240926;120335;677.2;40;11231564340;S
20240926;120335;677;6;11231564341;S
20240926;120343;677.8;1;11231565271;B
20240926;120348;677.8;1;11231565839;B
20240926;120431;678.6;1;11231570973;B
20240926;120519;679;5;11231575981;B
20240926;120519;679;40;11231575982;B
20240926;120519;679.2;10;11231575983;B
20240926;120519;679.6;1;11231575984;B
20240926;120519;679.8;146;11231575985;B
20240926;120519;680;150;11231575986;B
20240926;120519;680;3;11231575987;B
20240926;120519;680;95;11231575988;B
20240926;120520;678.8;20;11231576118;B
20240926;120520;679;40;11231576119;B
20240926;120520;680;40;11231576120;B
20240926;120540;680;1;11231577960;B
20240926;120551;679.8;1;11231579288;B
20240926;120551;679.8;40;11231579289;B
20240926;120551;680;19;11231579290;B
20240926;120554;680;45;11231579574;B
20240926;120554;680;1;11231579575;B
20240926;120554;680;4;11231579576;B
20240926;120610;679.8;146;11231581092;B
20240926;120610;679.8;40;11231581093;B
20240926;120610;680;14;11231581094;B
20240926;120614;679.2;281;11231581513;S
20240926;120625;679.4;1;11231583541;B
20240926;120632;679.6;4;11231584224;B
20240926;120636;679.2;1;11231584624;B
20240926;120719;678.8;1;11231588491;B
20240926;120719;678.4;15;11231588504;S
20240926;120729;678.4;90;11231589372;S
20240926;120730;678.4;6;11231589436;S
20240926;120735;678.4;35;11231589892;S
20240926;120740;678.4;11;11231590285;S
20240926;120900;678.6;15;11231597030;B
20240926;120944;678.4;30;11231600713;S
20240926;121007;678.4;50;11231602921;S
20240926;121008;678.4;13;11231602960;S
20240926;121116;677.6;11;11231609909;S
20240926;121116;677.6;40;11231609910;S
20240926;121116;677.4;1;11231609911;S
20240926;121116;676.6;5;11231609912;S
20240926;121116;676.6;1;11231609913;S
20240926;121116;676.4;1;11231609914;S
20240926;121116;676.2;2;11231609915;S
20240926;121116;676.8;48;11231609920;S
20240926;121116;676.2;27;11231609921;S
20240926;121116;676.2;13;11231609923;S
20240926;121116;676.2;8;11231609925;S
20240926;121116;676.2;25;11231609926;S
20240926;121116;676.2;1;11231609927;S
20240926;121116;676.2;18;11231609928;S
20240926;121123;677.2;59;11231610629;S
20240926;121123;677.2;1;11231610630;S
20240926;121123;677.2;23;11231610631;S
20240926;121123;677.2;31;11231610632;S
20240926;121123;677.2;4;11231610633;S
20240926;121126;677;1;11231610989;S
20240926;121126;677;9;11231610990;S
20240926;121127;676.2;13;11231611091;S
20240926;121127;676.2;30;11231611092;S
20240926;121127;676.2;8;11231611115;S
20240926;121127;676.2;67;11231611116;S
20240926;121132;676.6;1;11231611687;S
20240926;121132;676.6;3;11231611688;S
20240926;121132;676.6;13;11231611689;S
20240926;121132;676.6;2;11231611690;S
20240926;121132;676.6;22;11231611691;S
20240926;121132;676.2;29;11231611692;S
20240926;121132;676;3;11231611693;S
20240926;121132;676;53;11231611694;S
20240926;121139;676.4;73;11231612317;S
20240926;121139;676.4;56;11231612318;S
20240926;121140;676.4;42;11231612345;S
20240926;121140;676.4;40;11231612346;S
20240926;121140;676.4;24;11231612347;S
20240926;121140;676.2;1;11231612348;S
20240926;121140;676.2;1;11231612349;S
20240926;121141;676;100;11231612476;S
20240926;121141;676;112;11231612541;S
20240926;121142;676;91;11231612576;S
20240926;121142;676;9;11231612577;S
20240926;121142;676;1;11231612594;S
20240926;121145;675.2;6;11231612872;S
20240926;121145;675.2;22;11231612873;S
20240926;121145;675.2;18;11231612874;S
20240926;121145;674.2;20;11231612875;S
20240926;121145;674.2;75;11231612877;S
20240926;121151;674.6;40;11231613611;S
20240926;121151;674.6;16;11231613612;S
20240926;121151;674;1;11231613613;S
20240926;121152;673.8;8;11231613689;S
20240926;121152;673.8;10;11231613690;S
20240926;121152;673.8;2;11231613691;S
20240926;121152;673.6;75;11231613692;S
20240926;121152;673.6;25;11231613694;S
20240926;121152;673.6;26;11231613695;S
20240926;121200;673.4;50;11231614649;S
20240926;121200;673.4;2;11231614650;S
20240926;121200;673.4;45;11231614651;S
20240926;121200;673.4;12;11231614652;S
20240926;121206;673.2;15;11231615306;S
20240926;121206;673.2;40;11231615307;S
20240926;121206;673;1;11231615308;S
20240926;121206;673;1;11231615309;S
20240926;121206;673;10;11231615310;S
20240926;121206;673;5;11231615311;S
20240926;121206;673;3;11231615312;S
20240926;121206;673;17;11231615313;S
20240926;121206;672.8;1;11231615314;S
20240926;121206;672.8;10;11231615315;S
20240926;121206;672.8;7;11231615316;S
20240926;121206;672.8;30;11231615317;S
20240926;121212;673;48;11231616065;S
20240926;121212;673;6;11231616066;S
20240926;121212;673;34;11231616067;S
20240926;121212;673;20;11231616068;S
20240926;121212;672.8;21;11231616069;S
20240926;121215;675;1;11231616434;B
20240926;121215;675;2;11231616435;B
20240926;121215;675.2;8;11231616436;B
20240926;121218;675;1;11231616701;B
20240926;121219;673.4;2;11231616912;S
20240926;121219;673.4;40;11231616913;S
20240926;121219;673.4;2;11231616914;S
20240926;121219;673;15;11231616915;S
20240926;121219;673;23;11231616916;S
20240926;121219;672.8;3;11231616917;S
20240926;121222;675;1;11231617283;B
20240926;121225;673.4;4;11231617710;S
20240926;121225;673.4;8;11231617711;S
20240926;121225;673.4;40;11231617712;S
20240926;121225;673;1;11231617713;S
20240926;121225;672.8;26;11231617714;S
20240926;121225;672.8;14;11231617716;S
20240926;121225;672.8;15;11231617717;S
20240926;121231;673;40;11231618335;S
20240926;121231;673;11;11231618336;S
20240926;121231;672.8;24;11231618337;S
20240926;121231;672.8;46;11231618338;S
20240926;121232;672.8;20;11231618391;S
20240926;121236;673;75;11231618804;S
20240926;121236;673;37;11231618806;S
20240926;121236;673;6;11231618807;S
20240926;121236;673;31;11231618808;S
20240926;121242;674.4;20;11231619300;B
20240926;121242;674.4;40;11231619301;B
20240926;121244;673.2;14;11231619550;S
20240926;121244;673.2;7;11231619551;S
20240926;121244;673.2;33;11231619552;S
20240926;121244;673;8;11231619553;S
20240926;121244;673;42;11231619555;S
20240926;121244;672.8;5;11231619556;S
20240926;121244;672.8;15;11231619557;S
20240926;121250;673;4;11231620207;S
20240926;121250;673;16;11231620208;S
20240926;121250;673;17;11231620209;S
20240926;121250;673;40;11231620210;S
20240926;121250;673;2;11231620211;S
20240926;121254;673;75;11231620740;S
20240926;121254;673;12;11231620741;S
20240926;121302;673;11;11231621514;S
20240926;121302;673;50;11231621515;S
20240926;121302;673;1;11231621516;S
20240926;121302;672.8;1;11231621517;S
20240926;121302;672.8;11;11231621518;S
20240926;121302;672.8;24;11231621523;S
20240926;121302;672.8;6;11231621524;S
20240926;121302;672.8;6;11231621525;S
20240926;121302;672.8;6;11231621526;S
20240926;121302;672.8;6;11231621527;S
20240926;121302;672.8;6;11231621528;S
20240926;121302;672.8;6;11231621529;S
20240926;121302;672.8;6;11231621530;S
20240926;121302;672.8;6;11231621531;S
20240926;121302;672.8;3;11231621532;S
20240926;121309;673;2;11231622316;S
20240926;121309;672.8;3;11231622318;S
20240926;121309;672.8;5;11231622319;S
20240926;121309;672.8;5;11231622320;S
20240926;121309;672.8;5;11231622321;S
20240926;121309;672.8;5;11231622322;S
20240926;121309;672.8;5;11231622323;S
20240926;121309;672.8;5;11231622324;S
20240926;121309;672.8;5;11231622325;S
20240926;121309;672.8;2;11231622326;S
20240926;121309;672.8;3;11231622327;S
20240926;121309;672.8;4;11231622328;S
20240926;121309;672.8;4;11231622329;S
20240926;121309;672.8;4;11231622330;S
20240926;121309;672.8;60;11231622331;S
20240926;121309;672.8;29;11231622332;S
20240926;121316;672.8;3;11231622943;S
20240926;121316;672.8;8;11231622945;S
20240926;121316;672.8;1;11231622946;S
20240926;121316;672.8;1;11231622947;S
20240926;121316;672.8;62;11231622948;S
20240926;121316;672.8;38;11231622949;S
20240926;121316;672.8;1;11231622950;S
20240926;121316;672.8;36;11231622951;S
20240926;121321;674.4;2;11231623416;B
20240926;121322;673;34;11231623439;S
20240926;121322;673;75;11231623440;S
20240926;121322;673;40;11231623446;S
20240926;121326;673.2;4;11231623926;S
20240926;121326;673.2;5;11231623927;S
20240926;121326;673.2;41;11231623928;S
20240926;121326;673.2;47;11231623929;S
20240926;121326;673.2;7;11231623930;S
20240926;121326;673.2;4;11231623932;S
20240926;121326;673.2;10;11231623933;S
20240926;121326;673.2;23;11231623934;S
20240926;121326;673.2;2;11231623935;S
20240926;121334;673.2;43;11231624684;S
20240926;121334;673.2;31;11231624685;S
20240926;121334;673.2;1;11231624686;S
20240926;121334;673.2;16;11231624687;S
20240926;121334;673.2;3;11231624688;S
20240926;121334;673.2;4;11231624689;S
20240926;121334;673.2;33;11231624690;S
20240926;121334;673;7;11231624691;S
20240926;121334;673;11;11231624692;S
20240926;121337;674.4;1;11231625011;B
20240926;121339;673.2;75;11231625219;S
20240926;121339;673.2;25;11231625234;S
20240926;121339;673.2;17;11231625235;S
20240926;121346;674.4;2;11231625878;B
20240926;121346;674.4;11;11231625879;S
20240926;121346;674.4;28;11231625880;S
20240926;121346;674.4;75;11231625881;S
20240926;121349;675.2;14;11231626228;B
20240926;121349;675.4;6;11231626229;B
20240926;121352;674.4;2;11231626536;S
20240926;121353;674.4;5;11231626799;S
20240926;121353;674.4;75;11231626800;S
20240926;121353;674.4;9;11231626801;S
20240926;121356;675.2;50;11231627134;B
20240926;121356;675.4;74;11231627135;B
20240926;121400;674.6;17;11231627630;S
20240926;121400;674.6;6;11231627636;S
20240926;121400;674.4;69;11231627647;S
20240926;121408;674.4;63;11231628565;S
20240926;121408;674.4;24;11231628567;S
20240926;121408;674.4;38;11231628568;S
20240926;121412;675.6;11;11231629059;B
20240926;121413;675.4;1;11231629174;B
20240926;121413;675.6;9;11231629175;B
20240926;121415;674.4;6;11231629391;S
20240926;121415;674.4;37;11231629392;S
20240926;121415;674.4;35;11231629395;S
20240926;121420;674.6;33;11231630362;S
20240926;121420;674.4;42;11231630363;S
20240926;121420;674.4;19;11231630364;S
20240926;121420;674.4;40;11231630380;S
20240926;121425;674.4;75;11231631030;S
20240926;121425;674.4;2;11231631031;S
20240926;121433;674.4;75;11231632189;S
20240926;121433;674.4;16;11231632198;S
20240926;121436;675.6;6;11231632685;B
20240926;121440;675;26;11231633344;S
20240926;121440;674.8;49;11231633345;S
20240926;121440;674.8;68;11231633347;S
20240926;121448;675;9;11231634182;S
20240926;121448;674.8;28;11231634183;S
20240926;121448;674.8;55;11231634184;S
20240926;121448;674.6;2;11231634185;S
20240926;121448;674.6;5;11231634186;S
20240926;121448;674.6;6;11231634187;S
20240926;121448;674.4;7;11231634188;S
20240926;121448;674.4;4;11231634189;S
20240926;121448;674.4;9;11231634190;S
20240926;121448;674.4;5;11231634191;S
20240926;121453;674.4;75;11231634721;S
20240926;121453;674.4;5;11231634726;S
20240926;121453;674.4;147;11231634727;S
20240926;121453;674.4;70;11231634735;S
20240926;121453;674.4;30;11231634739;S
20240926;121458;673.8;9;11231635489;S
20240926;121458;673.6;12;11231635490;S
20240926;121458;673.4;30;11231635491;S
20240926;121458;673.4;6;11231635492;S
20240926;121458;673.4;10;11231635493;S
20240926;121458;673.6;6;11231635494;S
20240926;121458;673.4;17;11231635495;S
20240926;121503;673.6;7;11231636281;S
20240926;121503;673.4;41;11231636282;S
20240926;121503;673.2;27;11231636283;S
20240926;121503;673.2;71;11231636284;S
20240926;121511;673.6;5;11231637255;S
20240926;121511;673.4;70;11231637256;S
20240926;121511;673.4;29;11231637257;S
20240926;121511;673.4;1;11231637258;S
20240926;121511;673.2;35;11231637259;S
20240926;121518;673.4;4;11231638033;S
20240926;121518;673.4;1;11231638034;S
20240926;121518;673.4;1;11231638035;S
20240926;121518;673.2;67;11231638036;S
20240926;121518;673.2;7;11231638037;S
20240926;121518;673.2;8;11231638038;S
20240926;121518;673.2;6;11231638039;S
20240926;121518;673;29;11231638040;S
20240926;121522;673.2;3;11231638499;S
20240926;121522;673;4;11231638500;S
20240926;121522;673;68;11231638501;S
20240926;121522;673;75;11231638502;S
20240926;121528;673.2;73;11231639257;S
20240926;121528;673;2;11231639258;S
20240926;121528;673;4;11231639263;S
20240926;121533;673.2;4;11231639782;S
20240926;121533;673.2;4;11231639783;S
20240926;121533;673.2;4;11231639784;S
20240926;121533;673.2;3;11231639785;S
20240926;121533;673.2;3;11231639786;S
20240926;121533;673.2;3;11231639787;S
20240926;121533;673.2;3;11231639788;S
20240926;121533;673.2;3;11231639789;S
20240926;121533;673.2;3;11231639790;S
20240926;121533;673;45;11231639791;S
20240926;121533;673;75;11231639792;S
20240926;121540;673.2;3;11231640572;S
20240926;121540;673.2;72;11231640573;S
20240926;121540;673;75;11231640574;S
20240926;121547;673.2;4;11231641332;S
20240926;121547;673.2;4;11231641333;S
20240926;121547;673.2;4;11231641334;S
20240926;121547;673.2;3;11231641335;S
20240926;121547;673.2;3;11231641336;S
20240926;121547;673.2;3;11231641337;S
20240926;121547;673.2;3;11231641338;S
20240926;121547;673.2;2;11231641339;S
20240926;121547;673.2;1;11231641340;S
20240926;121547;673.2;3;11231641341;S
20240926;121547;673.2;3;11231641342;S
20240926;121547;673;68;11231641343;S
20240926;121555;673.2;1;11231642221;S
20240926;121555;673.2;1;11231642222;S
20240926;121555;673.2;1;11231642223;S
20240926;121555;673.2;1;11231642224;S
20240926;121555;673.2;1;11231642225;S
20240926;121555;673;70;11231642226;S
20240926;121555;673;75;11231642227;S
20240926;121602;673;1;11231642941;S
20240926;121602;673;75;11231642942;S
20240926;121602;673;75;11231642944;S
20240926;121609;673;17;11231643955;S
20240926;121609;673;2;11231643956;S
20240926;121609;673;75;11231643957;S
20240926;121616;673;75;11231644693;S
20240926;121616;673;75;11231644717;S
20240926;121620;673.2;1;11231645249;S
20240926;121623;673;75;11231645723;S
20240926;121623;673;75;11231645740;S
20240926;121630;673;75;11231646532;S
20240926;121630;673;75;11231646552;S
20240926;121638;673.2;30;11231647483;S
20240926;121638;673;26;11231647484;S
20240926;121641;674;2;11231648284;B
20240926;121656;673.8;1;11231650618;B
20240926;121701;674;5;11231651273;S
20240926;121703;674.2;3;11231651453;B
20240926;121703;674.4;5;11231651454;B
20240926;121703;674.4;40;11231651455;B
20240926;121703;674.6;2;11231651456;B
20240926;121806;674.8;1;11231659446;B
20240926;121842;674;9;11231663714;S
20240926;121852;674.2;1;11231664922;B
20240926;121852;674.4;25;11231664923;B
20240926;121852;674.4;40;11231664924;B
20240926;121852;675;20;11231664925;B
20240926;121852;675.4;50;11231664926;B
20240926;121852;675.4;86;11231664927;B
20240926;121852;675.4;48;11231664928;B
20240926;121852;675.4;100;11231664929;B
20240926;121852;675.6;100;11231664930;B
20240926;121852;675.8;30;11231664931;B
20240926;121907;675.6;10;11231666623;B
20240926;122006;675.6;11;11231673023;B
20240926;122030;674.8;1;11231679010;S
20240926;122030;674.8;1;11231679011;S
20240926;122105;675.6;1;11231696886;B
20240926;122105;675.6;3;11231696887;B
20240926;122122;675.8;6;11231703879;B
20240926;122140;674.8;1;11231705759;S
20240926;122219;675.8;3;11231710025;B
20240926;122404;675.6;1;11231722745;B
20240926;122412;675.6;5;11231723650;B
20240926;122412;675.8;2;11231723651;B
20240926;122430;675.8;2;11231725723;B
20240926;122440;675.8;2;11231726918;B
20240926;122549;675.8;1;11231734901;B
20240926;122549;675.8;4;11231734902;B
20240926;122645;675.8;1;11231741133;B
20240926;122646;675.8;39;11231741188;B
20240926;122656;675.8;1;11231742470;B
20240926;122725;675.8;20;11231746413;B
20240926;122746;675.4;2;11231749007;B
20240926;122807;675.4;33;11231751398;B
20240926;122807;675.4;40;11231751399;B
20240926;122807;676;5;11231751400;B
20240926;122807;676.2;55;11231751401;B
20240926;122807;676.2;27;11231751402;B
20240926;122823;676;37;11231753284;B
20240926;122823;676;12;11231753285;B
20240926;122831;676.2;3;11231754175;B
20240926;122831;676.2;6;11231754176;B
20240926;122834;676.2;6;11231754495;B
20240926;122940;676.2;1;11231761731;B
20240926;122940;676.2;3;11231761732;B
20240926;122946;676.4;1;11231762414;B
20240926;122948;676.4;1;11231762616;B
20240926;122948;676.4;4;11231762627;B
20240926;122955;676.2;10;11231763320;B
20240926;122956;676.2;2;11231763400;B
20240926;123022;676.4;94;11231766569;B
20240926;123022;676.4;6;11231766570;B
20240926;123036;676.4;5;11231768134;B
20240926;123132;676.4;1;11231774976;S
20240926;123149;676.4;1;11231777155;B
20240926;123246;676;6;11231783710;S
20240926;123320;676.4;13;11231787586;B
20240926;123320;676.4;40;11231787587;B
20240926;123320;677;37;11231787588;B
20240926;123321;676;1;11231787730;S
20240926;123407;676.6;2;11231794306;B
20240926;123409;676.2;14;11231794539;S
20240926;123409;676.2;40;11231794540;S
20240926;123409;676.2;10;11231794541;S
20240926;123421;676.2;1;11231795835;B
20240926;123506;676.2;3;11231800962;B
20240926;123514;676;1;11231801761;S
20240926;123554;676;2;11231805493;S
20240926;123610;676;1;11231806792;S
20240926;123655;676.2;3;11231810486;B
20240926;123711;676.2;6;11231811946;B
20240926;123734;677;1;11231814208;B
20240926;123735;677;2;11231814337;B
20240926;123902;677;4;11231822755;S
20240926;124008;678;1;11231830075;B
20240926;124023;677.8;1;11231831806;B
20240926;124028;678;2;11231832285;B
20240926;124029;678;1;11231832463;B
20240926;124048;678;11;11231834602;B
20240926;124048;678;1;11231834603;B
20240926;124048;678;49;11231834604;B
20240926;124105;678.6;2;11231836575;B
20240926;124120;678.6;92;11231838109;B
20240926;124120;678.6;40;11231838110;B
20240926;124208;679;1;11231843639;B
20240926;124221;678.8;1;11231844823;B
20240926;124221;678.8;1;11231844824;B
20240926;124228;678.8;32;11231845474;B
20240926;124302;678.8;7;11231848600;B
20240926;124302;678.8;2;11231848601;B
20240926;124302;678.8;13;11231848602;B
20240926;124328;678.2;4;11231850777;S
20240926;124328;678.2;3;11231850778;S
20240926;124334;678;1;11231851231;S
20240926;124350;679;1;11231852773;B
20240926;124402;679;3;11231854001;B
20240926;124420;679;10;11231855666;B
20240926;124420;679;40;11231855667;B
20240926;124420;679.2;15;11231855668;B
20240926;124420;679.2;15;11231855669;B
20240926;124448;678.2;2;11231858382;S
20240926;124448;678.2;30;11231858383;S
20240926;124607;678.2;4;11231866715;S
20240926;124634;678.8;1;11231869976;B
20240926;124634;678.8;40;11231869977;B
20240926;124634;679;14;11231869978;B
20240926;124634;679.2;111;11231869979;B
20240926;124747;679.4;15;11231879940;B
20240926;124747;679.4;1;11231879941;B
20240926;124757;679.4;20;11231880780;B
20240926;124812;679.2;1;11231882338;S
20240926;124819;679.4;1;11231883082;B
20240926;124827;679.2;49;11231883866;S
20240926;124827;679.2;1;11231883867;S
20240926;124827;679.2;1;11231883868;S
20240926;124827;679;33;11231883869;S
20240926;124827;679;4;11231883870;S
20240926;124827;678.4;4;11231883871;S
20240926;124827;678.2;1;11231883872;S
20240926;124827;678.2;13;11231883873;S
20240926;124827;678;3;11231883874;S
20240926;124827;678;16;11231883875;S
20240926;124827;678;3;11231883876;S
20240926;124827;678;3;11231883877;S
20240926;124827;677.8;9;11231883878;S
20240926;124827;677.8;56;11231883879;S
20240926;124827;677.6;10;11231883880;S
20240926;124827;677.6;6;11231883881;S
20240926;124827;677.6;1;11231883882;S
20240926;124827;677.4;10;11231883883;S
20240926;124827;677.2;10;11231883884;S
20240926;124827;677;10;11231883885;S
20240926;124827;677;3;11231883886;S
20240926;124827;677;3;11231883887;S
20240926;124827;676.8;1;11231883888;S
20240926;124827;676.8;37;11231883889;S
20240926;124827;676.6;55;11231883890;S
20240926;124827;676.4;96;11231883891;S
20240926;124827;676.2;146;11231883892;S
20240926;124827;676;5;11231883893;S
20240926;124827;676;1;11231883894;S
20240926;124827;676;1;11231883895;S
20240926;124827;676;23;11231883896;S
20240926;124827;676;3;11231883897;S
20240926;124827;676;10;11231883898;S
20240926;124827;676;4;11231883899;S
20240926;124827;676;35;11231883900;S
20240926;124828;678.6;20;11231883962;S
20240926;124828;679;10;11231884014;B
20240926;124828;678.6;17;11231884027;S
20240926;124840;677.2;6;11231885326;S
20240926;124840;677;43;11231885327;S
20240926;124840;676.8;21;11231885328;S
20240926;124850;677.8;1;11231886416;B
20240926;124939;678.4;1;11231892071;B
20240926;124949;678.4;13;11231893086;B
20240926;124949;678.6;86;11231893087;B
20240926;124949;678.8;40;11231893088;B
20240926;124949;678.8;33;11231893089;B
20240926;124949;679.2;145;11231893090;B
20240926;124949;679.4;4;11231893091;B
20240926;124949;679.4;397;11231893092;B
20240926;124949;679.6;10;11231893093;B
20240926;124949;679.6;83;11231893094;B
20240926;124949;679.6;30;11231893095;B
20240926;124949;679.8;15;11231893096;B
20240926;124949;679.8;15;11231893097;B
20240926;124949;679.8;129;11231893098;B
20240926;124959;679.2;300;11231894012;B
20240926;124959;679.2;40;11231894013;B
20240926;124959;679.4;27;11231894014;B
20240926;124959;679.8;71;11231894015;B
20240926;124959;679.8;100;11231894016;B
20240926;124959;679.8;12;11231894017;B
20240926;124959;680;450;11231894018;B
20240926;125020;679.8;1;11231896313;B
20240926;125020;679.8;9;11231896314;B
20240926;125025;680;1;11231896919;B
20240926;125043;680;15;11231898965;B
20240926;125114;680;10;11231902034;B
20240926;125114;680;10;11231902069;B
20240926;125115;680;10;11231902137;B
20240926;125115;680;10;11231902169;B
20240926;125116;680;10;11231902191;B
20240926;125116;680;10;11231902229;B
20240926;125117;680;10;11231902288;B
20240926;125118;680;10;11231902374;B
20240926;125118;680;10;11231902422;B
20240926;125119;680;10;11231902507;B
20240926;125119;680;10;11231902584;B
20240926;125120;680;10;11231902636;B
20240926;125121;680;10;11231902681;B
20240926;125121;680;10;11231902789;B
20240926;125122;680;10;11231902817;B
20240926;125122;680;10;11231902891;B
20240926;125123;680;10;11231902944;B
20240926;125123;680;10;11231903017;B
20240926;125124;680;10;11231903063;B
20240926;125125;680;10;11231903126;B
20240926;125125;680;10;11231903156;B
20240926;125126;680;10;11231903235;B
20240926;125126;680;10;11231903307;B
20240926;125127;680;10;11231903454;B
20240926;125128;680;10;11231903512;B
20240926;125129;680;10;11231903562;B
20240926;125129;680;10;11231903615;B
20240926;125130;680;10;11231903638;B
20240926;125130;680;10;11231903668;B
20240926;125131;680;10;11231903695;B
20240926;125131;680;10;11231903805;B
20240926;125132;680;10;11231903868;B
20240926;125133;680;10;11231903942;B
20240926;125133;680;10;11231903987;B
20240926;125134;680;10;11231904011;B
20240926;125134;680;10;11231904033;B
20240926;125135;680;10;11231904068;B
20240926;125135;680;10;11231904095;B
20240926;125136;680;10;11231904127;B
20240926;125136;680;117;11231904128;B
20240926;125136;680;10;11231904192;B
20240926;125136;679.8;6;11231904198;B
20240926;125136;679.8;3;11231904199;B
20240926;125136;679.8;37;11231904216;B
20240926;125136;680;17;11231904217;B
20240926;125136;680;2;11231904218;B
20240926;125136;680;100;11231904219;B
20240926;125136;680;44;11231904220;B
20240926;125137;680;10;11231904233;B
20240926;125137;680;10;11231904318;B
20240926;125138;680;10;11231904359;B
20240926;125138;680;10;11231904386;B
20240926;125139;680;10;11231904449;B
20240926;125140;680;6;11231904563;B
20240926;125140;680;4;11231904564;B
20240926;125140;680;10;11231904622;B
20240926;125141;680;10;11231904664;B
20240926;125141;680;10;11231904753;B
20240926;125142;680;10;11231904841;B
20240926;125142;680;10;11231904930;B
20240926;125143;680;10;11231905067;B
20240926;125143;680;10;11231905215;B
20240926;125144;680;10;11231905304;B
20240926;125146;680;10;11231905475;B
20240926;125146;680;10;11231905564;B
20240926;125146;680;30;11231905565;B
20240926;125147;680;10;11231905651;B
20240926;125147;680;10;11231905690;B
20240926;125148;680;10;11231905762;B
20240926;125149;680;10;11231905819;B
20240926;125149;680;10;11231905855;B
20240926;125150;680;10;11231905967;B
20240926;125150;680;6;11231905988;B
20240926;125152;680;4;11231906250;S
20240926;125152;680;10;11231906251;S
20240926;125152;680;10;11231906252;S
20240926;125152;680;10;11231906260;B
20240926;125152;680;10;11231906341;B
20240926;125153;679.8;6;11231906422;B
20240926;125153;680;10;11231906423;B
20240926;125154;680;30;11231906453;B
20240926;125154;680;17;11231906454;B
20240926;125154;680.8;53;11231906455;B
20240926;125155;680;10;11231906646;S
20240926;125155;680;10;11231906647;S
20240926;125155;680;10;11231906648;S
20240926;125156;680;10;11231906664;B
20240926;125156;680;10;11231906757;B
20240926;125224;680.2;2;11231909786;B
20240926;125243;680;10;11231911852;S
20240926;125243;680;10;11231911853;S
20240926;125243;680;4;11231911854;S
20240926;125243;680;6;11231911889;S
20240926;125243;680;10;11231911890;S
20240926;125243;680;3;11231911891;S
20240926;125252;680;7;11231912993;S
20240926;125252;680;10;11231912994;S
20240926;125252;680;10;11231912995;S
20240926;125252;680;10;11231912996;S
20240926;125252;680;10;11231912997;S
20240926;125252;680;10;11231912998;S
20240926;125252;680;10;11231912999;S
20240926;125252;680;10;11231913000;S
20240926;125252;680;10;11231913001;S
20240926;125252;680;10;11231913002;S
20240926;125252;680;3;11231913003;S
20240926;125256;680;7;11231913422;S
20240926;125256;680;10;11231913423;S
20240926;125256;680;10;11231913424;S
20240926;125256;680;10;11231913425;S
20240926;125256;680;10;11231913426;S
20240926;125307;679.4;10;11231914732;B
20240926;125307;679.4;10;11231914802;B
20240926;125308;679.4;10;11231914858;B
20240926;125309;679.4;10;11231914928;B
20240926;125309;679.4;10;11231914978;B
20240926;125310;679.4;1;11231915024;B
20240926;125310;679.4;9;11231915025;B
20240926;125310;679.8;10;11231915069;B
20240926;125311;679.8;10;11231915125;B
20240926;125311;679.8;10;11231915191;B
20240926;125312;679.8;7;11231915228;B
20240926;125312;679.8;3;11231915229;B
20240926;125314;680;10;11231915521;S
20240926;125314;680;10;11231915522;S
20240926;125314;680;10;11231915523;S
20240926;125314;680;10;11231915524;S
20240926;125314;680;8;11231915525;S
20240926;125323;680;2;11231916458;S
20240926;125323;680;10;11231916459;S
20240926;125323;680;10;11231916460;S
20240926;125323;680;10;11231916461;S
20240926;125323;680;10;11231916462;S
20240926;125323;680;13;11231916463;S
20240926;125323;680;10;11231916464;S
20240926;125323;680;10;11231916465;S
20240926;125323;680;10;11231916466;S
20240926;125323;680;10;11231916467;S
20240926;125323;680;10;11231916468;S
20240926;125323;680;10;11231916469;S
20240926;125323;680;10;11231916470;S
20240926;125323;680;10;11231916471;S
20240926;125323;680;10;11231916472;S
20240926;125323;680;10;11231916473;S
20240926;125323;680;10;11231916474;S
20240926;125323;680;10;11231916475;S
20240926;125325;680;10;11231916676;S
20240926;125325;680;10;11231916677;S
20240926;125337;680.4;1;11231917898;B
20240926;125356;680.4;1;11231919852;B
20240926;125357;680;1;11231919927;S
20240926;125358;680.4;8;11231920014;B
20240926;125358;680.4;2;11231920015;B
20240926;125359;680.4;10;11231920105;S
20240926;125359;680.4;40;11231920106;S
20240926;125359;680.4;20;11231920107;S
20240926;125400;680.4;10;11231920134;S
20240926;125400;680.4;10;11231920135;S
20240926;125401;680.4;10;11231920250;S
20240926;125401;680.4;10;11231920251;S
20240926;125401;680.4;10;11231920319;B
20240926;125402;680.4;10;11231920373;B
20240926;125403;680.4;6;11231920470;S
20240926;125403;680.4;4;11231920471;S
20240926;125403;680.4;10;11231920490;B
20240926;125404;680.4;6;11231920575;B
20240926;125404;680.4;4;11231920576;B
20240926;125404;680.4;2;11231920594;B
20240926;125404;680.4;6;11231920595;B
20240926;125404;680.4;2;11231920596;B
20240926;125405;680.4;4;11231920658;B
20240926;125405;680.4;4;11231920659;B
20240926;125405;680.4;2;11231920660;B
20240926;125405;680.4;3;11231920714;B
20240926;125405;680.4;5;11231920715;B
20240926;125405;680.4;2;11231920716;B
20240926;125406;680.4;3;11231920733;B
20240926;125406;680.4;5;11231920734;B
20240926;125406;680.4;2;11231920735;B
20240926;125407;680.4;3;11231920807;B
20240926;125407;680.4;7;11231920860;S
20240926;125407;680.4;10;11231920861;S
20240926;125407;680.4;15;11231920862;S
20240926;125408;680.4;6;11231920923;S
20240926;125417;680.8;96;11231921634;B
20240926;125417;681;8;11231921635;B
20240926;125417;681;50;11231921636;B
20240926;125417;681;40;11231921637;B
20240926;125421;681;48;11231921985;B
20240926;125421;681;40;11231921986;B
20240926;125421;681.2;23;11231921987;B
20240926;125432;680.4;4;11231922962;S
20240926;125432;680.4;10;11231922963;S
20240926;125432;680.4;10;11231922964;S
20240926;125432;680.4;10;11231922965;S
20240926;125432;680.4;10;11231922966;S
20240926;125432;680.4;10;11231922967;S
20240926;125432;680.4;10;11231922968;S
20240926;125432;680.4;10;11231922969;S
20240926;125432;680.4;10;11231922970;S
20240926;125432;680.4;10;11231922971;S
20240926;125432;680.4;10;11231922972;S
20240926;125432;680.4;10;11231922973;S
20240926;125432;680.4;10;11231922974;S
20240926;125432;680.4;10;11231922975;S
20240926;125432;680.4;10;11231922976;S
20240926;125432;680.4;10;11231922977;S
20240926;125432;680.4;10;11231922978;S
20240926;125432;680.4;10;11231922979;S
20240926;125432;680.4;10;11231922980;S
20240926;125432;680.4;10;11231922981;S
20240926;125432;680;9;11231922982;S
20240926;125432;680;10;11231922983;S
20240926;125432;680;10;11231922984;S
20240926;125432;680;10;11231922985;S
20240926;125432;680;10;11231922986;S
20240926;125432;680;10;11231922987;S
20240926;125432;680;10;11231922988;S
20240926;125432;680;10;11231922989;S
20240926;125432;680;10;11231922990;S
20240926;125432;680;10;11231922991;S
20240926;125432;680;10;11231922992;S
20240926;125432;680;2;11231922993;S
20240926;125436;680.4;10;11231923298;B
20240926;125453;680.6;1;11231924728;B
20240926;125510;680.6;1;11231926042;S
20240926;125524;680.6;2;11231927240;S
20240926;125538;681;180;11231928504;B
20240926;125538;681;13;11231928510;B
20240926;125539;681;10;11231928609;B
20240926;125544;681;25;11231929271;B
20240926;125544;681.2;25;11231929272;B
20240926;125544;681.4;2;11231929274;B
20240926;125547;681.4;6;11231929657;B
20240926;125547;681.4;4;11231929658;B
20240926;125553;680.8;3;11231930504;S
20240926;125650;681.6;1;11231935789;B
20240926;125752;681;10;11231941616;S
20240926;125752;681;5;11231941617;S
20240926;125819;681;1;11231944155;S
20240926;125834;681;4;11231945445;S
20240926;125834;681;1;11231945446;S
20240926;125843;681;1;11231946389;B
20240926;125933;680.8;22;11231952404;B
20240926;125933;681;94;11231952405;B
20240926;125933;681;40;11231952406;B
20240926;125944;681.2;50;11231953483;S
20240926;125948;681.2;1;11231953903;B
20240926;125949;681;30;11231954026;S
20240926;125955;681;5;11231954724;S
20240926;125957;681;66;11231954888;S
20240926;130119;681.2;20;11231962885;B
20240926;130122;681;6;11231963109;S
20240926;130129;681;5;11231963739;S
20240926;130133;681.2;29;11231964022;B
20240926;130133;681.2;6;11231964023;B
20240926;130159;681.4;11;11231966226;B
20240926;130159;681.8;5;11231966227;B
20240926;130159;681.8;1;11231966228;B
20240926;130159;682;27;11231966229;B
20240926;130201;681.2;11;11231966429;S
20240926;130246;681.4;3;11231970119;S
20240926;130251;681.4;6;11231970552;S
20240926;130254;681.6;5;11231970872;B
20240926;130257;681.6;5;11231971052;B
20240926;130341;681.4;101;11231974656;S
20240926;130344;681.2;50;11231974955;S
20240926;130412;681.4;1;11231977115;S
20240926;130412;681.2;201;11231977116;S
20240926;130412;681.2;10;11231977117;S
20240926;130412;681.2;10;11231977118;S
20240926;130412;681.2;10;11231977119;S
20240926;130412;681;538;11231977120;S
20240926;130412;681;4;11231977121;S
20240926;130412;681;26;11231977122;S
20240926;130422;680.4;13;11231977924;S
20240926;130425;680;5;11231978152;S
20240926;130428;679.2;37;11231978451;S
20240926;130428;679.2;40;11231978452;S
20240926;130428;679;2;11231978453;S
20240926;130428;679;1;11231978454;S
20240926;130428;678.8;18;11231978455;S
20240926;130428;678.6;96;11231978456;S
20240926;130428;678.4;1;11231978457;S
20240926;130428;678.2;1;11231978458;S
20240926;130428;678.2;1;11231978459;S
20240926;130428;678.2;73;11231978460;S
20240926;130428;677.8;5;11231978461;S
20240926;130428;677.6;1;11231978462;S
20240926;130428;677;146;11231978463;S
20240926;130428;676.8;231;11231978464;S
20240926;130428;676.6;91;11231978465;S
20240926;130428;676;3;11231978466;S
20240926;130428;675.8;10;11231978467;S
20240926;130428;675.8;1;11231978468;S
20240926;130428;675.6;10;11231978469;S
20240926;130428;675.6;25;11231978470;S
20240926;130428;675.6;10;11231978471;S
20240926;130428;675.4;10;11231978472;S
20240926;130428;675.2;4;11231978473;S
20240926;130428;675.2;20;11231978474;S
20240926;130428;675.2;20;11231978475;S
20240926;130428;675.2;3;11231978476;S
20240926;130428;675.2;10;11231978477;S
20240926;130428;675.2;100;11231978478;S
20240926;130428;675.2;2;11231978479;S
20240926;130428;675;28;11231978480;S
20240926;130429;679;3;11231978520;B
20240926;130429;677;11;11231978564;S
20240926;130429;677;40;11231978565;S
20240926;130443;676.8;25;11231980016;B
20240926;130443;677;122;11231980017;B
20240926;130444;677;10;11231980109;B
20240926;130515;677;10;11231983237;B
20240926;130515;677.2;25;11231983238;B
20240926;130515;677.2;11;11231983239;B
20240926;130517;677.6;4;11231983339;S
20240926;130519;677.8;10;11231983593;B
20240926;130631;677.8;2;11231989224;B
20240926;130642;677.6;40;11231990020;B
20240926;130642;677.6;6;11231990021;B
20240926;130642;677.8;13;11231990022;B
20240926;130642;678.2;50;11231990023;B
20240926;130642;679;96;11231990024;B
20240926;130642;679.2;25;11231990025;B
20240926;130642;679.4;50;11231990026;B
20240926;130642;679.4;50;11231990027;B
20240926;130642;679.8;10;11231990028;B
20240926;130642;679.8;51;11231990029;B
20240926;130652;679.8;16;11231990760;B
20240926;130718;679.8;1;11231992774;B
20240926;130718;679.8;19;11231992775;B
20240926;130719;679.8;4;11231992879;B
20240926;130723;679.8;10;11231993148;B
20240926;130727;679.8;7;11231993372;B
20240926;130727;679.8;1;11231993373;B
20240926;130727;679.8;2;11231993374;B
20240926;130729;679.8;3;11231993559;B
20240926;130729;679.8;4;11231993560;B
20240926;130729;679.8;3;11231993561;B
20240926;130738;680;10;11231994338;S
20240926;130738;680;10;11231994366;S
20240926;130739;680;10;11231994388;S
20240926;130739;680;10;11231994449;S
20240926;130740;680;10;11231994483;S
20240926;130740;680;10;11231994484;S
20240926;130741;680;10;11231994515;S
20240926;130742;680;10;11231994575;S
20240926;130742;680;10;11231994587;S
20240926;130742;680;10;11231994646;S
20240926;130743;680;10;11231994688;S
20240926;130744;680;10;11231994708;S
20240926;130744;680;10;11231994787;S
20240926;130745;680;10;11231994819;S
20240926;130753;680.2;2;11231995634;S
20240926;130801;680.2;1;11231996321;B
20240926;130801;680.2;40;11231996322;B
20240926;130802;680.4;9;11231996506;B
20240926;130810;680;10;11231997488;S
20240926;130810;680;10;11231997489;S
20240926;130810;680;10;11231997490;S
20240926;130810;680;10;11231997491;S
20240926;130810;680;10;11231997492;S
20240926;130810;680;10;11231997493;S
20240926;130810;680;10;11231997494;S
20240926;130810;680;10;11231997495;S
20240926;130810;680;10;11231997496;S
20240926;130810;680;10;11231997497;S
20240926;130810;680;10;11231997498;S
20240926;130810;680;10;11231997499;S
20240926;130810;680;10;11231997500;S
20240926;130810;680;10;11231997501;S
20240926;130810;680;10;11231997502;S
20240926;130810;680;10;11231997503;S
20240926;130810;680;10;11231997504;S
20240926;130810;680;10;11231997505;S
20240926;130810;680;10;11231997506;S
20240926;130810;680;10;11231997507;S
20240926;130810;680;10;11231997508;S
20240926;130810;680;10;11231997509;S
20240926;130810;680;10;11231997510;S
20240926;130810;680;10;11231997511;S
20240926;130810;680;10;11231997512;S
20240926;130810;680;10;11231997513;S
20240926;130810;680;10;11231997514;S
20240926;130810;680;10;11231997515;S
20240926;130810;680;10;11231997516;S
20240926;130810;680;10;11231997517;S
20240926;130810;680;10;11231997518;S
20240926;130810;680;10;11231997519;S
20240926;130811;679;2;11231997646;S
20240926;131015;678;1;11232010681;B
20240926;131026;677;40;11232011771;S
20240926;131026;677;7;11232011772;S
20240926;131026;676.8;5;11232011773;S
20240926;131026;676.4;2;11232011774;S
20240926;131026;676.2;116;11232011775;S
20240926;131026;676;14;11232011776;S
20240926;131027;676.2;20;11232011848;S
20240926;131106;677.4;1;11232015078;B
20240926;131115;677.4;1;11232015820;B
20240926;131115;677.4;4;11232015868;B
20240926;131258;678;2;11232023901;S
20240926;131340;679;5;11232027038;B
20240926;131453;678.6;1;11232032746;S
20240926;131524;678.4;1;11232034751;S
20240926;131524;678.6;1;11232034770;B
20240926;131650;679.2;2;11232041288;B
20240926;131650;679.4;16;11232041289;B
20240926;131721;678.6;2;11232044345;S
20240926;131721;678.2;1;11232044346;S
20240926;131739;678.6;11;11232045835;S
20240926;131739;678.6;18;11232045836;S
20240926;131806;679.2;14;11232048291;B
20240926;131806;679.4;16;11232048292;B
20240926;131820;679.4;1;11232049122;B
20240926;131829;679;20;11232049824;S
20240926;132048;679;14;11232060390;S
20240926;132048;679;56;11232060391;S
20240926;132430;679;1;11232078546;B
20240926;132529;679;1;11232083259;B
20240926;132531;678.8;1;11232083340;S
20240926;132612;678.8;1;11232086591;S
20240926;132612;678.6;19;11232086592;S
20240926;132625;679;1;11232087977;B
20240926;133020;678.2;1;11232106835;B
20240926;133044;678;1;11232108885;S
20240926;133044;678;1;11232108886;S
20240926;133044;678;1;11232108887;S
20240926;133053;678;3;11232109602;B
20240926;133122;676.4;48;11232112517;S
20240926;133122;676.4;11;11232112518;S
20240926;133122;676.4;40;11232112519;S
20240926;133122;676.2;50;11232112520;S
20240926;133122;676;1;11232112521;S
20240926;133147;677;2;11232115869;B
20240926;133147;677;13;11232115870;B
20240926;133250;677;1;11232121183;B
20240926;133326;677;1;11232123670;B
20240926;133350;676.8;1;11232125329;S
20240926;133353;677;2;11232125560;B
20240926;133354;677;2;11232125708;B
20240926;133417;676.6;50;11232127278;S
20240926;133417;676.6;6;11232127279;S
20240926;133417;676.4;40;11232127280;S
20240926;133417;676;1;11232127281;S
20240926;133417;675.6;24;11232127282;S
20240926;133417;675.4;1;11232127283;S
20240926;133417;675.4;95;11232127284;S
20240926;133417;675.2;20;11232127285;S
20240926;133417;675.2;16;11232127286;S
20240926;133417;675;2;11232127287;S
20240926;133417;675;5;11232127288;S
20240926;133417;675;1;11232127289;S
20240926;133417;675;10;11232127290;S
20240926;133417;675;10;11232127291;S
20240926;133417;675;10;11232127292;S
20240926;133417;675;2;11232127293;S
20240926;133417;675;153;11232127294;S
20240926;133417;675;8;11232127295;S
20240926;133417;674.8;200;11232127296;S
20240926;133417;674.8;10;11232127297;S
20240926;133417;674.8;1;11232127298;S
20240926;133417;674.6;10;11232127299;S
20240926;133417;674.4;1;11232127300;S
20240926;133417;674.4;25;11232127301;S
20240926;133417;674.4;10;11232127302;S
20240926;133417;674.2;10;11232127303;S
20240926;133417;674.2;1;11232127304;S
20240926;133417;674;11;11232127305;S
20240926;133417;674;1;11232127306;S
20240926;133417;674;10;11232127307;S
20240926;133417;674;1;11232127308;S
20240926;133417;674;2;11232127309;S
20240926;133417;674;2;11232127310;S
20240926;133417;674;1;11232127311;S
20240926;133417;673.8;10;11232127312;S
20240926;133417;673.8;146;11232127313;S
20240926;133417;673.6;100;11232127314;S
20240926;133417;673.6;10;11232127315;S
20240926;133417;673.4;1;11232127316;S
20240926;133417;673.4;1;11232127317;S
20240926;133417;673.4;10;11232127318;S
20240926;133417;673.4;1;11232127319;S
20240926;133417;673.4;1;11232127320;S
20240926;133417;673.4;200;11232127321;S
20240926;133417;673.4;1;11232127322;S
20240926;133417;673.2;1;11232127323;S
20240926;133417;673.2;1;11232127324;S
20240926;133417;673.2;7;11232127325;S
20240926;133417;673.2;100;11232127326;S
20240926;133417;673.2;1;11232127327;S
20240926;133417;673.2;10;11232127328;S
20240926;133417;673.2;1;11232127329;S
20240926;133417;673.2;2;11232127330;S
20240926;133417;673.2;1;11232127331;S
20240926;133417;673;122;11232127332;S
20240926;133433;674.8;10;11232128552;B
20240926;133457;674.4;3;11232129958;B
20240926;133502;674.2;1;11232130369;B
20240926;133504;674.2;1;11232130624;B
20240926;133514;674.2;20;11232131392;B
