<DATE>;<TIME>;<LAST>;<VOL>;<ID>;<OPER>
20240927;095944;672.8;40;11234529240;S
20240927;095944;672.8;7;11234529241;S
20240927;095944;672.8;40;11234529242;S
20240927;095944;672.8;10;11234529243;S
20240927;095944;672.8;3;11234529244;S
20240927;100000;673;29;11234532358;B
20240927;100001;673;1;11234532955;B
20240927;100001;673;33;11234533239;B
20240927;100001;673.2;8;11234533683;B
20240927;100002;674.4;1;11234533839;B
20240927;100002;674.6;2;11234533840;B
20240927;100002;674.6;3;11234533844;B
20240927;100002;674.6;10;11234534231;B
20240927;100002;674.8;1;11234534232;B
20240927;100002;675;2;11234534233;B
20240927;100002;675;10;11234534234;B
20240927;100002;675;7;11234534235;B
20240927;100003;675;5;11234534737;B
20240927;100005;675;1;11234536241;B
20240927;100006;675;3;11234537567;B
20240927;100007;675;3;11234538710;B
20240927;100007;674.6;4;11234539688;S
20240927;100007;674.6;3;11234539737;S
20240927;100007;675;1;11234539746;B
20240927;100007;675.2;2;11234539754;B
20240927;100007;675.4;8;11234539755;B
20240927;100008;675.2;2;11234541959;B
20240927;100008;675.4;28;11234541960;B
20240927;100008;674.6;6;11234542024;S
20240927;100008;674.6;3;11234542028;S
20240927;100026;674.8;10;11234549568;S
20240927;100037;675;30;11234554027;S
20240927;100043;675;1;11234556900;B
20240927;100102;674.6;8;11234562261;S
20240927;100102;674.6;10;11234562310;S
20240927;100105;675;1;11234563056;B
20240927;100118;674.6;2;11234566931;S
20240927;100156;674.8;10;11234576206;S
20240927;100156;674.6;140;11234576207;S
20240927;100201;674.6;5;11234577147;S
20240927;100319;675;2;11234597547;B
20240927;100322;675;2;11234598192;B
20240927;100353;675;10;11234605682;B
20240927;100357;675;1;11234606529;B
20240927;100416;675;1;11234610492;B
20240927;100514;674.8;2;11234622966;S
20240927;100514;674.8;10;11234622967;S
20240927;100514;674.8;1;11234622968;S
20240927;100514;674.8;5;11234622969;S
20240927;100557;674.6;9;11234632814;S
20240927;100557;674.6;50;11234632815;S
20240927;100557;674.6;10;11234632816;S
20240927;100557;674.2;1;11234632817;S
20240927;100557;674.2;9;11234632818;S
20240927;100557;674;122;11234632819;S
20240927;100557;673.8;9;11234632820;S
20240927;100557;673.8;4;11234632821;S
20240927;100557;673.8;300;11234632822;S
20240927;100557;673.6;10;11234632823;S
20240927;100557;673.6;39;11234632824;S
20240927;100557;674.8;1;11234632871;B
20240927;100559;673.6;5;11234633227;S
20240927;100601;673.6;6;11234633582;S
20240927;100610;674.2;1;11234635478;B
20240927;100618;674.2;1;11234637091;B
20240927;100745;674.2;1;11234653002;S
20240927;100745;674.2;1;11234653003;S
20240927;100810;674;1;11234658129;S
20240927;100810;673.8;5;11234658130;S
20240927;100822;674.2;5;11234660291;B
20240927;100822;674.4;5;11234660292;B
20240927;100924;673.4;6;11234672003;S
20240927;101047;674.4;1;11234685544;B
20240927;101101;673.8;1;11234688458;S
20240927;101128;674.4;1;11234692290;B
20240927;101128;674.4;5;11234692300;B
20240927;101146;674.4;1;11234694985;B
20240927;101152;674.6;1;11234695920;B
20240927;101152;674.8;5;11234695921;B
20240927;101205;674.6;3;11234697761;B
20240927;101246;674.8;1;11234704068;S
20240927;101246;674.6;40;11234704069;S
20240927;101246;674.6;2;11234704070;S
20240927;101247;674.4;1;11234704239;B
20240927;101330;674;1;11234710586;S
20240927;101330;674;1;11234710587;S
20240927;101402;674;1;11234717025;B
20240927;101450;673.6;3;11234724473;S
20240927;101450;673.6;40;11234724474;S
20240927;101503;673.4;118;11234726566;S
20240927;101503;673.2;1;11234726567;S
20240927;101503;673.2;28;11234726568;S
20240927;101558;673.4;3;11234742784;B
20240927;101558;673.6;2;11234742785;B
20240927;101600;673.6;62;11234743507;S
20240927;101830;674.8;2;11234770479;B
20240927;102309;674.6;1;11234876230;S
20240927;102309;674.4;15;11234876231;S
20240927;102441;674.2;2;11234887427;S
20240927;102501;674.4;1;11234889828;B
20240927;102502;674.4;1;11234889913;B
20240927;102517;674.4;1;11234891675;B
20240927;102536;674.4;5;11234893654;B
20240927;102630;674.4;1;11234900106;B
20240927;102641;674.4;77;11234901635;B
20240927;102641;674.4;1;11234901636;B
20240927;102641;674.4;12;11234901637;B
20240927;102651;674.4;2;11234902852;S
20240927;102656;674.4;8;11234903715;S
20240927;102700;674.4;1;11234904102;S
20240927;102701;674.4;269;11234904216;S
20240927;102701;674.4;18;11234904217;S
20240927;102701;674.2;18;11234904218;S
20240927;102701;674.2;1;11234904219;S
20240927;102701;674;139;11234904220;S
20240927;102730;674.2;1;11234907757;S
20240927;102744;674.6;1;11234909349;B
20240927;102819;674.2;1;11234913280;S
20240927;102832;674.8;5;11234915038;B
20240927;102843;674.6;1;11234916625;B
20240927;102912;674.4;1;11234920939;B
20240927;102923;674.2;19;11234922647;S
20240927;103003;674.4;6;11234928692;B
20240927;103010;674.2;116;11234929715;S
20240927;103025;674.2;15;11234931366;S
20240927;103039;674.4;3;11234933109;B
20240927;103043;674.2;49;11234933611;S
20240927;103123;674.2;11;11234937487;S
20240927;103123;674;49;11234937488;S
20240927;103127;674.4;2;11234938162;B
20240927;103139;674.2;18;11234939839;S
20240927;103155;674.2;13;11234942026;B
20240927;103205;674;1;11234943041;S
20240927;103246;674.2;10;11234949660;B
20240927;103304;674.2;8;11234951508;B
20240927;103304;674.4;1;11234951509;B
20240927;103326;674.2;2;11234955521;S
20240927;103348;674.4;1;11234959750;B
20240927;103451;674.4;37;11234966880;B
20240927;103451;674.6;18;11234966881;B
20240927;103451;675;10;11234966882;B
20240927;103451;675;1;11234966883;B
20240927;103451;675;25;11234966884;B
20240927;103451;675;8;11234966885;B
20240927;103451;675.4;57;11234966886;B
20240927;103451;675.4;24;11234966887;B
20240927;103502;674.6;1;11234968736;S
20240927;103503;675;1;11234968791;B
20240927;103600;675;1;11234975145;B
20240927;103610;675.8;5;11234976330;B
20240927;103637;675.8;32;11234982285;B
20240927;103641;675.8;3;11234982613;B
20240927;103642;675.8;5;11234982711;B
20240927;103714;675.8;150;11234986066;B
20240927;103819;675.2;1;11234994561;S
20240927;103819;675.2;4;11234994562;S
20240927;103829;675;4;11234996019;S
20240927;103829;674.8;5;11234996020;S
20240927;103829;674.8;11;11234996021;S
20240927;103848;675.2;13;11234998194;B
20240927;103849;674.8;37;11234998320;S
20240927;103849;674.8;1;11234998321;S
20240927;103849;674.8;12;11234998322;S
20240927;103851;674.8;51;11234998532;S
20240927;103923;675.2;2;11235002730;B
20240927;103923;675.2;1;11235002731;B
20240927;103924;675.2;5;11235003127;B
20240927;103924;675.4;40;11235003128;B
20240927;103924;676;1;11235003129;B
20240927;103924;676;1;11235003130;B
20240927;103924;676;2;11235003131;B
20240927;103924;676;20;11235003132;B
20240927;103924;676;60;11235003133;B
20240927;103942;675.8;8;11235018258;B
20240927;103953;675.8;24;11235026751;B
20240927;103953;675.8;36;11235026752;B
20240927;103953;676;4;11235026939;B
20240927;104003;675.8;58;11235035704;B
20240927;104005;675.8;2;11235036940;S
20240927;104012;675.8;40;11235043800;S
20240927;104012;675.4;10;11235043801;S
20240927;104120;675.8;2;11235112214;B
20240927;104122;675;1;11235114325;S
20240927;104130;675.2;1;11235122783;S
20240927;104130;675.2;40;11235122784;S
20240927;104130;675;23;11235122785;S
20240927;104143;674.6;11;11235136491;S
20240927;104205;674.4;5;11235157950;S
20240927;104213;674.6;1;11235165942;B
20240927;104511;674.6;15;11235336017;B
20240927;104614;674.2;27;11235390994;S
20240927;104614;674;1;11235390995;S
20240927;104614;674;1;11235390996;S
20240927;104614;674;35;11235390997;S
20240927;104640;674.2;27;11235416463;S
20240927;104640;674;7;11235416464;S
20240927;104640;674;16;11235416465;S
20240927;104729;674.6;1;11235465783;B
20240927;104741;674.6;6;11235478333;B
20240927;104808;674.4;1;11235504974;B
20240927;104934;674;2;11235582536;S
20240927;105037;674.4;1;11235645631;B
20240927;105054;674;1;11235663222;S
20240927;105120;674;81;11235689329;S
20240927;105120;674;1;11235689330;S
20240927;105120;674;50;11235689331;S
20240927;105120;674;5;11235689332;S
20240927;105120;674;7;11235689333;S
20240927;105120;674;27;11235689334;S
20240927;105120;673.8;3;11235689335;S
20240927;105127;674;32;11235695348;S
20240927;105133;674;6;11235700373;S
20240927;105133;674;24;11235700374;S
20240927;105221;673.8;3;11235745434;S
20240927;105309;674;42;11235795956;B
20240927;105311;674.2;74;11235797523;B
20240927;105312;674.6;2;11235798815;B
20240927;105348;674.6;2;11235837335;B
20240927;105458;674.6;1;11235902352;B
20240927;105532;674;1;11235936376;S
20240927;105604;674.2;24;11235969825;S
20240927;105648;674.2;1;11236016203;S
20240927;105715;674.4;3;11236033274;S
20240927;105759;674.6;11;11236038056;B
20240927;105759;674.6;10;11236038057;B
20240927;105759;674.8;26;11236038058;B
20240927;105932;675;2;11236048296;B
20240927;105943;674.4;1;11236049316;S
20240927;110136;674.4;2;11236062946;S
20240927;110202;675;234;11236066498;B
20240927;110202;675;132;11236066499;B
20240927;110244;675;1;11236072572;B
20240927;110301;675.8;6;11236075436;B
20240927;110301;675.8;40;11236075437;B
20240927;110301;675.8;17;11236075438;B
20240927;110301;676;7;11236075439;B
20240927;110301;676;10;11236075440;B
20240927;110301;676;3;11236075441;B
20240927;110320;676;5;11236078785;B
20240927;110320;676;40;11236078786;B
20240927;110332;676;5;11236080549;B
20240927;110332;676;5;11236080683;S
20240927;110332;675;209;11236080684;S
20240927;110332;674.8;318;11236080685;S
20240927;110332;674.4;99;11236080686;S
20240927;110332;674;1;11236080687;S
20240927;110332;673.8;300;11236080688;S
20240927;110332;673.6;29;11236080689;S
20240927;110332;673.6;25;11236080690;S
20240927;110332;673.6;14;11236080691;S
20240927;110349;675;3;11236083857;B
20240927;110420;676;4;11236089025;B
20240927;110420;676;40;11236089026;B
20240927;110420;676;12;11236089027;B
20240927;110423;676;1;11236089522;S
20240927;110439;676.2;49;11236092740;B
20240927;110439;676.2;40;11236092741;B
20240927;110443;676.4;50;11236093376;B
20240927;110445;676.4;1;11236093731;S
20240927;110445;676.2;2;11236093732;S
20240927;110459;676.8;4;11236096293;B
20240927;110459;676.8;2;11236096294;B
20240927;110459;676.8;15;11236096295;B
20240927;110459;676.8;1;11236096368;S
20240927;110519;676.2;4;11236099457;S
20240927;110603;676.2;1;11236107030;S
20240927;110617;676.2;4;11236109338;S
20240927;110624;676.2;46;11236110863;S
20240927;110657;676;1;11236116591;S
20240927;110759;676;1;11236132954;S
20240927;110945;676.2;4;11236156748;B
20240927;110945;676.2;8;11236156749;B
20240927;110945;676.2;40;11236156750;B
20240927;110945;676.2;275;11236156751;B
20240927;110945;676.4;123;11236156752;B
20240927;111006;676;21;11236161136;S
20240927;111006;676;1;11236161137;S
20240927;111048;675;2;11236170073;S
20240927;111220;675;1;11236187959;S
20240927;111220;674.8;1;11236187960;S
20240927;111221;674.2;1;11236188033;S
20240927;111221;674.2;14;11236188034;S
20240927;111221;674;25;11236188035;S
20240927;111512;674;10;11236218686;S
20240927;111512;674;13;11236218687;S
20240927;111512;674;7;11236218688;S
20240927;111548;674.6;96;11236225299;B
20240927;111548;674.6;34;11236225300;B
20240927;111714;674.6;33;11236238958;S
20240927;111714;674.6;27;11236238959;S
20240927;111807;674.6;3;11236247466;S
20240927;112022;674.6;10;11236269801;S
20240927;112158;674.8;1;11236285700;S
20240927;112403;674.8;4;11236302587;S
20240927;112425;675;4;11236305257;B
20240927;112427;674.8;2;11236305574;S
20240927;112427;674.6;1;11236305575;S
20240927;112427;674.6;93;11236305576;S
20240927;112427;674.6;40;11236305577;S
20240927;112427;674.4;1;11236305578;S
20240927;112427;674.4;1;11236305579;S
20240927;112427;674.2;50;11236305580;S
20240927;112427;674;151;11236305581;S
20240927;112427;673.8;284;11236305582;S
20240927;112427;673.6;282;11236305583;S
20240927;112427;673.6;20;11236305584;S
20240927;112427;673.6;39;11236305585;S
20240927;112427;673.2;400;11236305586;S
20240927;112427;673;1;11236305587;S
20240927;112427;673;100;11236305588;S
20240927;112427;672.6;1;11236305589;S
20240927;112428;673;49;11236305606;B
20240927;112428;672.6;10;11236305744;S
20240927;112428;672.6;1;11236305745;S
20240927;112428;672.6;1;11236305746;S
20240927;112428;672.6;1;11236305747;S
20240927;112428;672.4;2;11236305748;S
20240927;112428;672.4;1;11236305749;S
20240927;112428;672.4;1;11236305750;S
20240927;112428;672.4;1;11236305751;S
20240927;112428;672.4;1;11236305752;S
20240927;112428;672.4;40;11236305753;S
20240927;112428;672.2;1;11236305754;S
20240927;112428;672.2;51;11236305755;S
20240927;112428;672;50;11236305756;S
20240927;112428;672;10;11236305757;S
20240927;112428;672;2;11236305762;B
20240927;112429;672;1;11236305836;B
20240927;112430;672;11;11236305919;B
20240927;112458;672;50;11236309284;B
20240927;112501;672;1;11236310045;B
20240927;112502;672;10;11236310097;B
20240927;112508;672;50;11236310870;B
20240927;112510;672;3;11236311091;B
20240927;112518;671.8;2;11236311970;S
20240927;112521;671.8;9;11236312284;S
20240927;112524;672;2;11236313112;B
20240927;112524;672;1;11236313113;B
20240927;112532;671.8;31;11236314120;S
20240927;112532;671.8;1;11236314121;S
20240927;112532;671.6;1;11236314122;S
20240927;112532;671.6;4;11236314123;S
20240927;112535;672;1;11236314528;B
20240927;112542;671.6;1;11236315318;S
20240927;112602;672;1;11236317515;B
20240927;112622;671.6;5;11236319981;S
20240927;112622;671.6;37;11236319982;S
20240927;112803;671.8;1;11236331816;S
20240927;112803;671.8;21;11236331817;S
20240927;112803;671.8;2;11236331818;S
20240927;112803;671.6;5;11236331819;S
20240927;112803;671.6;41;11236331820;S
20240927;112829;671.6;9;11236334662;S
20240927;112829;671.6;1;11236334663;S
20240927;112829;671.6;5;11236334664;S
20240927;112901;671.6;1;11236338183;S
20240927;112909;672;1;11236339026;B
20240927;113037;672;1;11236348783;B
20240927;113102;671.6;14;11236351614;S
20240927;113102;671.6;23;11236351615;S
20240927;113102;671.6;3;11236351616;S
20240927;113102;671.6;10;11236351617;S
20240927;113102;671.6;10;11236351618;S
20240927;113102;671.6;12;11236351619;S
20240927;113102;671.6;200;11236351620;S
20240927;113102;671.4;2;11236351621;S
20240927;113102;671.4;15;11236351622;S
20240927;113102;671.4;1;11236351623;S
20240927;113102;671.4;10;11236351624;S
20240927;113102;671.4;40;11236351625;S
20240927;113102;671.2;300;11236351626;S
20240927;113102;671;5;11236351627;S
20240927;113102;671;40;11236351628;S
20240927;113102;671;1;11236351629;S
20240927;113102;671;2;11236351630;S
20240927;113102;671;10;11236351631;S
20240927;113102;671;18;11236351632;B
20240927;113126;671;5;11236354164;B
20240927;113129;671;6;11236354528;B
20240927;113130;671;4;11236354604;B
20240927;113131;671;1;11236354734;B
20240927;113139;671;268;11236355771;B
20240927;113144;671.8;1;11236356361;B
20240927;113200;671;30;11236358348;S
20240927;113254;671;2;11236365419;S
20240927;113254;671;1;11236365420;S
20240927;113305;671.8;50;11236366893;B
20240927;113305;671.8;40;11236366894;B
20240927;113320;671.8;70;11236369200;S
20240927;113330;671.8;1;11236370661;S
20240927;113349;671.8;89;11236373194;S
20240927;113405;671;9;11236374647;S
20240927;113405;671;1;11236374648;S
20240927;113405;671;1;11236374649;S
20240927;113405;671;1;11236374650;S
20240927;113405;671;1;11236374651;S
20240927;113405;671;5;11236374652;S
20240927;113517;671.8;5;11236380651;B
20240927;113527;671;2;11236381832;S
20240927;113650;671.8;15;11236389277;B
20240927;113702;671.8;15;11236390224;B
20240927;113714;671.6;15;11236391078;B
20240927;113725;671.6;4;11236392044;B
20240927;113726;671.6;15;11236392156;B
20240927;113729;671.8;11;11236392549;B
20240927;113729;671.8;40;11236392550;B
20240927;113729;671.8;33;11236392551;B
20240927;113729;672;16;11236392552;B
20240927;113730;671.8;100;11236392605;B
20240927;113730;671.8;100;11236392622;B
20240927;113730;672;100;11236392630;B
20240927;113731;672;25;11236392668;B
20240927;113731;672;50;11236392678;B
20240927;113738;672;15;11236393300;B
20240927;113739;672;187;11236393341;B
20240927;113739;672;13;11236393342;B
20240927;113739;672;237;11236393374;B
20240927;113739;672.2;43;11236393375;B
20240927;113739;672.2;40;11236393376;B
20240927;113739;672.6;10;11236393377;B
20240927;113739;672.8;40;11236393378;B
20240927;113739;672;49;11236393402;B
20240927;113739;672.2;46;11236393403;B
20240927;113739;672.2;40;11236393404;B
20240927;113739;672.6;65;11236393405;B
20240927;113739;672.6;200;11236393406;B
20240927;113740;672.4;42;11236393447;B
20240927;113740;672.4;40;11236393448;B
20240927;113740;672.8;18;11236393449;B
20240927;113740;672.6;38;11236393489;B
20240927;113740;672.6;40;11236393490;B
20240927;113740;672.8;122;11236393491;B
20240927;113740;672.8;70;11236393494;B
20240927;113740;672.8;130;11236393495;B
20240927;113741;672.8;100;11236393553;B
20240927;113741;672.8;170;11236393554;B
20240927;113741;672.8;30;11236393555;B
20240927;113741;672.8;5;11236393569;B
20240927;113741;672.8;200;11236393582;B
20240927;113742;672.8;65;11236393667;B
20240927;113742;672.8;36;11236393668;B
20240927;113742;672.8;40;11236393669;B
20240927;113742;673;229;11236393670;B
20240927;113742;673;100;11236393681;B
20240927;113742;673;30;11236393686;B
20240927;113742;673;100;11236393711;B
20240927;113743;673;25;11236393726;B
20240927;113743;673;5;11236393776;B
20240927;113744;673;100;11236393846;B
20240927;113749;673;1;11236394293;B
20240927;113750;673;15;11236394397;B
20240927;113802;673;460;11236395350;B
20240927;113802;673;40;11236395351;B
20240927;113802;673;15;11236395354;B
20240927;113814;673;15;11236396321;B
20240927;113816;673;1;11236396467;B
20240927;113817;673;225;11236396514;B
20240927;113817;673;25;11236396581;B
20240927;113817;673;160;11236396582;B
20240927;113817;673;300;11236396585;B
20240927;113818;673;200;11236396602;B
20240927;113818;673;50;11236396603;B
20240927;113818;673;300;11236396620;B
20240927;113818;673;320;11236396628;B
20240927;113823;672.8;5;11236397050;B
20240927;113826;672.8;15;11236397368;B
20240927;113838;672.8;15;11236398283;B
20240927;113843;672.8;100;11236398671;B
20240927;113851;672.8;15;11236399396;B
20240927;113901;672.8;1;11236400216;B
20240927;113903;672.8;9;11236400331;B
20240927;113903;673;6;11236400332;B
20240927;113906;672.6;1;11236400653;S
20240927;113912;673;152;11236401134;B
20240927;113915;673;15;11236401380;B
20240927;113915;673;152;11236401415;B
20240927;113927;673;15;11236402555;B
20240927;113939;673;15;11236403572;B
20240927;113940;673;100;11236403647;B
20240927;113950;673;500;11236404505;B
20240927;113951;673;15;11236404666;B
20240927;114003;673;15;11236405712;B
20240927;114015;673;15;11236406828;B
20240927;114016;673;147;11236406886;B
20240927;114016;673;147;11236406912;B
20240927;114016;673;20;11236406920;B
20240927;114017;673;25;11236406936;B
20240927;114017;673;147;11236406970;B
20240927;114018;673;147;11236406994;B
20240927;114018;673;5;11236407027;B
20240927;114022;673;100;11236407340;B
20240927;114022;673;10;11236407341;B
20240927;114022;673;50;11236407392;B
20240927;114024;673;200;11236407529;B
20240927;114027;673;15;11236407850;B
20240927;114030;673;50;11236408200;B
20240927;114032;673;25;11236408331;B
20240927;114032;673;25;11236408506;B
20240927;114033;673;25;11236408650;B
20240927;114034;673;25;11236408777;B
20240927;114035;673;100;11236408839;B
20240927;114035;673;100;11236408899;B
20240927;114035;673;5;11236408901;B
20240927;114036;673;200;11236409013;B
20240927;114038;673;50;11236409163;B
20240927;114039;673;10;11236409359;B
20240927;114039;673;15;11236409388;B
20240927;114046;673;10;11236410389;B
20240927;114048;673;152;11236410692;B
20240927;114049;673;10;11236410758;B
20240927;114049;673;3;11236410832;B
20240927;114050;673;10;11236410833;B
20240927;114051;673;15;11236411084;B
20240927;114054;673;80;11236411360;B
20240927;114054;673;10;11236411391;B
20240927;114054;673;80;11236411395;B
20240927;114100;673;1;11236412017;B
20240927;114104;673;15;11236412470;B
20240927;114116;673;15;11236413768;B
20240927;114128;673;15;11236415099;B
20240927;114129;673;25;11236415302;B
20240927;114129;673;25;11236415312;B
20240927;114130;673;25;11236415323;B
20240927;114130;673;24;11236415368;B
20240927;114130;673;20;11236415385;B
20240927;114130;673;25;11236415402;B
20240927;114131;673;100;11236415655;B
20240927;114132;673;25;11236415700;B
20240927;114132;673;50;11236415704;B
20240927;114133;673;30;11236415815;B
20240927;114138;673;100;11236416222;B
20240927;114138;673;100;11236416297;B
20240927;114139;673;50;11236416430;B
20240927;114139;673;50;11236416461;B
20240927;114140;673;15;11236416534;B
20240927;114143;673;100;11236416859;B
20240927;114144;673;100;11236416903;B
20240927;114144;673;100;11236416956;B
20240927;114144;673;100;11236416981;B
20240927;114147;673;3;11236417453;B
20240927;114149;673;200;11236417810;B
20240927;114152;673;15;11236418131;B
20240927;114155;673;35;11236418502;B
20240927;114156;673;100;11236418591;B
20240927;114156;673;26;11236418606;B
20240927;114156;673;100;11236418638;B
20240927;114157;673;250;11236418649;B
20240927;114158;673;200;11236418786;B
20240927;114159;673;200;11236418914;B
20240927;114159;673;300;11236419007;B
20240927;114159;673;26;11236419018;B
20240927;114200;673;26;11236419075;B
20240927;114202;673;100;11236419263;B
20240927;114203;673;250;11236419339;B
20240927;114203;673;200;11236419370;B
20240927;114204;673;15;11236419437;B
20240927;114204;673;250;11236419510;B
20240927;114205;673;1;11236419521;B
20240927;114205;673;50;11236419547;B
20240927;114208;673;20;11236419875;B
20240927;114209;673;25;11236420163;B
20240927;114209;673;25;11236420205;B
20240927;114209;673;100;11236420218;B
20240927;114209;673;1;11236420255;B
20240927;114210;673;25;11236420313;B
20240927;114210;673;100;11236420325;B
20240927;114210;673;25;11236420341;B
20240927;114211;673;50;11236420447;B
20240927;114211;673;50;11236420458;B
20240927;114211;673;50;11236420482;B
20240927;114211;673;26;11236420534;B
20240927;114216;673;25;11236421103;B
20240927;114216;673;15;11236421114;B
20240927;114216;673;25;11236421117;B
20240927;114217;673;25;11236421152;B
20240927;114217;673;25;11236421170;B
20240927;114218;673;100;11236421291;B
20240927;114218;673;250;11236421328;B
20240927;114219;673;3000;11236421351;B
20240927;114219;673;250;11236421402;B
20240927;114219;673;100;11236421417;B
20240927;114219;673;25;11236421422;B
20240927;114220;673;25;11236421428;B
20240927;114220;673;25;11236421461;B
20240927;114220;673;100;11236421463;B
20240927;114220;673;8;11236421466;B
20240927;114220;673;100;11236421473;B
20240927;114220;673;100;11236421536;B
20240927;114220;673;25;11236421544;B
20240927;114221;673;100;11236421557;B
20240927;114221;673;100;11236421593;B
20240927;114221;673;50;11236421599;B
20240927;114221;673;100;11236421628;B
20240927;114223;673;100;11236421884;B
20240927;114223;673;100;11236421895;B
20240927;114223;673;25;11236421898;B
20240927;114224;672.8;50;11236421960;S
20240927;114224;672.8;40;11236421961;S
20240927;114224;672.8;200;11236421962;S
20240927;114224;672.8;200;11236421963;S
20240927;114224;672.8;10;11236421964;S
20240927;114224;673;1;11236421996;B
20240927;114228;673;15;11236422532;B
20240927;114232;673;30;11236422940;B
20240927;114232;673;20;11236423033;B
20240927;114234;673;20;11236423215;B
20240927;114237;673;20;11236423624;B
20240927;114237;672.8;40;11236423625;S
20240927;114237;672.8;10;11236423626;S
20240927;114240;673;15;11236423942;B
20240927;114243;673;350;11236424276;B
20240927;114244;673;50;11236424343;B
20240927;114245;673;50;11236424420;B
20240927;114245;673;25;11236424491;B
20240927;114246;673;350;11236424630;B
20240927;114250;673;350;11236425035;B
20240927;114251;673;8;11236425190;B
20240927;114252;673;15;11236425320;B
20240927;114254;673;500;11236425521;B
20240927;114256;673;100;11236425847;B
20240927;114257;673;100;11236425938;B
20240927;114300;673;1;11236426443;B
20240927;114303;673;50;11236426899;B
20240927;114305;673;15;11236427169;B
20240927;114309;673;25;11236427772;B
20240927;114311;673;25;11236428182;B
20240927;114317;673;15;11236429031;B
20240927;114329;673;15;11236430981;B
20240927;114331;673;64;11236431317;B
20240927;114337;673;500;11236432109;B
20240927;114341;673;15;11236432525;B
20240927;114341;673;1101;11236432528;B
20240927;114342;674.4;16;11236432732;B
20240927;114342;674.4;34;11236432733;B
20240927;114342;674.4;6;11236432748;B
20240927;114342;674.6;21;11236432749;B
20240927;114342;674.6;23;11236432750;B
20240927;114342;674.8;5;11236432764;B
20240927;114343;674.8;190;11236432806;B
20240927;114343;674.8;40;11236432807;B
20240927;114343;675;39;11236432808;B
20240927;114343;675;250;11236432809;B
20240927;114343;675;23;11236432810;B
20240927;114343;675.2;63;11236432811;B
20240927;114343;675.6;3;11236432812;B
20240927;114343;675.6;200;11236432813;B
20240927;114343;675.8;16;11236432814;B
20240927;114343;675.8;160;11236432815;B
20240927;114343;676;1;11236432816;B
20240927;114343;676;1;11236432817;B
20240927;114343;676;1;11236432818;B
20240927;114343;676;10;11236432819;B
20240927;114343;676;3;11236432820;B
20240927;114343;675.8;40;11236432896;B
20240927;114343;676;185;11236432897;B
20240927;114344;675;11;11236432916;B
20240927;114344;675.4;39;11236432917;B
20240927;114346;675.8;1;11236433316;B
20240927;114346;675.8;5;11236433317;B
20240927;114346;676;94;11236433318;B
20240927;114347;675.8;50;11236433447;B
20240927;114353;675.8;15;11236434118;B
20240927;114405;675.6;1;11236435817;B
20240927;114405;675.6;14;11236435818;B
20240927;114406;675.6;50;11236435922;B
20240927;114406;675.6;36;11236435948;B
20240927;114406;675.6;14;11236435949;B
20240927;114407;675.4;1;11236435992;S
20240927;114407;675.4;50;11236435993;S
20240927;114407;675.4;18;11236435994;S
20240927;114412;675.2;20;11236436627;S
20240927;114417;675.4;15;11236437507;B
20240927;114420;675.2;5;11236437951;S
20240927;114420;675;5;11236437952;S
20240927;114429;675;15;11236439249;B
20240927;114441;675;12;11236440947;B
20240927;114441;675;1;11236440948;B
20240927;114441;675;2;11236440949;B
20240927;114444;675;48;11236441487;B
20240927;114444;675.2;50;11236441488;B
20240927;114444;675.2;1;11236441489;B
20240927;114444;675.2;13;11236441490;B
20240927;114444;675.2;15;11236441491;B
20240927;114445;674.8;1;11236441515;S
20240927;114445;674.6;1;11236441516;S
20240927;114453;675;1;11236442693;B
20240927;114453;675;14;11236442694;B
20240927;114455;675;51;11236442856;B
20240927;114455;675;25;11236442857;B
20240927;114455;675.2;10;11236442858;B
20240927;114455;675.2;19;11236442859;B
20240927;114457;675.2;31;11236443170;B
20240927;114457;675.2;5;11236443171;B
20240927;114457;675.2;8;11236443172;B
20240927;114457;675.2;25;11236443173;B
20240927;114457;675.4;1;11236443174;B
20240927;114501;675.4;29;11236443626;B
20240927;114501;675.6;50;11236443627;B
20240927;114501;675.6;50;11236443628;B
20240927;114501;675.6;1;11236443629;B
20240927;114501;675.6;1;11236443630;B
20240927;114501;675.6;8;11236443631;B
20240927;114501;675.8;1;11236443632;B
20240927;114501;675.8;2;11236443633;B
20240927;114501;675.8;50;11236443634;B
20240927;114501;676;218;11236443635;B
20240927;114504;676.2;14;11236444077;B
20240927;114504;676.4;46;11236444078;B
20240927;114504;676.2;7;11236444103;B
20240927;114504;676.4;18;11236444104;B
20240927;114504;676.2;4;11236444131;B
20240927;114504;676.4;21;11236444132;B
20240927;114505;676.2;2;11236444238;B
20240927;114505;676.4;15;11236444288;B
20240927;114506;676.4;32;11236444321;B
20240927;114506;676.4;60;11236444324;B
20240927;114507;676.4;25;11236444451;B
20240927;114507;676.4;25;11236444465;B
20240927;114507;676.4;8;11236444466;B
20240927;114507;676.4;1;11236444467;B
20240927;114508;676.6;50;11236444620;B
20240927;114508;676.6;1;11236444694;B
20240927;114518;676.4;1;11236446059;B
20240927;114518;676.4;14;11236446060;B
20240927;114530;676.4;12;11236447802;B
20240927;114530;676.4;3;11236447803;B
20240927;114532;676.2;1;11236448180;S
20240927;114535;676.2;37;11236448493;S
20240927;114535;676.2;5;11236448494;S
20240927;114535;676.2;1;11236448495;S
20240927;114535;676.2;20;11236448562;B
20240927;114540;676;1;11236449009;S
20240927;114541;676;5;11236449196;S
20240927;114542;676.2;15;11236449243;B
20240927;114554;676.2;1;11236450235;B
20240927;114554;676.2;14;11236450236;B
20240927;114606;676.2;11;11236451416;B
20240927;114606;676.2;4;11236451417;B
20240927;114618;676.2;15;11236452529;B
20240927;114626;676.2;1;11236453271;B
20240927;114626;676.2;4;11236453272;B
20240927;114630;676.2;15;11236453602;B
20240927;114639;676.2;10;11236454617;B
20240927;114642;676.4;15;11236454890;B
20240927;114654;676.4;7;11236456201;B
20240927;114654;676.4;8;11236456202;B
20240927;114655;676.4;17;11236456263;B
20240927;114655;676.4;23;11236456264;B
20240927;114656;676.4;3;11236456322;B
20240927;114656;676.4;5;11236456323;B
20240927;114656;676.4;5;11236456367;B
20240927;114656;676.4;5;11236456368;B
20240927;114657;676.4;10;11236456476;B
20240927;114657;676.4;10;11236456496;B
20240927;114658;676.4;10;11236456524;B
20240927;114658;676.4;10;11236456581;B
20240927;114659;676.4;10;11236456627;B
20240927;114659;676.4;10;11236456688;B
20240927;114700;676.4;10;11236456731;B
20240927;114700;676.4;10;11236456762;B
20240927;114700;676.4;10;11236456799;B
20240927;114700;676.4;50;11236456812;B
20240927;114701;676.6;10;11236456900;B
20240927;114702;676.6;50;11236456966;B
20240927;114702;676.6;10;11236457003;B
20240927;114702;676.6;5;11236457029;B
20240927;114702;676.6;10;11236457034;B
20240927;114703;676.6;10;11236457061;B
20240927;114703;676.6;5;11236457078;B
20240927;114703;676.6;10;11236457091;B
20240927;114704;676.6;5;11236457147;B
20240927;114704;676.6;10;11236457149;B
20240927;114704;676.6;10;11236457199;B
20240927;114705;676.6;10;11236457267;B
20240927;114705;676.6;4;11236457294;B
20240927;114705;676.6;6;11236457295;B
20240927;114705;676.6;50;11236457325;B
20240927;114706;676.6;10;11236457364;B
20240927;114706;676.6;10;11236457387;B
20240927;114706;676.6;50;11236457401;B
20240927;114706;676.6;15;11236457429;B
20240927;114706;676.6;10;11236457430;B
20240927;114707;676.6;10;11236457464;B
20240927;114707;676.6;10;11236457490;B
20240927;114708;676.6;10;11236457507;B
20240927;114708;676.6;10;11236457563;B
20240927;114709;676.6;9;11236457578;B
20240927;114709;676.6;1;11236457579;B
20240927;114709;676.6;2;11236457585;B
20240927;114709;676.6;48;11236457586;B
20240927;114709;676.6;2;11236457602;B
20240927;114710;676.8;10;11236457747;B
20240927;114710;676.8;10;11236457916;B
20240927;114710;676.8;18;11236457918;B
20240927;114710;676.8;2;11236457924;B
20240927;114711;677;3;11236457973;B
20240927;114711;677;7;11236457974;B
20240927;114711;677;5;11236457976;B
20240927;114711;677.2;10;11236458022;B
20240927;114712;677.2;5;11236458056;B
20240927;114712;677.2;5;11236458057;B
20240927;114712;677.2;5;11236458124;B
20240927;114712;677.2;5;11236458125;B
20240927;114713;677.2;5;11236458376;B
20240927;114713;677.4;5;11236458540;B
20240927;114714;677.4;5;11236458616;B
20240927;114719;677.4;15;11236459207;B
20240927;114731;677.2;10;11236460240;B
20240927;114731;677.4;5;11236460241;B
20240927;114739;677;5;11236461019;B
20240927;114743;677;5;11236461769;B
20240927;114743;677;5;11236461770;B
20240927;114743;677.2;1;11236461771;B
20240927;114743;677.2;4;11236461772;B
20240927;114744;677;5;11236461872;B
20240927;114753;677;5;11236462774;B
20240927;114753;677;100;11236462775;B
20240927;114753;677.2;16;11236462776;B
20240927;114753;677.2;1;11236462777;B
20240927;114753;677.2;25;11236462778;B
20240927;114753;677.2;100;11236462779;B
20240927;114753;677.2;100;11236462780;B
20240927;114753;677.2;9;11236462781;B
20240927;114753;677.4;130;11236462782;B
20240927;114753;677.4;14;11236462783;B
20240927;114754;677.4;36;11236462787;B
20240927;114754;677.4;1;11236462788;B
20240927;114754;677.6;10;11236462789;B
20240927;114754;677.8;200;11236462790;B
20240927;114754;677.8;10;11236462791;B
20240927;114754;678;25;11236462792;B
20240927;114754;678;1;11236462793;B
20240927;114754;678;1;11236462794;B
20240927;114754;678;1;11236462795;B
20240927;114754;678;200;11236462796;B
20240927;114754;678.2;15;11236462797;B
20240927;114754;678.2;9;11236462804;B
20240927;114754;678.2;9;11236462805;B
20240927;114754;678.2;9;11236462806;B
20240927;114755;678.2;15;11236462972;B
20240927;114756;678.2;43;11236463104;B
20240927;114756;678.2;96;11236463105;B
20240927;114756;678.4;10;11236463106;B
20240927;114756;678.4;10;11236463107;B
20240927;114756;678.4;10;11236463108;B
20240927;114756;678.6;20;11236463109;B
20240927;114756;678.8;50;11236463110;B
20240927;114756;678.8;100;11236463111;B
20240927;114756;678.8;161;11236463112;B
20240927;114756;678.4;8;11236463168;B
20240927;114756;678.6;2;11236463169;B
20240927;114759;678.4;1;11236463755;B
20240927;114800;678.4;9;11236463771;S
20240927;114800;678;10;11236463824;B
20240927;114801;678;190;11236463867;B
20240927;114801;678.2;8;11236463868;B
20240927;114801;678.6;1;11236463869;B
20240927;114801;678.6;1;11236463870;B
20240927;114801;678.6;15;11236463871;B
20240927;114801;678.8;2;11236463872;B
20240927;114801;679;25;11236463873;B
20240927;114801;679;25;11236463874;B
20240927;114801;679;200;11236463875;B
20240927;114801;679;1;11236463876;B
20240927;114801;679.2;30;11236463877;B
20240927;114801;679.2;2;11236463878;B
20240927;114801;679.2;50;11236463886;B
20240927;114803;678.8;10;11236464089;B
20240927;114803;679.2;10;11236464090;B
20240927;114803;679.2;40;11236464091;B
20240927;114803;679.4;200;11236464092;B
20240927;114803;679.4;1;11236464093;B
20240927;114803;679.4;1;11236464094;B
20240927;114803;679.4;1;11236464095;B
20240927;114803;679.4;48;11236464096;B
20240927;114803;679.6;189;11236464097;B
20240927;114807;679;10;11236464745;S
20240927;114807;679.4;1;11236464746;B
20240927;114807;679.4;1;11236464747;B
20240927;114807;679.4;9;11236464751;B
20240927;114807;679.4;6;11236464752;B
20240927;114813;679;1;11236465531;B
20240927;114813;679;11;11236465532;B
20240927;114813;679;100;11236465533;B
20240927;114813;679;1;11236465534;B
20240927;114813;679.2;10;11236465535;B
20240927;114813;679.2;10;11236465536;B
20240927;114813;679.4;14;11236465537;B
20240927;114813;679.4;25;11236465538;B
20240927;114813;679.4;125;11236465539;B
20240927;114813;679.4;100;11236465540;B
20240927;114813;679.4;1;11236465541;B
20240927;114813;679.6;102;11236465542;B
20240927;114819;679;1;11236466203;B
20240927;114819;679;14;11236466204;B
20240927;114822;678.4;1;11236466512;S
20240927;114828;678.4;1;11236467004;S
20240927;114831;678.4;5;11236467334;B
20240927;114831;678.6;10;11236467335;B
20240927;114835;678.4;1;11236467862;B
20240927;114835;678.4;1;11236467863;B
20240927;114835;678.6;1;11236467864;B
20240927;114835;678.6;25;11236467865;B
20240927;114843;678.8;15;11236468679;B
20240927;114844;678.6;8;11236468721;S
20240927;114846;678.6;50;11236468861;S
20240927;114853;678.6;14;11236469625;S
20240927;114855;678.4;15;11236469852;B
20240927;114857;678.4;1;11236469958;B
20240927;114907;678;5;11236471239;B
20240927;114907;678;10;11236471240;B
20240927;114919;678;15;11236472570;B
20240927;114932;677.8;15;11236473844;B
20240927;114944;677.8;15;11236475003;B
20240927;114944;677.6;1;11236475037;S
20240927;114944;677.6;1;11236475038;S
20240927;114948;677.4;1;11236475373;S
20240927;114948;677.2;1;11236475374;S
20240927;114954;677;3;11236475937;S
20240927;114956;677.2;1;11236476071;B
20240927;114956;677.2;14;11236476072;B
20240927;115002;677.2;2;11236476545;B
20240927;115004;677;1;11236476710;S
20240927;115004;677;1;11236476711;S
20240927;115008;676.8;5;11236476986;B
20240927;115008;677;1;11236476987;B
20240927;115008;677;5;11236476988;B
20240927;115008;677.2;4;11236476989;B
20240927;115020;676.8;15;11236478276;B
20240927;115026;676.8;2;11236478979;B
20240927;115029;676.6;2;11236479329;S
20240927;115031;676.8;1;11236479479;B
20240927;115032;676.8;2;11236479574;B
20240927;115032;676.8;13;11236479575;B
20240927;115044;676.8;2;11236480615;B
20240927;115044;676.8;13;11236480616;B
20240927;115056;676.6;5;11236481709;B
20240927;115056;676.8;10;11236481710;B
20240927;115108;676.6;5;11236482915;B
20240927;115108;676.6;10;11236482916;B
20240927;115120;676.6;15;11236484198;B
20240927;115133;676.6;5;11236485582;B
20240927;115133;676.6;1;11236485583;B
20240927;115133;676.8;9;11236485584;B
20240927;115137;676.4;1;11236486062;S
20240927;115141;676.4;3;11236486628;S
20240927;115145;676.6;15;11236486946;B
20240927;115147;676.6;1;11236487179;B
20240927;115149;676.4;5;11236487468;S
20240927;115149;676.4;5;11236487469;S
20240927;115149;676.4;28;11236487470;S
20240927;115157;676.4;15;11236488468;B
20240927;115202;676.2;14;11236489183;S
20240927;115202;676.2;1;11236489184;S
20240927;115209;676.2;15;11236489917;B
20240927;115221;676.2;1;11236491059;B
20240927;115221;676.2;10;11236491060;B
20240927;115221;676.4;4;11236491061;B
20240927;115225;676;1;11236491454;S
20240927;115233;676.4;15;11236492242;B
20240927;115245;676.2;10;11236493554;B
20240927;115245;676.4;5;11236493555;B
20240927;115245;676;1;11236493558;S
20240927;115245;676;37;11236493559;S
20240927;115247;676.2;2;11236493906;B
20240927;115256;676;2;11236494783;S
20240927;115257;676.2;8;11236494829;B
20240927;115257;676.2;7;11236494830;B
20240927;115309;676.2;15;11236495946;B
20240927;115315;676;1;11236496373;S
20240927;115315;676;2;11236496374;S
20240927;115321;676.2;1;11236497003;B
20240927;115321;676.2;10;11236497004;B
20240927;115321;676.4;4;11236497005;B
20240927;115333;676.4;7;11236498798;B
20240927;115333;676.4;8;11236498799;B
20240927;115340;676.4;2;11236499690;B
20240927;115340;676.4;1;11236499691;B
20240927;115340;676.4;1;11236499692;B
20240927;115346;676.6;10;11236500184;B
20240927;115346;676.6;5;11236500185;B
20240927;115358;676.8;15;11236501871;B
20240927;115404;676.8;1;11236502625;B
20240927;115404;676.8;16;11236502626;B
20240927;115404;676.8;42;11236502627;B
20240927;115404;677;3;11236502628;B
20240927;115404;677;25;11236502629;B
20240927;115404;677.2;4;11236502630;B
20240927;115404;677.2;25;11236502631;B
20240927;115404;677.2;25;11236502632;B
20240927;115404;677.2;25;11236502633;B
20240927;115404;677.4;5;11236502634;B
20240927;115404;677.4;25;11236502635;B
20240927;115404;677.4;25;11236502636;B
20240927;115404;677.4;15;11236502637;B
20240927;115404;677.6;25;11236502638;B
20240927;115404;677.6;15;11236502639;B
20240927;115404;677.6;15;11236502640;B
20240927;115404;677.8;5;11236502641;B
20240927;115404;677.8;15;11236502642;B
20240927;115404;677.8;15;11236502643;B
20240927;115404;677.8;10;11236502644;B
20240927;115404;677.8;15;11236502645;B
20240927;115404;677.8;15;11236502646;B
20240927;115404;678;50;11236502647;B
20240927;115404;678;20;11236502648;B
20240927;115404;678;64;11236502649;B
20240927;115404;678;25;11236502650;B
20240927;115404;678;100;11236502651;B
20240927;115404;678.2;10;11236502652;B
20240927;115404;678.2;30;11236502653;B
20240927;115404;678.2;25;11236502654;B
20240927;115404;678.4;4;11236502655;B
20240927;115404;678.4;15;11236502656;B
20240927;115404;678.4;6;11236502657;B
20240927;115404;678.4;15;11236502658;B
20240927;115404;678.6;3;11236502659;B
20240927;115404;678.6;50;11236502660;B
20240927;115404;678.6;10;11236502661;B
20240927;115404;678.6;15;11236502662;B
20240927;115404;678.8;5;11236502663;B
20240927;115404;678.8;8;11236502664;B
20240927;115404;678.8;25;11236502665;B
20240927;115404;678.8;50;11236502666;B
20240927;115404;678.8;300;11236502667;B
20240927;115404;679;11;11236502668;B
20240927;115404;679;8;11236502669;B
20240927;115404;679;100;11236502670;B
20240927;115404;679;10;11236502671;B
20240927;115404;679;175;11236502672;B
20240927;115405;679;5;11236502729;B
20240927;115410;678.2;15;11236503392;B
20240927;115418;677.6;34;11236504572;S
20240927;115418;677.6;10;11236504684;B
20240927;115422;677.4;15;11236505307;B
20240927;115434;677.6;15;11236506981;B
20240927;115446;677.8;1;11236508626;B
20240927;115446;677.8;8;11236508627;B
20240927;115446;677.8;6;11236508628;B
20240927;115458;677.8;15;11236510031;B
20240927;115510;678;15;11236511470;B
20240927;115522;678;15;11236514156;B
20240927;115534;678.2;1;11236516167;B
20240927;115534;678.2;14;11236516168;B
20240927;115547;678;10;11236517313;B
20240927;115547;678;5;11236517314;B
20240927;115559;678;5;11236519173;B
20240927;115559;678;10;11236519174;B
20240927;115559;678;1;11236519179;B
20240927;115611;677.8;5;11236520500;B
20240927;115611;677.8;10;11236520501;B
20240927;115623;677.4;5;11236522241;B
20240927;115623;677.4;10;11236522242;B
20240927;115635;677.4;10;11236523731;B
20240927;115635;677.4;5;11236523732;B
20240927;115647;677.4;10;11236524982;B
20240927;115647;677.4;5;11236524983;B
20240927;115659;677.6;1;11236526454;B
20240927;115659;677.6;12;11236526455;B
20240927;115659;678;2;11236526456;B
20240927;115711;678;8;11236527850;B
20240927;115711;678;7;11236527851;B
20240927;115715;677.8;36;11236528298;B
20240927;115715;678;3;11236528299;B
20240927;115715;678;5;11236528300;B
20240927;115715;678;20;11236528301;B
20240927;115715;678.2;10;11236528302;B
20240927;115723;677.8;15;11236529290;B
20240927;115735;677.6;8;11236530650;B
20240927;115735;677.6;7;11236530651;B
20240927;115743;676.8;3;11236531505;S
20240927;115743;676.8;2;11236531506;S
20240927;115747;677.4;15;11236532875;B
20240927;115800;677.2;3;11236537108;B
20240927;115800;677.2;12;11236537109;B
20240927;115801;677.2;3;11236537464;B
20240927;115801;677.4;27;11236537465;B
20240927;115808;676.8;20;11236538634;S
20240927;115808;676.8;40;11236538635;S
20240927;115812;676.8;15;11236539281;B
20240927;115824;676.6;15;11236540810;B
20240927;115836;676.6;15;11236542666;B
20240927;115848;676.6;15;11236547043;B
20240927;115858;676.4;1;11236549256;B
20240927;115900;676.2;15;11236549607;B
20240927;115912;676.2;15;11236551161;B
20240927;115924;676.2;10;11236552374;B
20240927;115924;676.2;5;11236552375;B
20240927;115936;676.2;10;11236554055;B
20240927;115936;676.2;5;11236554056;B
20240927;115948;676.2;10;11236555570;B
20240927;115948;676.2;15;11236555571;B
20240927;115948;676.2;10;11236555572;B
20240927;115948;676.2;15;11236555573;B
20240927;115948;676.2;15;11236555676;B
20240927;120001;676.2;15;11236557437;B
20240927;120003;676.2;1;11236557713;B
20240927;120007;676.2;25;11236558208;S
20240927;120007;676.2;30;11236558209;S
20240927;120007;676.4;50;11236558228;B
20240927;120007;676.2;6;11236558241;S
20240927;120013;676.6;10;11236558736;B
20240927;120013;676.8;5;11236558737;B
20240927;120025;676.8;15;11236560188;B
20240927;120028;676.8;1;11236560407;B
20240927;120037;676.8;15;11236561253;B
20240927;120044;676.8;1;11236561986;B
20240927;120049;676.8;15;11236562320;B
20240927;120101;676.8;15;11236563706;B
20240927;120102;676.8;1;11236563805;B
20240927;120113;676.8;15;11236564939;B
20240927;120125;676.8;15;11236566150;B
20240927;120127;676.8;4;11236566330;B
20240927;120137;676.8;15;11236567149;B
20240927;120149;676.8;15;11236568365;B
20240927;120201;676.8;15;11236569492;B
20240927;120214;676.8;15;11236570628;B
20240927;120216;676.8;13;11236570853;B
20240927;120216;676.8;5;11236570854;B
20240927;120216;677;7;11236570855;B
20240927;120219;676.6;36;11236571192;S
20240927;120219;676.6;40;11236571193;S
20240927;120219;676.6;19;11236571194;S
20240927;120219;676.4;1;11236571195;S
20240927;120219;676.4;50;11236571196;S
20240927;120226;677.2;14;11236571875;B
20240927;120226;677.2;1;11236571876;B
20240927;120238;677.4;10;11236573449;B
20240927;120238;677.4;5;11236573450;B
20240927;120250;677.4;5;11236575009;B
20240927;120250;677.4;10;11236575010;B
20240927;120251;677.6;5;11236575133;B
20240927;120252;677.6;5;11236575224;B
20240927;120253;677.6;5;11236575338;B
20240927;120253;677.6;5;11236575380;B
20240927;120302;677.6;15;11236576160;B
20240927;120306;677.6;1;11236576431;B
20240927;120314;677.6;10;11236577695;B
20240927;120314;677.6;5;11236577696;B
20240927;120326;677.6;15;11236578817;B
20240927;120338;677.6;15;11236579944;B
20240927;120350;677.6;15;11236580949;B
20240927;120402;677.6;15;11236582216;B
20240927;120415;677.6;15;11236583384;B
20240927;120427;677.6;15;11236584632;B
20240927;120439;677.6;5;11236585824;B
20240927;120439;677.6;10;11236585825;B
20240927;120451;677.6;15;11236586978;B
20240927;120503;677.6;15;11236587940;B
20240927;120515;677.6;10;11236589233;B
20240927;120515;677.6;2;11236589234;B
20240927;120515;677.6;3;11236589235;B
20240927;120520;677.2;2;11236589790;S
20240927;120520;677.2;40;11236589791;S
20240927;120527;677.2;8;11236590565;B
20240927;120527;677.4;3;11236590566;B
20240927;120527;677.6;4;11236590567;B
20240927;120539;677.6;13;11236591747;B
20240927;120539;677.6;2;11236591748;B
20240927;120551;677.6;15;11236593228;B
20240927;120557;677;2;11236593849;S
20240927;120559;676.8;5;11236594108;B
20240927;120559;676.8;5;11236594113;S
20240927;120602;676.8;4;11236594229;S
20240927;120602;676.8;1;11236594230;S
20240927;120603;677;1;11236594300;B
20240927;120603;677;15;11236594407;B
20240927;120612;676.8;2;11236595223;B
20240927;120615;676.8;3;11236595454;B
20240927;120615;677;12;11236595455;B
20240927;120619;677;1;11236595820;B
20240927;120628;677;15;11236596555;B
20240927;120640;677;6;11236597530;B
20240927;120640;677;4;11236597531;B
20240927;120640;677.2;5;11236597532;B
20240927;120644;676.8;2;11236597923;S
20240927;120652;677.4;2;11236598686;B
20240927;120652;677.6;3;11236598687;B
20240927;120652;677.6;2;11236598688;B
20240927;120652;677.6;3;11236598689;B
20240927;120652;677.6;1;11236598690;B
20240927;120652;677.6;4;11236598691;B
20240927;120659;677.4;1;11236599385;B
20240927;120704;677.4;15;11236599910;B
20240927;120711;677.4;8;11236600543;B
20240927;120716;677.4;2;11236601095;B
20240927;120716;677.4;10;11236601096;B
20240927;120716;677.4;3;11236601097;B
20240927;120723;677.4;10;11236601807;B
20240927;120728;677.4;7;11236602314;B
20240927;120728;677.6;8;11236602315;B
20240927;120740;677.6;15;11236603315;B
20240927;120752;677.6;15;11236604558;B
20240927;120759;676.8;1;11236605243;S
20240927;120804;677.6;15;11236605737;B
20240927;120816;677.4;15;11236607062;B
20240927;120819;677.4;1;11236607306;B
20240927;120828;677.4;15;11236608232;B
20240927;120841;677.4;15;11236609389;B
20240927;120853;677.4;14;11236610432;B
20240927;120853;677.4;1;11236610433;B
20240927;120905;677.4;15;11236611671;B
20240927;120909;677.2;5;11236612065;B
20240927;120909;677.4;15;11236612066;B
20240927;120917;677.4;7;11236612969;B
20240927;120917;677.6;1;11236612970;B
20240927;120917;677.6;7;11236612971;B
20240927;120929;677.6;15;11236614107;B
20240927;120941;677.6;15;11236615340;B
20240927;120949;677.6;1;11236616200;B
20240927;120953;677.6;15;11236616565;B
20240927;121005;677.6;15;11236617823;B
20240927;121007;677.4;2;11236617972;S
20240927;121017;677.4;15;11236619264;B
20240927;121029;677.4;15;11236620406;B
20240927;121042;677.4;15;11236621882;B
20240927;121052;677.2;2;11236622924;S
20240927;121053;677.2;2;11236623064;S
20240927;121054;677.6;15;11236623110;B
20240927;121106;677.6;15;11236624279;B
20240927;121111;677.2;1;11236624782;S
20240927;121118;677.4;10;11236625410;B
20240927;121118;677.6;5;11236625411;B
20240927;121118;677.2;1;11236625480;S
20240927;121127;677.2;8;11236626337;S
20240927;121130;677.4;15;11236626597;B
20240927;121135;677.2;6;11236627079;S
20240927;121135;677.2;2;11236627080;S
20240927;121142;677;15;11236627434;B
20240927;121154;677;10;11236628638;B
20240927;121154;677.2;5;11236628639;B
20240927;121206;677;15;11236629522;B
20240927;121218;677;10;11236630539;B
20240927;121218;677;5;11236630540;B
20240927;121230;677;15;11236631542;B
20240927;121239;677;15;11236632324;B
20240927;121239;677;15;11236632325;B
20240927;121243;677;5;11236632616;B
20240927;121243;677;7;11236632617;B
20240927;121243;677;3;11236632618;B
20240927;121255;677;12;11236633738;B
20240927;121255;677;3;11236633739;B
20240927;121305;677;2;11236634570;B
20240927;121307;677;10;11236634733;B
20240927;121307;677;5;11236634734;B
20240927;121311;677;10;11236635133;B
20240927;121319;677;15;11236635622;B
20240927;121331;677;15;11236636545;B
20240927;121343;677;15;11236637546;B
20240927;121348;677;1;11236637844;B
20240927;121355;677;15;11236638498;B
20240927;121407;677;15;11236639586;B
20240927;121419;677;15;11236640509;B
20240927;121431;677;15;11236641500;B
20240927;121439;677;3;11236642198;B
20240927;121443;677;15;11236642481;B
20240927;121453;676.8;1;11236643288;S
20240927;121453;676.8;1;11236643289;S
20240927;121453;676.8;10;11236643290;S
20240927;121453;676.6;1;11236643291;S
20240927;121456;677;15;11236643458;B
20240927;121508;677;15;11236644480;B
20240927;121520;677;15;11236645319;B
20240927;121532;677;7;11236646151;B
20240927;121532;677;8;11236646152;B
20240927;121532;676.6;1;11236646157;S
20240927;121544;677;12;11236646952;B
20240927;121544;677;3;11236646953;B
20240927;121556;676.8;10;11236648147;B
20240927;121556;676.8;5;11236648148;B
20240927;121608;676.6;4;11236649047;B
20240927;121608;676.8;11;11236649048;B
20240927;121620;676.8;9;11236650116;B
20240927;121620;676.8;6;11236650117;B
20240927;121632;676.8;9;11236650993;B
20240927;121632;676.8;6;11236650994;B
20240927;121644;676.8;4;11236652161;B
20240927;121644;676.8;10;11236652162;B
20240927;121644;676.8;1;11236652163;B
20240927;121650;676.6;15;11236652713;B
20240927;121650;676.6;13;11236652714;B
20240927;121656;676.6;15;11236653762;B
20240927;121658;676.4;6;11236653901;S
20240927;121700;676.4;44;11236654113;S
20240927;121700;676.2;12;11236654114;S
20240927;121709;675.6;10;11236655221;S
20240927;121709;676;12;11236655228;B
20240927;121709;676;3;11236655229;B
20240927;121721;675.8;2;11236656413;B
20240927;121721;675.8;13;11236656414;B
20240927;121733;675.8;5;11236657771;B
20240927;121733;675.8;10;11236657772;B
20240927;121734;675.6;10;11236657848;S
20240927;121734;675.6;20;11236657849;S
20240927;121734;675.4;10;11236657850;S
20240927;121734;675;1;11236657851;S
20240927;121734;675;1;11236657852;S
20240927;121734;674.8;66;11236657853;S
20240927;121734;674.8;15;11236657861;S
20240927;121735;674.8;15;11236657953;S
20240927;121735;674.6;2;11236657954;S
20240927;121735;674.6;8;11236657955;S
20240927;121736;674.2;25;11236658050;S
20240927;121738;674.2;25;11236658224;S
20240927;121745;674.8;15;11236659006;B
20240927;121747;674.8;1;11236659151;B
20240927;121756;674.2;25;11236660009;S
20240927;121756;674.2;40;11236660010;S
20240927;121756;674;2;11236660011;S
20240927;121756;674;33;11236660012;S
20240927;121757;674.8;9;11236660073;B
20240927;121757;674.8;6;11236660074;B
20240927;121759;674;25;11236660255;S
20240927;121759;673.8;55;11236660256;S
20240927;121803;674.2;3;11236660671;B
20240927;121809;674.2;15;11236661365;B
20240927;121813;674;1;11236661748;S
20240927;121814;673.6;5;11236661813;S
20240927;121814;673.6;45;11236661814;S
20240927;121816;673.6;50;11236662035;S
20240927;121821;674.2;15;11236662499;B
20240927;121825;674.2;17;11236662820;B
20240927;121825;674.2;50;11236662821;B
20240927;121825;674.2;14;11236662822;B
20240927;121826;674.4;1;11236662890;B
20240927;121827;674.4;13;11236662946;B
20240927;121827;674.4;25;11236662947;B
20240927;121829;674.6;5;11236663071;B
20240927;121829;674.8;15;11236663072;B
20240927;121829;674.8;29;11236663102;B
20240927;121829;674.8;25;11236663103;B
20240927;121829;674.8;2;11236663104;B
20240927;121829;674.8;20;11236663113;B
20240927;121829;674.8;20;11236663120;B
20240927;121829;674.8;8;11236663155;B
20240927;121829;674.8;12;11236663156;B
20240927;121830;675.2;25;11236663185;B
20240927;121830;675.2;16;11236663328;B
20240927;121831;675.2;9;11236663330;B
20240927;121833;675.8;15;11236663542;B
20240927;121836;675.6;3;11236663902;B
20240927;121845;675.6;7;11236664682;B
20240927;121845;675.6;8;11236664683;B
20240927;121850;675.6;1;11236665013;B
20240927;121857;675.6;15;11236665677;B
20240927;121910;675.6;15;11236666688;B
20240927;121922;675.6;15;11236667536;B
20240927;121934;675.6;4;11236668977;B
20240927;121934;675.6;10;11236668978;B
20240927;121934;675.6;1;11236668979;B
20240927;121941;675.4;2;11236671059;S
20240927;121946;675.4;15;11236671622;B
20240927;121958;675.4;15;11236672778;B
20240927;122010;675.4;8;11236673945;B
20240927;122010;675.4;7;11236673946;B
20240927;122022;675.6;4;11236676566;B
20240927;122022;675.6;5;11236676567;B
20240927;122022;675.6;6;11236676568;B
20240927;122024;675.6;8;11236677543;B
20240927;122025;675.8;36;11236677856;B
20240927;122034;675.8;14;11236682303;B
20240927;122034;675.8;1;11236682304;B
20240927;122046;676;10;11236687749;B
20240927;122046;676;5;11236687750;B
20240927;122058;676;5;11236693141;B
20240927;122058;676;10;11236693142;B
20240927;122101;676.2;1;11236694202;B
20240927;122110;676.2;15;11236698606;B
20240927;122115;676.2;4;11236700737;B
20240927;122115;676.2;6;11236700738;B
20240927;122123;676;1;11236702711;B
20240927;122123;676.2;8;11236702712;B
20240927;122123;676.4;6;11236702713;B
20240927;122135;676.2;7;11236704801;B
20240927;122135;676.4;4;11236704802;B
20240927;122135;676.4;4;11236704803;B
20240927;122147;676.2;15;11236705667;B
20240927;122159;676;8;11236706896;B
20240927;122159;676;7;11236706897;B
20240927;122211;675.8;15;11236708063;B
20240927;122219;675.8;5;11236708732;B
20240927;122219;675.8;7;11236708733;B
20240927;122219;676;20;11236708734;B
20240927;122219;676;24;11236708735;B
20240927;122223;676;1;11236709027;B
20240927;122223;676.2;14;11236709028;B
20240927;122235;676.2;15;11236710015;B
20240927;122247;676.2;15;11236710963;B
20240927;122259;676;15;11236711947;B
20240927;122311;676.2;15;11236712899;B
20240927;122324;676;15;11236713769;B
20240927;122336;675.8;15;11236714685;B
20240927;122348;675.8;10;11236716258;B
20240927;122348;675.8;5;11236716259;B
20240927;122400;675.8;5;11236717116;B
20240927;122400;675.8;10;11236717117;B
20240927;122411;675.6;6;11236718020;B
20240927;122412;675.6;9;11236718061;B
20240927;122412;675.8;6;11236718062;B
20240927;122412;675.6;10;11236718082;B
20240927;122424;675.6;5;11236718914;B
20240927;122424;675.6;10;11236718915;B
20240927;122436;675.6;5;11236719792;B
20240927;122436;675.6;10;11236719793;B
20240927;122448;675.6;10;11236720572;B
20240927;122448;675.6;5;11236720573;B
20240927;122500;675.6;5;11236721675;B
20240927;122500;675.6;2;11236721676;B
20240927;122500;675.6;2;11236721677;B
20240927;122500;675.6;2;11236721678;B
20240927;122500;675.6;4;11236721679;B
20240927;122512;675.6;11;11236722628;B
20240927;122512;675.6;4;11236722629;B
20240927;122524;675.6;11;11236723633;B
20240927;122524;675.6;4;11236723634;B
20240927;122529;675.4;10;11236724010;S
20240927;122537;675.4;15;11236724800;B
20240927;122549;675.4;15;11236725880;B
20240927;122601;675.4;10;11236726757;B
20240927;122601;675.4;5;11236726758;B
20240927;122613;675.4;5;11236727558;B
20240927;122613;675.4;10;11236727559;B
20240927;122625;675.4;15;11236728632;B
20240927;122627;675.2;2;11236728723;S
20240927;122627;675.2;15;11236728724;S
20240927;122637;675;15;11236729499;B
20240927;122640;675;32;11236729705;B
20240927;122640;675;50;11236729706;B
20240927;122643;675.2;45;11236729863;B
20240927;122643;675.2;36;11236729864;B
20240927;122643;675.2;18;11236729888;S
20240927;122643;675.2;6;11236729889;S
20240927;122643;675.2;15;11236729890;S
20240927;122649;675.2;10;11236730312;B
20240927;122649;675.2;5;11236730313;B
20240927;122701;675.2;5;11236731224;B
20240927;122701;675.4;4;11236731225;B
20240927;122701;675.4;6;11236731226;B
20240927;122713;675.8;10;11236732287;B
20240927;122713;675.8;5;11236732288;B
20240927;122725;675.6;10;11236733088;B
20240927;122725;675.8;5;11236733089;B
20240927;122738;675.8;10;11236733988;B
20240927;122738;675.8;5;11236733989;B
20240927;122739;675.4;25;11236734080;S
20240927;122739;675.4;8;11236734081;S
20240927;122739;675.4;40;11236734082;S
20240927;122739;675;8;11236734083;S
20240927;122750;675.6;15;11236734923;B
20240927;122802;675.4;15;11236735927;B
20240927;122814;675.4;8;11236737037;B
20240927;122814;675.4;5;11236737038;B
20240927;122814;675.4;2;11236737039;B
20240927;122826;675.2;1;11236737984;B
20240927;122826;675.2;5;11236737985;B
20240927;122826;675.4;9;11236737986;B
20240927;122838;675.4;4;11236738872;B
20240927;122838;675.4;11;11236738873;B
20240927;122850;675.4;9;11236739875;B
20240927;122850;675.4;6;11236739876;B
20240927;122857;674.8;1;11236740373;S
20240927;122902;675.2;1;11236740852;B
20240927;122902;675.2;5;11236740853;B
20240927;122902;675.2;5;11236740854;B
20240927;122902;675.4;3;11236740855;B
20240927;122902;675.4;1;11236740856;B
20240927;122914;675.4;15;11236741818;B
20240927;122916;675.2;1;11236741958;S
20240927;122916;675;1;11236741959;S
20240927;122926;675.2;15;11236742819;B
20240927;122926;675;14;11236742821;S
20240927;122938;675;1;11236743755;B
20240927;122938;675;14;11236743756;B
20240927;122951;675;11;11236744851;B
20240927;122951;675;4;11236744852;B
20240927;123003;675;15;11236745845;B
20240927;123003;675;1;11236745888;B
20240927;123015;675;10;11236746657;B
20240927;123015;675;5;11236746658;B
20240927;123019;674.8;2;11236746950;S
20240927;123019;674.8;1;11236746951;S
20240927;123019;674.6;6;11236746952;S
20240927;123027;675;5;11236747502;B
20240927;123027;675;6;11236747503;B
20240927;123027;675;4;11236747504;B
20240927;123039;674.6;10;11236748411;B
20240927;123039;674.6;5;11236748412;B
20240927;123051;674.6;9;11236749411;B
20240927;123051;674.8;6;11236749412;B
20240927;123103;674.8;15;11236750261;B
20240927;123115;674.8;15;11236751371;B
20240927;123127;674.8;14;11236752497;B
20240927;123127;675;1;11236752498;B
20240927;123139;675;5;11236753569;B
20240927;123139;675;5;11236753570;B
20240927;123139;675;5;11236753571;B
20240927;123152;675;15;11236754318;B
20240927;123204;675;15;11236755214;B
20240927;123216;675;15;11236756075;B
20240927;123228;675;10;11236756913;B
20240927;123228;675;5;11236756914;B
20240927;123240;675;5;11236757894;B
20240927;123240;675.2;10;11236757895;B
20240927;123252;675;10;11236758883;B
20240927;123252;675.2;5;11236758884;B
20240927;123304;675;10;11236759796;B
20240927;123304;675;5;11236759797;B
20240927;123316;675;10;11236760874;B
20240927;123316;675;5;11236760875;B
20240927;123328;675;5;11236761729;B
20240927;123328;675;9;11236761730;B
20240927;123328;675;1;11236761731;B
20240927;123340;675;15;11236762710;B
20240927;123346;675;1;11236763164;B
20240927;123352;675;8;11236763655;B
20240927;123352;675;7;11236763656;B
20240927;123405;675;15;11236764717;B
20240927;123417;675;3;11236765639;B
20240927;123417;675.2;12;11236765640;B
20240927;123429;675.2;8;11236766714;B
20240927;123429;675.2;7;11236766715;B
20240927;123441;675.2;15;11236767990;B
20240927;123453;675.2;3;11236769070;B
20240927;123453;675.2;10;11236769071;B
20240927;123453;675.2;2;11236769072;B
20240927;123505;675.2;8;11236770285;B
20240927;123505;675.2;7;11236770286;B
20240927;123517;675.4;15;11236771461;B
20240927;123529;675.4;15;11236772723;B
20240927;123541;675.4;4;11236774049;B
20240927;123541;675.4;8;11236774050;B
20240927;123541;675.4;3;11236774051;B
20240927;123553;675.4;15;11236775539;B
20240927;123606;675.4;7;11236776696;B
20240927;123606;675.4;8;11236776697;B
20240927;123618;675.4;15;11236777751;B
20240927;123630;675.4;2;11236778765;B
20240927;123630;675.4;10;11236778766;B
20240927;123630;675.4;3;11236778767;B
20240927;123642;675.4;7;11236780421;B
20240927;123642;675.6;8;11236780422;B
20240927;123645;675.6;5;11236780877;B
20240927;123654;675.4;10;11236781633;B
20240927;123654;675.6;5;11236781634;B
20240927;123706;675.6;7;11236782837;B
20240927;123706;675.6;8;11236782838;B
20240927;123718;675.6;2;11236783912;B
20240927;123718;675.6;13;11236783913;B
20240927;123730;675.6;12;11236784867;B
20240927;123730;675.6;3;11236784868;B
20240927;123736;675.6;22;11236785342;B
20240927;123736;675.8;5;11236785343;B
20240927;123736;675.8;10;11236785344;B
20240927;123736;675.8;75;11236785345;B
20240927;123742;676.4;10;11236785952;B
20240927;123742;676.4;5;11236785953;B
20240927;123754;676.4;5;11236787064;B
20240927;123754;676.4;2;11236787065;B
20240927;123754;676.4;8;11236787066;B
20240927;123806;676.4;2;11236788066;B
20240927;123806;676.4;10;11236788067;B
20240927;123806;676.6;3;11236788068;B
20240927;123818;676.6;2;11236789180;B
20240927;123819;676.6;15;11236789257;B
20240927;123831;676.6;2;11236790261;B
20240927;123831;676.6;10;11236790262;B
20240927;123831;676.6;3;11236790263;B
20240927;123843;676.4;3;11236791166;B
20240927;123843;676.6;7;11236791167;B
20240927;123843;676.6;5;11236791168;B
20240927;123855;676.6;5;11236792163;B
20240927;123855;676.6;10;11236792164;B
20240927;123907;676.8;10;11236793124;B
20240927;123907;676.8;5;11236793125;B
20240927;123919;676.8;15;11236794076;B
20240927;123931;676.8;1;11236795104;B
20240927;123931;676.8;14;11236795105;B
20240927;123943;676.8;2;11236796396;B
20240927;123943;676.8;13;11236796397;B
20240927;123955;676.8;7;11236797549;B
20240927;123955;676.8;8;11236797550;B
20240927;124007;676.8;2;11236799055;B
20240927;124007;676.8;10;11236799056;B
20240927;124007;676.8;3;11236799057;B
20240927;124010;676.8;4;11236799392;B
20240927;124010;676.8;3;11236799409;B
20240927;124020;677;15;11236800274;B
20240927;124032;677;15;11236801326;B
20240927;124044;677;15;11236802421;B
20240927;124056;677;5;11236803493;B
20240927;124056;677;10;11236803494;B
20240927;124108;677;15;11236804453;B
20240927;124120;677;15;11236805487;B
20240927;124123;676.8;1;11236806073;S
20240927;124123;676.8;4;11236806076;B
20240927;124123;676.8;4;11236806087;B
20240927;124123;676.8;4;11236806093;B
20240927;124123;676.8;4;11236806095;B
20240927;124123;676.8;4;11236806097;B
20240927;124123;676.8;4;11236806108;B
20240927;124123;676.8;4;11236806131;B
20240927;124123;676.8;4;11236806136;B
20240927;124123;676.8;3;11236806140;B
20240927;124132;676.8;15;11236806918;B
20240927;124144;676.4;15;11236808091;B
20240927;124144;676;2;11236808094;S
20240927;124156;676.4;15;11236809059;B
20240927;124159;676;8;11236809235;S
20240927;124208;676.2;15;11236809912;B
20240927;124209;676.4;5;11236809948;B
20240927;124213;676.6;2;11236810264;B
20240927;124220;676.6;1;11236810703;B
20240927;124220;676.6;1;11236810720;B
20240927;124220;676.6;14;11236810721;B
20240927;124233;676.2;10;11236811694;B
20240927;124233;676.2;5;11236811695;B
20240927;124245;676.2;15;11236812639;B
20240927;124246;675.8;2;11236812780;S
20240927;124246;675.8;3;11236812781;S
20240927;124257;676.2;15;11236813549;B
20240927;124309;676;15;11236814379;B
20240927;124319;676;4;11236815231;B
20240927;124319;676;137;11236815232;B
20240927;124319;676.2;40;11236815233;B
20240927;124319;676.6;6;11236815234;B
20240927;124319;676.6;88;11236815235;B
20240927;124319;676.8;50;11236815236;B
20240927;124319;676.8;50;11236815237;B
20240927;124321;676.4;15;11236815467;B
20240927;124333;676.4;15;11236816269;B
20240927;124345;676.4;11;11236817941;B
20240927;124345;676.6;4;11236817942;B
20240927;124350;675.8;10;11236818697;S
20240927;124350;675.8;35;11236818698;S
20240927;124357;676.4;6;11236819399;B
20240927;124357;676.4;9;11236819400;B
20240927;124409;676.4;1;11236820416;B
20240927;124409;676.6;14;11236820417;B
20240927;124412;675.8;1;11236820555;S
20240927;124412;675.8;40;11236820556;S
20240927;124412;675.8;4;11236820557;S
20240927;124421;676.4;1;11236821240;B
20240927;124421;676.6;10;11236821241;B
20240927;124421;676.6;1;11236821242;B
20240927;124421;676.6;3;11236821243;B
20240927;124425;676.6;125;11236821576;B
20240927;124425;676.6;5;11236821577;B
20240927;124425;676.6;20;11236821578;B
20240927;124425;676.8;200;11236821579;B
20240927;124425;676.8;40;11236821580;B
20240927;124425;676.8;4;11236821581;B
20240927;124425;677;12;11236821582;B
20240927;124425;677;14;11236821583;B
20240927;124427;677.4;4;11236821711;B
20240927;124434;677.2;2;11236822179;B
20240927;124434;677.4;13;11236822180;B
20240927;124446;677.4;3;11236823206;B
20240927;124446;677.4;12;11236823207;B
20240927;124458;677.4;15;11236824434;B
20240927;124510;677.4;1;11236825484;B
20240927;124510;677.4;14;11236825485;B
20240927;124522;677.2;15;11236826243;B
20240927;124527;676.8;1;11236826657;S
20240927;124534;677;15;11236827154;B
20240927;124543;676.8;12;11236827839;B
20240927;124543;677;5;11236827840;B
20240927;124543;677;20;11236827841;B
20240927;124543;677.4;2;11236827842;B
20240927;124543;677.6;5;11236827843;B
20240927;124543;677.6;321;11236827846;S
20240927;124546;677.8;10;11236828080;B
20240927;124546;677.8;5;11236828081;B
20240927;124558;677.6;1;11236829204;B
20240927;124558;677.6;14;11236829205;B
20240927;124610;677.8;5;11236830247;B
20240927;124610;677.8;5;11236830248;B
20240927;124610;677.8;1;11236830249;B
20240927;124610;677.8;4;11236830250;B
20240927;124622;677.8;15;11236831371;B
20240927;124634;677.6;15;11236832457;B
20240927;124641;677;10;11236833020;S
20240927;124641;677;11;11236833021;S
20240927;124641;676.8;4;11236833022;S
20240927;124647;677.4;2;11236833455;B
20240927;124647;677.4;2;11236833456;B
20240927;124647;677.6;10;11236833457;B
20240927;124647;677.6;1;11236833458;B
20240927;124648;677.8;15;11236833561;B
20240927;124648;677.8;20;11236833562;B
20240927;124648;677.8;1;11236833563;B
20240927;124648;677.8;82;11236833564;B
20240927;124648;677.8;40;11236833565;B
20240927;124648;678;100;11236833566;B
20240927;124648;678;184;11236833567;B
20240927;124648;678;50;11236833568;B
20240927;124648;678;10;11236833569;B
20240927;124648;678;114;11236833570;B
20240927;124648;678.2;20;11236833571;B
20240927;124648;678.2;50;11236833572;B
20240927;124649;678.2;4;11236833657;S
20240927;124659;678.2;1;11236834511;B
20240927;124659;678.2;14;11236834512;B
20240927;124701;678.2;26;11236834648;B
20240927;124701;678.2;20;11236834649;B
20240927;124701;678.4;50;11236834650;B
20240927;124701;678.4;50;11236834651;B
20240927;124701;678.4;6;11236834652;B
20240927;124701;678.6;50;11236834653;B
20240927;124701;678.6;50;11236834654;B
20240927;124701;678.6;46;11236834655;B
20240927;124701;678.8;10;11236834656;B
20240927;124701;678.8;25;11236834657;B
20240927;124701;678.8;5;11236834658;B
20240927;124708;677.8;2;11236835157;S
20240927;124711;678.8;15;11236835465;B
20240927;124713;677.8;14;11236835640;S
20240927;124713;677.8;17;11236835641;S
20240927;124723;678.6;14;11236836401;B
20240927;124723;678.6;1;11236836402;B
20240927;124725;678.8;5;11236836586;B
20240927;124725;678.8;2;11236836587;B
20240927;124725;678.8;16;11236836588;B
20240927;124725;678.8;15;11236836589;B
20240927;124725;678.8;5;11236836590;B
20240927;124725;678.8;1;11236836591;B
20240927;124725;678.8;1;11236836592;B
20240927;124725;678.8;1;11236836593;B
20240927;124725;678.8;1;11236836594;B
20240927;124725;678.8;1;11236836595;B
20240927;124725;678.8;18;11236836596;B
20240927;124725;678.8;33;11236836597;B
20240927;124725;679;1;11236836598;B
20240927;124734;678.8;14;11236837496;B
20240927;124735;678.8;11;11236837577;B
20240927;124735;679;4;11236837578;B
20240927;124747;678.8;15;11236838699;B
20240927;124759;678.8;15;11236839757;B
20240927;124811;678.8;10;11236840863;B
20240927;124811;678.8;5;11236840864;B
20240927;124823;678.6;15;11236841946;B
20240927;124835;678.6;15;11236842910;B
20240927;124839;678.6;1;11236843255;B
20240927;124848;678.4;8;11236844027;B
20240927;124848;678.6;7;11236844028;B
20240927;124900;678.6;12;11236845049;B
20240927;124900;678.6;3;11236845050;B
20240927;124900;678.6;5;11236845058;B
20240927;124901;678.6;5;11236845304;B
20240927;124912;678.6;12;11236846456;B
20240927;124912;678.6;3;11236846457;B
20240927;124923;678;3;11236847849;S
20240927;124924;678.6;5;11236847970;B
20240927;124924;678.6;10;11236847971;B
20240927;124929;678.4;15;11236849275;B
20240927;124932;678.4;15;11236849792;S
20240927;124932;678.4;15;11236849971;S
20240927;124933;678.4;15;11236850078;S
20240927;124933;678.4;15;11236850116;S
20240927;124936;678.4;15;11236850418;B
20240927;124938;678.4;3;11236850643;B
20240927;124948;678.4;12;11236851852;B
20240927;124948;678.4;3;11236851853;B
20240927;124949;678.4;7;11236851902;B
20240927;124949;678.4;10;11236851903;B
20240927;124949;678.4;10;11236851904;B
20240927;124949;678.6;2;11236851905;B
20240927;124958;678.4;1;11236853026;B
20240927;125000;678.4;14;11236853255;B
20240927;125000;678.4;1;11236853256;B
20240927;125004;678.2;15;11236853581;S
20240927;125004;678.2;15;11236853643;S
20240927;125012;678.4;14;11236854473;B
20240927;125012;678.6;1;11236854474;B
20240927;125013;678.2;12;11236854549;S
20240927;125013;678.2;3;11236854550;S
20240927;125013;678.2;15;11236854561;S
20240927;125018;678;7;11236855093;S
20240927;125018;678;8;11236855094;S
20240927;125024;678.4;15;11236856229;B
20240927;125024;678.4;10;11236856243;B
20240927;125024;678.6;112;11236856244;B
20240927;125024;678.8;20;11236856245;B
20240927;125024;678.8;25;11236856246;B
20240927;125024;678.8;25;11236856247;B
20240927;125024;678.8;25;11236856248;B
20240927;125024;678.8;10;11236856249;B
20240927;125024;678.8;18;11236856250;B
20240927;125024;679;100;11236856251;B
20240927;125024;679;50;11236856252;B
20240927;125024;679;5;11236856253;B
20240927;125026;678.6;10;11236856482;S
20240927;125029;678.4;57;11236856810;S
20240927;125029;678.4;40;11236856811;S
20240927;125029;678.2;73;11236856812;S
20240927;125036;679;15;11236857518;B
20240927;125048;679;15;11236858681;B
20240927;125101;679;15;11236860093;B
20240927;125110;679;117;11236861799;B
20240927;125113;679;15;11236862672;B
20240927;125117;678.8;4;11236863401;S
20240927;125125;679;15;11236864087;B
20240927;125130;679;303;11236864583;B
20240927;125130;679;5;11236864584;B
20240927;125130;679;10;11236864585;B
20240927;125130;679;182;11236864586;B
20240927;125135;678.8;46;11236865081;S
20240927;125135;678.8;50;11236865082;S
20240927;125135;678.8;2;11236865083;S
20240927;125137;678.8;2;11236865346;B
20240927;125137;679;13;11236865347;B
20240927;125146;678.8;6;11236866273;S
20240927;125149;679;15;11236866507;B
20240927;125201;679;15;11236867663;B
20240927;125203;678.8;2;11236867851;S
20240927;125213;679;15;11236868771;B
20240927;125225;679;10;11236869922;B
20240927;125225;679.2;5;11236869923;B
20240927;125237;679;15;11236871684;B
20240927;125245;679;5;11236872382;B
20240927;125245;679;20;11236872383;B
20240927;125245;679.2;25;11236872384;B
20240927;125249;679.2;15;11236872933;B
20240927;125301;679.2;15;11236874316;B
20240927;125308;679.2;100;11236874915;B
20240927;125308;679.2;48;11236874960;B
20240927;125314;679.2;15;11236875742;B
20240927;125315;679.2;20;11236875949;B
20240927;125315;679.2;7;11236875953;B
20240927;125326;679.4;1;11236877108;B
20240927;125326;679.4;1;11236877109;B
20240927;125326;679.4;13;11236877110;B
20240927;125338;679.4;15;11236878371;B
20240927;125340;679.4;20;11236878572;B
20240927;125343;679.2;1;11236878931;S
20240927;125343;679.2;1;11236878932;S
20240927;125347;679.4;2;11236879431;B
20240927;125350;679.4;11;11236879664;B
20240927;125350;679.6;4;11236879665;B
20240927;125350;679.6;13;11236879698;B
20240927;125401;679.6;50;11236880905;B
20240927;125402;679.6;15;11236880995;B
20240927;125408;679.4;10;11236881688;S
20240927;125414;679.6;10;11236882461;B
20240927;125414;679.6;8;11236882492;B
20240927;125414;679.6;7;11236882493;B
20240927;125414;679.6;10;11236882520;B
20240927;125415;679.6;10;11236882541;B
20240927;125415;679.6;10;11236882598;B
20240927;125416;679.6;10;11236882672;B
20240927;125416;679.6;10;11236882724;B
20240927;125419;679.6;9;11236882995;B
20240927;125426;679.6;15;11236883706;B
20240927;125438;679.6;15;11236885201;B
20240927;125450;679.6;15;11236887967;B
20240927;125502;679.6;15;11236889816;B
20240927;125504;679.4;15;11236889952;S
20240927;125515;679.6;15;11236891280;B
20240927;125527;679.6;15;11236892557;B
20240927;125528;679.6;44;11236892686;B
20240927;125528;679.6;35;11236892687;B
20240927;125528;679.6;5;11236892688;B
20240927;125528;679.6;1;11236892689;B
20240927;125529;679.8;2;11236892776;B
20240927;125529;679.8;1;11236892777;B
20240927;125529;679.8;25;11236892778;B
20240927;125529;679.8;25;11236892779;B
20240927;125529;679.8;10;11236892780;B
20240927;125529;679.8;6;11236892781;B
20240927;125529;679.8;5;11236892782;B
20240927;125529;679.8;38;11236892783;B
20240927;125530;679.8;6;11236892831;B
20240927;125530;679.8;1;11236892832;B
20240927;125530;680;12;11236892833;B
20240927;125530;680;2;11236892834;B
20240927;125530;680;300;11236892835;B
20240927;125530;680;100;11236892836;B
20240927;125530;680;10;11236892837;B
20240927;125530;680;84;11236892838;B
20240927;125530;680;16;11236892849;B
20240927;125530;680;4;11236892850;B
20240927;125530;680;1;11236892860;B
20240927;125530;680;20;11236892863;B
20240927;125530;680;25;11236892884;B
20240927;125530;680;1;11236892885;B
20240927;125530;680;9;11236892886;B
20240927;125530;680.2;3;11236892887;B
20240927;125530;680.4;1;11236892888;B
20240927;125530;680.4;26;11236892889;B
20240927;125530;680.6;1;11236892890;B
20240927;125530;680.6;10;11236892891;B
20240927;125530;680.8;2;11236892892;B
20240927;125530;681;62;11236892893;B
20240927;125530;680;2;11236892894;S
20240927;125531;680.2;14;11236892940;S
20240927;125531;680.2;1;11236892941;S
20240927;125531;680.2;8;11236892975;S
20240927;125531;680;96;11236892976;S
20240927;125531;680;100;11236892977;S
20240927;125536;679.6;1;11236893443;S
20240927;125539;679.6;5;11236893707;B
20240927;125539;679.6;10;11236893708;B
20240927;125551;679.4;10;11236895093;B
20240927;125551;679.6;5;11236895094;B
20240927;125603;679.6;5;11236896198;B
20240927;125603;679.6;10;11236896199;B
20240927;125603;679.4;3;11236896214;S
20240927;125615;679.6;15;11236897406;B
20240927;125627;679.6;10;11236899491;B
20240927;125627;679.6;5;11236899492;B
20240927;125639;679.6;15;11236901812;B
20240927;125651;679.6;15;11236903175;B
20240927;125703;679.6;15;11236904303;B
20240927;125707;679.8;341;11236904565;B
20240927;125715;679.8;2;11236905427;B
20240927;125715;680;13;11236905428;B
20240927;125720;680;20;11236905836;B
20240927;125720;680;250;11236905892;B
20240927;125721;680;20;11236905922;B
20240927;125721;680;20;11236905935;B
20240927;125721;680;20;11236905946;B
20240927;125721;680;20;11236905957;B
20240927;125721;680;20;11236905961;B
20240927;125721;680;20;11236905981;B
20240927;125724;680;16;11236906187;B
20240927;125724;680;20;11236906221;B
20240927;125724;680;20;11236906233;B
20240927;125725;680;20;11236906245;B
20240927;125725;680;20;11236906253;B
20240927;125725;680;20;11236906270;B
20240927;125725;680;20;11236906274;B
20240927;125728;680;15;11236906471;B
20240927;125729;679.8;10;11236906620;S
20240927;125734;680;50;11236907289;B
20240927;125735;680;10;11236907378;B
20240927;125739;680;182;11236907768;B
20240927;125739;680.6;18;11236907769;B
20240927;125739;680.6;14;11236907786;B
20240927;125740;680.6;15;11236907812;B
20240927;125746;680.4;1;11236908479;S
20240927;125748;680.6;49;11236908694;B
20240927;125748;680.8;30;11236908695;B
20240927;125748;680.8;26;11236908696;B
20240927;125748;680.8;50;11236908697;B
20240927;125748;681;238;11236908698;B
20240927;125748;681;3;11236908699;B
20240927;125748;681;2;11236908700;B
20240927;125748;681;1;11236908701;B
20240927;125748;681;100;11236908702;B
20240927;125748;681;1;11236908703;B
20240927;125752;681;6;11236909157;B
20240927;125752;681;9;11236909158;B
20240927;125752;681;291;11236909225;B
20240927;125804;681;10;11236910580;B
20240927;125804;681;5;11236910581;B
20240927;125805;681;8;11236910705;B
20240927;125807;680.8;1;11236910910;S
20240927;125816;680.8;10;11236912651;B
20240927;125816;680.8;5;11236912652;B
20240927;125822;680.6;5;11236913621;S
20240927;125828;680.8;15;11236914352;B
20240927;125840;680.8;5;11236915966;B
20240927;125840;680.8;10;11236915967;B
20240927;125852;680.8;15;11236917794;B
20240927;125904;680.8;15;11236919104;B
20240927;125912;680.6;6;11236920080;S
20240927;125916;680.6;3;11236920644;S
20240927;125916;680.8;10;11236920736;B
20240927;125916;680.8;5;11236920737;B
20240927;125927;680.8;5;11236921831;B
20240927;125927;680.8;8;11236921832;B
20240927;125927;680.8;15;11236921833;B
20240927;125927;680.8;20;11236921834;B
20240927;125927;681;202;11236921835;B
20240927;125929;681;15;11236922462;B
20240927;125937;681;2;11236923753;B
20240927;125941;681;15;11236924209;B
20240927;125953;681;15;11236925997;B
20240927;130005;680.8;10;11236931777;B
20240927;130005;680.8;5;11236931778;B
20240927;130012;680.8;5;11236938776;B
20240927;130012;680.8;1;11236938777;B
20240927;130013;680.8;9;11236940594;B
20240927;130013;680.8;49;11236940595;B
20240927;130014;680.6;1;11236942003;S
20240927;130017;680.8;1;11236944325;B
20240927;130017;680.8;14;11236944326;B
20240927;130024;680.8;2;11236952093;B
20240927;130029;680.8;15;11236957409;B
20240927;130041;680.8;15;11236969251;B
20240927;130044;680.8;18;11236972548;B
20240927;130053;681;15;11236981301;B
20240927;130105;681;15;11236993372;B
20240927;130114;681;27;11237001008;B
20240927;130117;681;15;11237003512;B
20240927;130129;681;15;11237015237;B
20240927;130142;681;15;11237025707;B
20240927;130146;680.8;7;11237031720;S
20240927;130146;680.8;15;11237031721;S
20240927;130153;680.6;10;11237037245;S
20240927;130154;680.8;15;11237038033;B
20240927;130206;680.6;15;11237050279;B
20240927;130209;680.4;18;11237053833;S
20240927;130209;680.4;17;11237054048;S
20240927;130210;680.2;20;11237054495;S
20240927;130210;680;1;11237054496;S
20240927;130210;680;75;11237054497;S
20240927;130210;680;4;11237054498;S
20240927;130216;680;1;11237061248;B
20240927;130216;680;1;11237061249;B
20240927;130218;680.2;15;11237062659;B
20240927;130225;680;2;11237068791;S
20240927;130225;679.8;8;11237068792;S
20240927;130227;680;38;11237071028;S
20240927;130230;680.2;15;11237073963;B
20240927;130242;680.2;15;11237075561;B
20240927;130242;680;8;11237075590;S
20240927;130242;680;17;11237075591;S
20240927;130242;680;40;11237075592;S
20240927;130249;679.8;24;11237076250;S
20240927;130249;679.8;1;11237076251;S
20240927;130253;679.6;10;11237076752;S
20240927;130254;679.6;1;11237076817;S
20240927;130254;679.8;15;11237076886;B
20240927;130255;679.6;10;11237076947;S
20240927;130255;679.8;5;11237076977;B
20240927;130259;679.6;54;11237077450;S
20240927;130302;679.6;21;11237077946;S
20240927;130302;679.6;126;11237077947;S
20240927;130302;679.6;36;11237077948;S
20240927;130302;679.4;27;11237077949;S
20240927;130305;679.6;1;11237078155;B
20240927;130306;679.8;2;11237078253;B
20240927;130306;679.8;3;11237078309;B
20240927;130306;679.8;12;11237078310;B
20240927;130311;679.8;1;11237078984;B
20240927;130318;679.8;15;11237079822;B
20240927;130330;679.8;15;11237081254;B
20240927;130343;679.8;7;11237082670;B
20240927;130343;679.8;8;11237082671;B
20240927;130351;679.8;22;11237083550;B
20240927;130352;679.6;43;11237083699;S
20240927;130352;679.4;457;11237083700;S
20240927;130355;679.8;15;11237083915;B
20240927;130356;679.4;31;11237083988;S
20240927;130356;679.4;40;11237083989;S
20240927;130356;679.2;150;11237083990;S
20240927;130356;679;5;11237083991;S
20240927;130356;679;1;11237083992;S
20240927;130356;679;40;11237083993;S
20240927;130403;679;1;11237084695;B
20240927;130407;679;15;11237085085;B
20240927;130409;679;36;11237085341;B
20240927;130417;679;102;11237086203;B
20240927;130418;678.8;28;11237086233;S
20240927;130418;678.8;40;11237086234;S
20240927;130418;678.4;7;11237086235;S
20240927;130419;679;15;11237086357;B
20240927;130431;679;15;11237087762;B
20240927;130432;679;1;11237088018;B
20240927;130443;679;15;11237089234;B
20240927;130455;679;15;11237090582;B
20240927;130459;679;18;11237091011;B
20240927;130507;679.6;11;11237092052;B
20240927;130507;679.8;4;11237092053;B
20240927;130519;679.6;15;11237093213;B
20240927;130531;679.6;15;11237094535;B
20240927;130543;679.8;1;11237096053;B
20240927;130543;679.8;14;11237096054;B
20240927;130554;679.6;28;11237097237;B
20240927;130556;679.6;15;11237097437;B
20240927;130602;679.6;23;11237099289;B
20240927;130602;679.8;5;11237099290;B
20240927;130607;679.8;1;11237100041;B
20240927;130607;679.8;1;11237100075;B
20240927;130608;679.8;4;11237100110;B
20240927;130608;679.8;6;11237100111;B
20240927;130608;679.8;15;11237100114;B
20240927;130610;679.8;1;11237100264;B
20240927;130613;679.8;1;11237100650;B
20240927;130614;679.8;1;11237100660;B
20240927;130614;679.8;1;11237100681;B
20240927;130616;679.8;1;11237100971;B
20240927;130616;679.8;1;11237100999;B
20240927;130616;679.8;1;11237101021;B
20240927;130616;679.8;1;11237101035;B
20240927;130619;679.8;1;11237101232;B
20240927;130619;679.8;1;11237101246;B
20240927;130619;679.8;1;11237101273;B
20240927;130620;679.8;15;11237101345;B
20240927;130621;679.8;1;11237101533;B
20240927;130622;679.8;1;11237101565;B
20240927;130622;679.8;1;11237101576;B
20240927;130622;679.8;1;11237101591;B
20240927;130624;679.8;1;11237101864;B
20240927;130624;679.8;1;11237101874;B
20240927;130624;679.8;1;11237101887;B
20240927;130624;679.8;1;11237101924;B
20240927;130627;679.8;1;11237102223;B
20240927;130627;679.8;1;11237102247;B
20240927;130627;679.8;1;11237102253;B
20240927;130627;679.8;1;11237102259;B
20240927;130630;679.8;1;11237102484;B
20240927;130630;679.8;1;11237102497;B
20240927;130630;679.8;1;11237102517;B
20240927;130630;679.8;1;11237102527;B
20240927;130630;679.8;1;11237102534;B
20240927;130630;679.8;1;11237102559;B
20240927;130631;679.8;1;11237102705;B
20240927;130632;679.8;1;11237102740;B
20240927;130632;679.8;1;11237102747;B
20240927;130632;679.8;1;11237102752;B
20240927;130632;679.8;7;11237102757;B
20240927;130632;680;8;11237102758;B
20240927;130637;680;4;11237103305;B
20240927;130644;680;15;11237103987;B
20240927;130655;680;1;11237105085;B
20240927;130655;680;1;11237105097;B
20240927;130655;680;1;11237105131;B
20240927;130656;680;15;11237105183;B
20240927;130659;680;1;11237105403;B
20240927;130659;680;1;11237105411;B
20240927;130659;680;1;11237105423;B
20240927;130659;680;1;11237105435;B
20240927;130708;680;15;11237106428;B
20240927;130720;680;15;11237107630;B
20240927;130725;679.8;1;11237108042;S
20240927;130732;680;15;11237108621;B
20240927;130744;680;15;11237109602;B
20240927;130745;680;4;11237109652;B
20240927;130757;680;15;11237111077;B
20240927;130804;679.8;1;11237111682;S
20240927;130809;680;15;11237112242;B
20240927;130821;680;15;11237113451;B
20240927;130833;680;15;11237114704;B
20240927;130845;680;15;11237115742;B
20240927;130851;679.8;1;11237116508;S
20240927;130857;679.8;4;11237117116;B
20240927;130857;680;11;11237117117;B
20240927;130909;680;15;11237118241;B
20240927;130911;680;1;11237118429;B
20240927;130921;680;15;11237119419;B
20240927;130933;679.8;15;11237120509;B
20240927;130945;679.8;8;11237121722;B
20240927;130945;680;7;11237121723;B
20240927;130957;680;15;11237122730;B
20240927;130959;680;21;11237122840;B
20240927;130959;680;50;11237122841;B
20240927;130959;680;53;11237122842;B
20240927;131010;680;15;11237123994;B
20240927;131013;679.8;2;11237124295;B
20240927;131013;680;28;11237124296;B
20240927;131015;680;104;11237124643;B
20240927;131015;680;10;11237124644;B
20240927;131015;680;1;11237124645;B
20240927;131015;680;13;11237124646;B
20240927;131015;680;4;11237124647;B
20240927;131015;680;28;11237124648;B
20240927;131015;680.2;5;11237124649;B
20240927;131015;680.2;6;11237124650;B
20240927;131015;680.2;40;11237124651;B
20240927;131015;680.8;100;11237124652;B
20240927;131015;680.8;89;11237124653;B
20240927;131022;680.6;15;11237125553;B
20240927;131034;680.8;15;11237126941;B
20240927;131046;680.8;15;11237128154;B
20240927;131058;680.8;15;11237129433;B
20240927;131110;680.8;15;11237131272;B
20240927;131122;680.8;5;11237132945;B
20240927;131122;680.8;10;11237132946;B
20240927;131134;680.6;15;11237134507;B
20240927;131142;680.6;16;11237135237;B
20240927;131142;680.6;160;11237135238;B
20240927;131142;680.6;40;11237135239;B
20240927;131146;680.8;15;11237135666;B
20240927;131158;680.8;10;11237136917;B
20240927;131158;680.8;5;11237136918;B
20240927;131211;680.8;15;11237138144;B
20240927;131223;680.8;5;11237139219;B
20240927;131223;680.8;2;11237139220;B
20240927;131223;681;8;11237139221;B
20240927;131235;680.4;15;11237140398;B
20240927;131243;680;50;11237141261;S
20240927;131243;680;50;11237141262;S
20240927;131247;680;15;11237141682;B
20240927;131259;679.8;15;11237143005;B
20240927;131303;679.4;10;11237143353;S
20240927;131311;679.2;10;11237144163;B
20240927;131311;679.2;5;11237144164;B
20240927;131323;679.4;10;11237145354;B
20240927;131323;679.4;5;11237145355;B
20240927;131330;679.4;1;11237145904;B
20240927;131335;679.4;15;11237146488;B
20240927;131347;679.2;10;11237147550;B
20240927;131347;679.2;5;11237147551;B
20240927;131359;679.2;15;11237148846;B
20240927;131411;678.6;40;11237149985;S
20240927;131411;678.6;6;11237149986;S
20240927;131411;678.6;4;11237150086;B
20240927;131411;679;11;11237150087;B
20240927;131424;679;15;11237151251;B
20240927;131428;679;35;11237151647;B
20240927;131433;679.2;1;11237152131;B
20240927;131433;679.4;10;11237152132;B
20240927;131433;679.4;17;11237152133;B
20240927;131436;679.6;10;11237152614;B
20240927;131436;679.8;5;11237152615;B
20240927;131448;680.4;8;11237154220;B
20240927;131448;680.4;7;11237154221;B
20240927;131456;679.6;1;11237155037;S
20240927;131500;680;15;11237155610;B
20240927;131512;680;9;11237156710;B
20240927;131512;680;6;11237156711;B
20240927;131524;679.8;5;11237157805;B
20240927;131524;679.8;10;11237157806;B
20240927;131536;679.6;15;11237159249;B
20240927;131548;679.8;15;11237160249;B
20240927;131553;679.2;2;11237160895;S
20240927;131600;679.8;15;11237161558;B
20240927;131612;679.6;2;11237162598;B
20240927;131612;679.8;20;11237162599;B
20240927;131612;679.8;28;11237162600;B
20240927;131612;680;4;11237162613;B
20240927;131612;680;11;11237162614;B
20240927;131614;679.8;10;11237162741;B
20240927;131625;679.8;1;11237163721;B
20240927;131625;679.8;14;11237163722;B
20240927;131637;680;15;11237164713;B
20240927;131649;680;5;11237165735;B
20240927;131649;680.2;10;11237165736;B
20240927;131701;680.2;15;11237166665;B
20240927;131712;680.2;1;11237167618;B
20240927;131713;680.2;14;11237167835;B
20240927;131713;680.2;1;11237167836;B
20240927;131722;679.4;1;11237168767;S
20240927;131722;679.4;9;11237168768;S
20240927;131725;679.6;5;11237169189;B
20240927;131725;679.6;23;11237169190;B
20240927;131725;679.6;15;11237169198;B
20240927;131737;679.6;9;11237170396;B
20240927;131737;679.6;6;11237170397;B
20240927;131741;679.2;1;11237171034;S
20240927;131749;679.6;11;11237172375;B
20240927;131749;679.6;1;11237172376;B
20240927;131749;679.8;1;11237172377;B
20240927;131749;680;2;11237172378;B
20240927;131751;679.2;9;11237172514;S
20240927;131751;679;1;11237172515;S
20240927;131751;679;40;11237172516;S
20240927;131801;679.8;6;11237173454;B
20240927;131801;679.8;9;11237173455;B
20240927;131805;678.8;40;11237173744;S
20240927;131805;678.8;30;11237173745;S
20240927;131813;679.6;7;11237174611;B
20240927;131813;679.6;8;11237174612;B
20240927;131825;679.6;15;11237175952;B
20240927;131838;679.6;15;11237176942;B
20240927;131841;679.6;5;11237177821;B
20240927;131850;679.4;15;11237178927;B
20240927;131902;679.4;10;11237180157;B
20240927;131902;679.4;5;11237180158;B
20240927;131910;679.6;11;11237180851;B
20240927;131914;679.6;15;11237181162;B
20240927;131926;679.6;15;11237182288;B
20240927;131931;679.6;15;11237182684;B
20240927;131938;679.6;1;11237183307;B
20240927;131938;679.6;10;11237183308;B
20240927;131938;679.6;1;11237183309;B
20240927;131938;679.8;3;11237183310;B
20240927;131950;679.6;15;11237184455;B
20240927;132002;679.6;15;11237185395;B
20240927;132006;679;1;11237185703;S
20240927;132014;679.4;1;11237186477;B
20240927;132014;679.6;10;11237186478;B
20240927;132014;679.6;4;11237186479;B
20240927;132026;679.4;15;11237187670;B
20240927;132039;679.4;15;11237188778;B
20240927;132051;679.4;15;11237189769;B
20240927;132103;679.4;15;11237190966;B
20240927;132115;679.4;15;11237192443;B
20240927;132118;679.4;50;11237193030;B
20240927;132119;679.4;50;11237193079;B
20240927;132119;679.4;25;11237193094;B
20240927;132119;679.4;25;11237193095;B
20240927;132127;679.4;15;11237193722;B
20240927;132139;679.4;15;11237195018;B
20240927;132151;679.4;15;11237196419;B
20240927;132203;679.4;15;11237198497;B
20240927;132215;679.4;5;11237199531;B
20240927;132215;679.4;10;11237199532;B
20240927;132227;679.4;15;11237201013;B
20240927;132239;679.4;15;11237202781;B
20240927;132252;679.4;15;11237204211;B
20240927;132304;679.4;15;11237205517;B
20240927;132316;679.4;15;11237207168;B
20240927;132328;679.4;15;11237208399;B
20240927;132329;679;37;11237208532;S
20240927;132329;679;40;11237208533;S
20240927;132340;679;15;11237210154;B
20240927;132352;679;8;11237211361;B
20240927;132352;679.2;7;11237211362;B
20240927;132404;679.4;15;11237212454;B
20240927;132416;679.4;15;11237213552;B
20240927;132428;679.4;15;11237214614;B
20240927;132440;679.4;15;11237215958;B
20240927;132453;679.4;15;11237216876;B
20240927;132505;679.4;15;11237217871;B
20240927;132517;679.4;10;11237218932;B
20240927;132517;679.4;5;11237218933;B
20240927;132529;679.2;15;11237219878;B
20240927;132541;679.4;15;11237220666;B
20240927;132553;679.4;15;11237221805;B
20240927;132605;679.2;15;11237222830;B
20240927;132617;679.4;15;11237223946;B
20240927;132629;679.4;10;11237224853;B
20240927;132629;679.4;5;11237224854;B
20240927;132641;679.4;15;11237225805;B
20240927;132653;679.4;5;11237226759;B
20240927;132653;679.4;10;11237226760;B
20240927;132706;679.4;15;11237228006;B
20240927;132718;679.4;15;11237229183;B
20240927;132730;679.4;10;11237230231;B
20240927;132730;679.6;5;11237230232;B
20240927;132742;679.6;15;11237231375;B
20240927;132750;678.8;1;11237232162;S
20240927;132754;679;15;11237232665;B
20240927;132806;679.2;15;11237234042;B
20240927;132818;679;15;11237235061;B
20240927;132830;679.2;5;11237236034;B
20240927;132830;679.2;10;11237236035;B
20240927;132835;678.6;1;11237236552;S
20240927;132835;678.4;2;11237236553;S
20240927;132839;679;74;11237236903;B
20240927;132839;679;7;11237236904;B
20240927;132839;679;40;11237236905;B
20240927;132839;679.4;1;11237236906;B
20240927;132839;679.4;50;11237236907;B
20240927;132839;679.4;10;11237236908;B
20240927;132839;679.6;30;11237236909;B
20240927;132839;679.6;25;11237236910;B
20240927;132839;679.8;1;11237236911;B
20240927;132839;679.8;25;11237236912;B
20240927;132839;680;1;11237236913;B
20240927;132839;680;36;11237236914;B
20240927;132842;679.4;2;11237237193;B
20240927;132842;679.4;8;11237237194;B
20240927;132842;679.4;5;11237237195;B
20240927;132854;679.8;8;11237238298;B
20240927;132854;679.8;7;11237238299;B
20240927;132906;679.6;15;11237239243;B
20240927;132912;679.6;2;11237239691;B
20240927;132919;679.6;15;11237240348;B
20240927;132931;679;15;11237241598;B
20240927;132943;679;5;11237243214;B
20240927;132943;679.2;10;11237243215;B
20240927;132948;679.6;1;11237243767;B
20240927;132955;679.6;7;11237244399;B
20240927;132955;679.6;8;11237244400;B
20240927;133007;679.6;7;11237245342;B
20240927;133007;679.6;4;11237245343;B
20240927;133007;679.8;4;11237245344;B
20240927;133017;678.8;1;11237246016;S
20240927;133017;678.8;3;11237246017;S
20240927;133019;678.8;11;11237246156;B
20240927;133019;679;4;11237246157;B
20240927;133031;679.4;4;11237247447;B
20240927;133031;679.6;3;11237247448;B
20240927;133031;679.6;1;11237247449;B
20240927;133031;679.6;7;11237247450;B
20240927;133043;679.6;15;11237248981;B
20240927;133055;679.6;15;11237249929;B
20240927;133107;679.4;1;11237250947;B
20240927;133107;679.6;13;11237250948;B
20240927;133107;679.6;1;11237250949;B
20240927;133120;679.6;15;11237252109;B
20240927;133132;679.6;15;11237253425;B
20240927;133144;679.6;15;11237254489;B
20240927;133156;679.6;4;11237255595;B
20240927;133156;679.6;11;11237255596;B
20240927;133208;679.6;15;11237257128;B
20240927;133209;679.6;5;11237257218;B
20240927;133209;679.6;50;11237257219;B
20240927;133209;679.8;7;11237257220;B
20240927;133209;680;50;11237257221;B
20240927;133209;680;2;11237257222;B
20240927;133209;680.2;1;11237257223;B
20240927;133209;680.2;50;11237257224;B
20240927;133209;680.2;47;11237257225;B
20240927;133209;680.4;2;11237257226;B
20240927;133209;680.4;29;11237257227;B
20240927;133209;680.4;10;11237257228;B
20240927;133209;680.4;36;11237257245;S
20240927;133210;680.4;488;11237257388;S
20240927;133210;680.4;14;11237257389;S
20240927;133210;680.4;3;11237257433;B
20240927;133216;680.4;31;11237257963;B
20240927;133216;680.6;951;11237257964;B
20240927;133216;680.6;14;11237257965;B
20240927;133216;680.6;3;11237257970;B
20240927;133218;680.6;32;11237258099;B
20240927;133218;680.6;50;11237258100;B
20240927;133218;680.8;138;11237258101;B
20240927;133218;680.8;29;11237258102;B
20240927;133218;681;5;11237258103;B
20240927;133218;681;200;11237258104;B
20240927;133218;681;20;11237258105;B
20240927;133218;681;19;11237258106;B
20240927;133218;681;1;11237258107;B
20240927;133218;681.2;2;11237258119;B
20240927;133218;681.2;10;11237258120;B
20240927;133218;681.2;8;11237258121;B
20240927;133218;681;35;11237258122;S
20240927;133219;681.2;50;11237258208;B
20240927;133220;681.2;2;11237258269;B
20240927;133220;681.2;15;11237258272;B
20240927;133225;681;1;11237258642;B
20240927;133226;681;50;11237258734;B
20240927;133227;680.8;1;11237258935;S
20240927;133227;680.8;1;11237258936;S
20240927;133227;680.8;1;11237258937;S
20240927;133228;680.6;1;11237258954;B
20240927;133230;680.6;12;11237259264;B
20240927;133230;680.8;20;11237259265;B
20240927;133230;681;18;11237259266;B
20240927;133231;681;24;11237259270;B
20240927;133231;681.2;26;11237259271;B
20240927;133231;681;1;11237259283;B
20240927;133232;681;15;11237259507;B
20240927;133234;681;26;11237259722;B
20240927;133234;681.2;24;11237259723;B
20240927;133234;681.2;18;11237259724;B
20240927;133234;681.4;200;11237259725;B
20240927;133234;682;2;11237259726;B
20240927;133234;682;2;11237259727;B
20240927;133234;682;50;11237259728;B
20240927;133234;682;2;11237259729;B
20240927;133234;682.2;22;11237259730;B
20240927;133234;682.2;50;11237259731;B
20240927;133234;682.4;2;11237259732;B
20240927;133234;682.4;20;11237259733;B
20240927;133234;682.4;25;11237259734;B
20240927;133234;682.4;25;11237259735;B
20240927;133234;682.4;1;11237259736;B
20240927;133234;682.4;50;11237259737;B
20240927;133234;682.6;25;11237259738;B
20240927;133234;682.6;50;11237259739;B
20240927;133234;682.8;1;11237259740;B
20240927;133234;682.8;1;11237259741;B
20240927;133234;682.8;50;11237259742;B
20240927;133234;682.8;50;11237259743;B
20240927;133234;682.8;254;11237259744;B
20240927;133235;682;15;11237259799;B
20240927;133235;682.6;5;11237259800;B
20240927;133237;681.6;3;11237259899;B
20240927;133237;681.6;11;11237259947;B
20240927;133238;681.6;10;11237260000;B
20240927;133238;681.4;10;11237260015;S
20240927;133239;681.4;40;11237260084;B
20240927;133240;681.4;16;11237260134;B
20240927;133240;681.6;24;11237260135;B
20240927;133240;681.6;40;11237260180;B
20240927;133241;681.6;137;11237260215;B
20240927;133241;681.6;20;11237260218;B
20240927;133241;681.6;40;11237260225;B
20240927;133241;681.6;15;11237260278;B
20240927;133244;682;40;11237260436;S
20240927;133244;681.8;20;11237260442;S
20240927;133244;682;15;11237260443;B
20240927;133247;682;1;11237260680;B
20240927;133250;682;1;11237260925;B
20240927;133250;681.8;20;11237260934;S
20240927;133251;681.6;25;11237260996;S
20240927;133252;681.2;1;11237261061;B
20240927;133256;681.6;10;11237261373;B
20240927;133256;681.6;5;11237261374;B
20240927;133308;681.4;15;11237262301;B
20240927;133309;681.4;1;11237262353;B
20240927;133311;681.2;1;11237262448;S
20240927;133311;681;19;11237262449;S
20240927;133321;681.2;15;11237263189;B
20240927;133323;680.6;1;11237263554;S
20240927;133323;680.6;1;11237263555;S
20240927;133323;680.6;16;11237263556;S
20240927;133323;680.4;50;11237263557;S
20240927;133323;680.4;40;11237263558;S
20240927;133323;680.2;167;11237263559;S
20240927;133326;680.2;500;11237263886;S
20240927;133333;681;14;11237264737;B
20240927;133333;681;1;11237264738;B
20240927;133335;680.2;33;11237264907;S
20240927;133335;680.2;40;11237264908;S
20240927;133335;680.2;28;11237264909;S
20240927;133337;680.2;10;11237265073;B
20240927;133338;679.8;6;11237265153;S
20240927;133345;680.8;3;11237265695;B
20240927;133345;680.8;12;11237265696;B
20240927;133357;680.8;15;11237266743;B
20240927;133407;680;15;11237267477;S
20240927;133409;681;15;11237267616;B
20240927;133417;680.2;1;11237268304;S
20240927;133417;680.2;40;11237268305;S
20240927;133421;680;10;11237268587;S
20240927;133421;680.2;9;11237268611;B
20240927;133421;681;6;11237268612;B
20240927;133433;680.8;15;11237269758;B
20240927;133445;680.8;10;11237270897;B
20240927;133445;680.8;5;11237270898;B
20240927;133457;680.6;15;11237271825;B
20240927;133500;680.6;8;11237271977;B
20240927;133500;680.8;1;11237271978;B
20240927;133500;680.8;11;11237271979;B
20240927;133507;680.8;1;11237272497;B
20240927;133507;680.6;9;11237272498;S
20240927;133509;680.8;15;11237272779;B
20240927;133512;680.8;10;11237273024;B
20240927;133517;680.6;30;11237273510;S
20240927;133521;680.8;10;11237273791;B
20240927;133521;680.8;15;11237273871;B
20240927;133527;680.8;63;11237274324;B
20240927;133527;680.8;30;11237274325;B
20240927;133527;681;10;11237274326;B
20240927;133534;681;15;11237274929;B
20240927;133538;681;50;11237275230;B
20240927;133538;681;50;11237275271;B
20240927;133539;681;50;11237275289;B
20240927;133546;681;4;11237275832;B
20240927;133546;681.2;11;11237275833;B
20240927;133558;681.6;15;11237276754;B
20240927;133610;681.4;15;11237277665;B
20240927;133622;681.4;1;11237278745;B
20240927;133622;681.4;8;11237278746;B
20240927;133622;681.4;6;11237278747;B
20240927;133634;681.6;9;11237279876;B
20240927;133634;681.6;6;11237279877;B
20240927;133646;681.6;15;11237280942;B
20240927;133650;680.8;2;11237281461;S
20240927;133658;681.6;15;11237282750;B
20240927;133707;681.6;14;11237283486;B
20240927;133707;681.6;28;11237283487;B
20240927;133707;681.6;2;11237283488;B
20240927;133707;681.6;40;11237283489;B
20240927;133707;681.6;57;11237283490;B
20240927;133707;681.6;50;11237283491;B
20240927;133707;681.8;1;11237283492;B
20240927;133707;681.8;50;11237283493;B
20240927;133707;681.8;280;11237283494;B
20240927;133707;681.8;19;11237283495;B
20240927;133707;682;111;11237283496;B
20240927;133707;682;102;11237283497;B
20240927;133707;682;42;11237283498;B
20240927;133707;682;50;11237283499;B
20240927;133707;682;50;11237283500;B
20240927;133707;682.2;250;11237283501;B
20240927;133707;682.2;100;11237283502;B
20240927;133707;682.4;3;11237283503;B
20240927;133707;682.4;50;11237283504;B
20240927;133707;682.6;1;11237283505;B
20240927;133707;682.8;25;11237283506;B
20240927;133707;682.8;25;11237283507;B
20240927;133707;682.8;10;11237283508;B
20240927;133707;682.8;1;11237283509;B
