<DATE>;<TIME>;<LAST>;<VOL>;<ID>;<OPER>
20240924;095935;711.6;1;11217544741;S
20240924;095935;711.6;1;11217544742;B
20240924;095935;711.6;2;11217544743;B
20240924;095935;711.6;22;11217544744;B
20240924;095935;711.6;175;11217544745;B
20240924;095935;711.6;1;11217544746;B
20240924;095935;711.6;1;11217544747;B
20240924;095935;711.6;2;11217544748;B
20240924;095935;711.6;1;11217544749;B
20240924;095935;711.6;3;11217544750;B
20240924;095935;711.6;6;11217544751;B
20240924;095935;711.6;4;11217544752;B
20240924;095935;711.6;1;11217544753;B
20240924;095935;711.6;2;11217544754;B
20240924;095935;711.6;4;11217544755;B
20240924;095935;711.6;7;11217544756;B
20240924;095935;711.6;100;11217544757;B
20240924;095935;711.6;71;11217544758;B
20240924;095935;711.6;100;11217544759;B
20240924;095935;711.6;1;11217544760;B
20240924;095935;711.6;1;11217544761;B
20240924;095935;711.6;1;11217544762;B
20240924;095935;711.6;1;11217544763;B
20240924;095935;711.6;1;11217544764;B
20240924;100000;711.8;1;11217551906;B
20240924;100000;712;40;11217552405;B
20240924;100001;712;50;11217552553;B
20240924;100002;712;10;11217553838;B
20240924;100002;712;1;11217553839;B
20240924;100002;712;1;11217553840;B
20240924;100002;712;1;11217553841;B
20240924;100002;712;2;11217553842;B
20240924;100002;712;2;11217553876;B
20240924;100002;712;1;11217553971;B
20240924;100002;712;5;11217553972;B
20240924;100002;712;1;11217553973;B
20240924;100002;712.8;13;11217553974;B
20240924;100002;712.8;4;11217554279;B
20240924;100002;713;1;11217554280;B
20240924;100002;713;2;11217554281;B
20240924;100002;713;58;11217554521;B
20240924;100002;713.4;1;11217554522;B
20240924;100002;713.8;2;11217554523;B
20240924;100002;713.8;28;11217554524;B
20240924;100002;714;1;11217554525;B
20240924;100002;714;1;11217554526;B
20240924;100002;714;28;11217554527;B
20240924;100002;714;7;11217554528;B
20240924;100003;712.6;7;11217555101;S
20240924;100003;712.6;4;11217555102;S
20240924;100003;714.2;28;11217555131;B
20240924;100003;714.2;7;11217555132;B
20240924;100003;714.4;5;11217555133;B
20240924;100003;712.6;2;11217555213;S
20240924;100003;712.6;1;11217555396;S
20240924;100003;712.8;1;11217555469;S
20240924;100003;713;1;11217556335;S
20240924;100004;713;5;11217556727;S
20240924;100004;713;2;11217557093;B
20240924;100004;713;4;11217557417;B
20240924;100004;713.8;1;11217557418;B
20240924;100004;713.8;1;11217557419;B
20240924;100004;714.2;2;11217557645;S
20240924;100004;714.4;1;11217557651;B
20240924;100004;714.4;1;11217558270;B
20240924;100004;714.8;1;11217558564;B
20240924;100005;714.2;11;11217558820;S
20240924;100005;714.2;1;11217559189;S
20240924;100005;714.8;1;11217559193;B
20240924;100005;714.8;8;11217559874;B
20240924;100005;714.2;1;11217559897;S
20240924;100005;714.8;1;11217560418;B
20240924;100005;714.2;15;11217560419;S
20240924;100005;714.2;64;11217561105;S
20240924;100005;713;1;11217561106;S
20240924;100005;713;35;11217561107;S
20240924;100005;714.6;20;11217561160;B
20240924;100006;713;30;11217561597;S
20240924;100006;713;1;11217561598;S
20240924;100006;714.4;2;11217561605;B
20240924;100006;714.4;1;11217561845;B
20240924;100006;714.4;2;11217561847;B
20240924;100006;713.4;2;11217561848;S
20240924;100006;714.6;2;11217562614;B
20240924;100006;714.4;1;11217562774;B
20240924;100006;714.4;1;11217562777;B
20240924;100006;713.6;1;11217562778;S
20240924;100006;713.6;1;11217562779;S
20240924;100006;714.4;1;11217562780;B
20240924;100006;714.4;1;11217563017;B
20240924;100006;714.4;1;11217563368;B
20240924;100007;714.2;1;11217563765;B
20240924;100007;714.2;3;11217563771;B
20240924;100007;714.2;1;11217563775;B
20240924;100007;713.2;2;11217564053;S
20240924;100008;714.2;4;11217564856;B
20240924;100008;714.4;36;11217564857;B
20240924;100008;713.4;10;11217564991;S
20240924;100008;714.4;3;11217565275;B
20240924;100008;714.4;4;11217565276;B
20240924;100008;714.4;3;11217565277;B
20240924;100008;714.4;1;11217565278;B
20240924;100008;714.4;1;11217565279;B
20240924;100008;713.6;1;11217565280;S
20240924;100010;714.4;14;11217566384;B
20240924;100010;713.4;23;11217566467;S
20240924;100011;713.4;2;11217566823;S
20240924;100013;713.2;1;11217567688;S
20240924;100013;712.8;5;11217567689;S
20240924;100015;714.4;20;11217568423;B
20240924;100017;714.4;1;11217569561;B
20240924;100019;714.4;19;11217570206;S
20240924;100027;714.2;1;11217574304;B
20240924;100027;714.2;1;11217574305;B
20240924;100029;714.2;142;11217574922;B
20240924;100029;714.4;262;11217574923;B
20240924;100032;714;2;11217576224;S
20240924;100034;714.2;55;11217576968;S
20240924;100039;714.2;5;11217578556;B
20240924;100045;714.4;224;11217581121;B
20240924;100046;714.4;95;11217581207;B
20240924;100046;714.6;5;11217581208;B
20240924;100053;714.2;93;11217583498;S
20240924;100053;714;7;11217583499;S
20240924;100101;714;2;11217586378;S
20240924;100105;714.6;35;11217587640;B
20240924;100105;714.8;5;11217587641;B
20240924;100105;714.8;60;11217587642;B
20240924;100105;714;3;11217587649;S
20240924;100109;714;38;11217588833;S
20240924;100109;714;5;11217588834;S
20240924;100109;714;2;11217588835;S
20240924;100110;713.4;3;11217589467;S
20240924;100113;713.8;88;11217590408;B
20240924;100122;713.2;100;11217593277;B
20240924;100126;713.8;6;11217594355;B
20240924;100128;713.2;1;11217594970;B
20240924;100134;712.6;10;11217596585;B
20240924;100138;712.4;1;11217597786;S
20240924;100138;712.4;9;11217597787;S
20240924;100138;712.4;240;11217597788;S
20240924;100139;712.2;80;11217598350;S
20240924;100139;712.2;75;11217598351;S
20240924;100142;712.2;155;11217599329;B
20240924;100149;712.2;1;11217601712;S
20240924;100149;712.4;1;11217601949;B
20240924;100150;712.2;2;11217602064;S
20240924;100150;711.8;2;11217602065;S
20240924;100150;711.6;11;11217602066;S
20240924;100158;711.6;13;11217604756;S
20240924;100201;712.2;1;11217605538;B
20240924;100201;712.4;5;11217605539;B
20240924;100202;711.4;1;11217605933;S
20240924;100203;711;8;11217606429;S
20240924;100204;711.6;1;11217606950;B
20240924;100204;712.6;45;11217606968;B
20240924;100204;713;10;11217606969;B
20240924;100204;711.8;1;11217607050;S
20240924;100207;711.6;53;11217607695;S
20240924;100208;711.2;10;11217608210;S
20240924;100217;712;100;11217611286;S
20240924;100220;712.2;1;11217612760;B
20240924;100230;712.8;2;11217616473;B
20240924;100232;712.6;206;11217617043;S
20240924;100232;712.4;273;11217617044;S
20240924;100232;712.2;329;11217617045;S
20240924;100232;712;175;11217617046;S
20240924;100232;711.6;50;11217617047;S
20240924;100232;711.2;334;11217617048;S
20240924;100232;711.2;500;11217617049;S
20240924;100232;711;72;11217617050;S
20240924;100232;711;450;11217617051;B
20240924;100236;711;3;11217618616;B
20240924;100236;711;2;11217618644;B
20240924;100241;711;50;11217620162;B
20240924;100242;711;55;11217620498;B
20240924;100242;710.8;1;11217620599;S
20240924;100247;710.8;19;11217622667;S
20240924;100249;711;44;11217623200;B
20240924;100250;711;10;11217623653;B
20240924;100252;710.8;1;11217624324;S
20240924;100301;710.8;1;11217627411;S
20240924;100301;710.8;1;11217627793;S
20240924;100302;711;1;11217627810;B
20240924;100310;711;1;11217632260;B
20240924;100310;710.8;3;11217632303;S
20240924;100323;711;1;11217637885;B
20240924;100325;711;20;11217638720;B
20240924;100330;710.8;474;11217640908;S
20240924;100330;710.8;113;11217640909;S
20240924;100330;710.6;1;11217640910;S
20240924;100330;710.6;146;11217640911;S
20240924;100330;711;13;11217640974;B
20240924;100330;710.8;1;11217640990;S
20240924;100330;710.8;1;11217641006;S
20240924;100331;711;10;11217641560;B
20240924;100332;710.8;1;11217641693;S
20240924;100332;710.8;1;11217641725;S
20240924;100335;711;1;11217642895;B
20240924;100335;710.8;11;11217642903;S
20240924;100336;710.8;5;11217643083;S
20240924;100336;710.8;1;11217643148;S
20240924;100336;710.8;1;11217643161;S
20240924;100337;711;1;11217643436;B
20240924;100341;711;50;11217645168;B
20240924;100344;711;2;11217646187;B
20240924;100344;710.8;1;11217646230;S
20240924;100344;710.8;1;11217646244;S
20240924;100349;710.8;2;11217648169;S
20240924;100401;710.8;5;11217652123;S
20240924;100402;711;61;11217652616;B
20240924;100402;710.8;1;11217652644;S
20240924;100402;710.8;1;11217652663;S
20240924;100406;710.8;54;11217653946;S
20240924;100408;711;15;11217654560;B
20240924;100413;710.8;11;11217656014;S
20240924;100419;710.8;1;11217658082;S
20240924;100421;710.8;63;11217659331;S
20240924;100421;710.8;37;11217659332;S
20240924;100422;710.6;1;11217659447;S
20240924;100426;710.6;2;11217661030;S
20240924;100428;710.6;451;11217661519;S
20240924;100428;710.6;113;11217661520;S
20240924;100428;710.2;1;11217661521;S
20240924;100428;710.2;20;11217661522;S
20240924;100428;710.2;36;11217661523;S
20240924;100428;710;1;11217661524;S
20240924;100428;710;1;11217661525;S
20240924;100428;709.8;100;11217661526;S
20240924;100428;709.8;277;11217661527;S
20240924;100430;709.8;10;11217662558;S
20240924;100431;710.6;55;11217662809;B
20240924;100431;709.8;6;11217662869;S
20240924;100440;710.8;2;11217665982;B
20240924;100450;710.8;3;11217669244;B
20240924;100454;710;2;11217670448;S
20240924;100454;710;142;11217670449;S
20240924;100454;709.8;56;11217670450;S
20240924;100457;710.4;38;11217671322;B
20240924;100457;710.6;89;11217671323;B
20240924;100458;709.6;10;11217671712;S
20240924;100459;710.6;10;11217671825;B
20240924;100500;709.6;25;11217672233;S
20240924;100505;710.6;2;11217674406;B
20240924;100511;710.4;50;11217676489;B
20240924;100511;710.4;50;11217676490;B
20240924;100522;709.6;1;11217679665;S
20240924;100522;709.6;1;11217679666;S
20240924;100542;709.6;1;11217686270;S
20240924;100542;709.6;2;11217686271;S
20240924;100542;709.4;70;11217686272;S
20240924;100542;709.4;15;11217686273;S
20240924;100542;709.4;16;11217686274;S
20240924;100542;709.2;36;11217686275;S
20240924;100542;709.2;10;11217686276;S
20240924;100542;709;8;11217686277;S
20240924;100542;709;76;11217686278;S
20240924;100542;708.8;36;11217686279;S
20240924;100542;708.8;30;11217686280;S
20240924;100542;709.8;2;11217686342;B
20240924;100601;708.8;1;11217692148;S
20240924;100607;708.8;38;11217693804;S
20240924;100607;708.8;7;11217693805;S
20240924;100607;708.8;17;11217693806;S
20240924;100618;709;7;11217696779;S
20240924;100618;708.8;46;11217696780;S
20240924;100618;708.8;42;11217696781;S
20240924;100618;708.6;5;11217696782;S
20240924;100640;709;6;11217702733;S
20240924;100646;709.2;19;11217704320;S
20240924;100646;709.2;142;11217704321;S
20240924;100646;709;884;11217704322;S
20240924;100706;709.2;1;11217710374;S
20240924;100706;709.2;9;11217710420;S
20240924;100706;709;43;11217710421;S
20240924;100721;709;1;11217713667;S
20240924;100727;709;2;11217715483;S
20240924;100727;709.2;1;11217715606;B
20240924;100734;709.2;1;11217717375;B
20240924;100736;709.2;8;11217717960;B
20240924;100736;709.2;1;11217717961;B
20240924;100736;709.4;1;11217717962;B
20240924;100736;709.6;14;11217717963;B
20240924;100736;709.8;2;11217717964;B
20240924;100736;709.8;14;11217717965;B
20240924;100744;709.6;44;11217719978;B
20240924;100744;709.6;6;11217719979;B
20240924;100802;709.4;13;11217724737;S
20240924;100802;709.4;250;11217724738;S
20240924;100802;709.2;11;11217724739;S
20240924;100802;709.2;45;11217724740;S
20240924;100802;709;246;11217724741;S
20240924;100802;709;70;11217724742;S
20240924;100802;709;366;11217724743;S
20240924;100802;708.4;36;11217724744;S
20240924;100802;708.4;25;11217724745;S
20240924;100802;708.2;50;11217724746;S
20240924;100802;708;5;11217724747;S
20240924;100802;708;1;11217724748;S
20240924;100802;708;36;11217724749;S
20240924;100802;708;3;11217724750;S
20240924;100802;707.6;36;11217724970;S
20240924;100803;707.8;1;11217725075;B
20240924;100806;707.6;12;11217726139;B
20240924;100806;707.8;13;11217726140;B
20240924;100806;707.8;277;11217726141;B
20240924;100806;708;58;11217726142;B
20240924;100807;707.2;36;11217726420;S
20240924;100807;707.2;15;11217726421;S
20240924;100807;707.2;25;11217726422;S
20240924;100807;707.2;1;11217726423;S
20240924;100811;707.4;1;11217727814;B
20240924;100815;707.4;1;11217729303;B
20240924;100815;707.8;29;11217729304;B
20240924;100818;707.8;50;11217730292;B
20240924;100820;707.2;83;11217730756;S
20240924;100820;707;100;11217730757;S
20240924;100820;707;224;11217730758;S
20240924;100820;707;1;11217730759;S
20240924;100823;706.8;22;11217731533;S
20240924;100825;707;200;11217732085;B
20240924;100825;706.8;1;11217732134;S
20240924;100825;706.8;1;11217732145;S
20240924;100826;707;10;11217732403;B
20240924;100828;706.8;1;11217732782;B
20240924;100828;707;4;11217732783;B
20240924;100829;706.6;1;11217733124;S
20240924;100829;706.8;1;11217733230;B
20240924;100829;706.8;1;11217733231;B
20240924;100829;707;48;11217733232;B
20240924;100830;707;400;11217733617;B
20240924;100830;706.6;62;11217733779;S
20240924;100830;706.6;1;11217733780;S
20240924;100830;706.6;1;11217733781;S
20240924;100830;706.4;1;11217733782;S
20240924;100830;706.2;60;11217733783;S
20240924;100830;705.8;75;11217733784;S
20240924;100830;705.8;50;11217733785;S
20240924;100830;705.6;232;11217733786;S
20240924;100839;706;9;11217736246;S
20240924;100839;705.8;21;11217736247;S
20240924;100842;706.4;1;11217737293;B
20240924;100842;706.4;1;11217737294;B
20240924;100842;706.6;28;11217737295;B
20240924;100844;706;1;11217737935;B
20240924;100844;706.2;28;11217737936;B
20240924;100844;706.4;121;11217737937;B
20240924;100846;705.8;1;11217738479;B
20240924;100846;705.8;1;11217738480;B
20240924;100853;706.6;24;11217740755;B
20240924;100853;706.6;26;11217740756;B
20240924;100855;705.8;1;11217741252;S
20240924;100900;706.6;2;11217742455;B
20240924;100901;706.6;53;11217742770;B
20240924;100901;706;3;11217742846;S
20240924;100901;706.6;5;11217742910;B
20240924;100902;706;3;11217742991;S
20240924;100906;705.8;62;11217743933;S
20240924;100911;706;1;11217745262;B
20240924;100911;706.2;1;11217745263;B
20240924;100920;706;142;11217747652;S
20240924;100923;705.8;1;11217748500;S
20240924;100925;706;50;11217749057;B
20240924;100926;705.8;5;11217749167;S
20240924;100928;706;460;11217749707;B
20240924;100930;706;20;11217750037;B
20240924;100934;706;1;11217751360;B
20240924;100945;706;10;11217754387;B
20240924;100954;706;1;11217757293;B
20240924;100956;705.8;10;11217757931;S
20240924;101000;705.8;84;11217758806;S
20240924;101000;705.8;10;11217758807;S
20240924;101000;705.6;397;11217758808;S
20240924;101000;705.6;12;11217758860;S
20240924;101004;705.8;9;11217759952;B
20240924;101006;705.6;1;11217760710;S
20240924;101006;705.6;1;11217760732;S
20240924;101008;705.6;189;11217761312;S
20240924;101008;705.6;24;11217761313;S
20240924;101008;705.4;3;11217761314;S
20240924;101010;705.6;1;11217761660;B
20240924;101016;705.4;1;11217763677;S
20240924;101016;705.4;14;11217763678;S
20240924;101026;705.4;7;11217765987;S
20240924;101028;705.6;200;11217766524;B
20240924;101029;705.4;3;11217766709;S
20240924;101029;705.4;36;11217766710;S
20240924;101029;705.2;61;11217766711;S
20240924;101030;705.4;28;11217766806;B
20240924;101033;705.4;2;11217767548;B
20240924;101042;705.4;33;11217769751;B
20240924;101042;705.4;40;11217769752;B
20240924;101042;705.6;27;11217769753;B
20240924;101049;705.4;1;11217771884;B
20240924;101050;705.4;1;11217772219;B
20240924;101051;705.4;1;11217772569;B
20240924;101052;705.4;1;11217773785;B
20240924;101053;705.6;1;11217774283;B
20240924;101053;705.4;3;11217774466;B
20240924;101058;705.4;27;11217776395;B
20240924;101058;705.4;23;11217776396;B
20240924;101105;705.4;5;11217778295;B
20240924;101117;705.4;5;11217781858;B
20240924;101120;705.4;14;11217782708;B
20240924;101120;705.2;81;11217782889;S
20240924;101120;705.2;3;11217782890;S
20240924;101120;705.2;11;11217782891;S
20240924;101120;705.2;5;11217782892;S
20240924;101205;705.2;55;11217793442;S
20240924;101205;705.2;1;11217793443;S
20240924;101205;705.2;1;11217793444;S
20240924;101205;705.2;100;11217793445;S
20240924;101205;705.2;12;11217793446;S
20240924;101207;705.2;18;11217793667;S
20240924;101207;705.2;7;11217793668;S
20240924;101207;705;11;11217793669;S
20240924;101207;705;1;11217793670;S
20240924;101207;705;2;11217793671;S
20240924;101207;705;47;11217793672;S
20240924;101219;705;1483;11217796455;S
20240924;101221;705.4;1;11217796767;B
20240924;101230;705;970;11217798997;S
20240924;101230;705;1;11217798998;S
20240924;101230;705;3;11217798999;S
20240924;101230;705;1;11217799000;S
20240924;101230;705;25;11217799001;S
20240924;101232;705;199;11217799345;B
20240924;101236;705.2;40;11217799985;B
20240924;101236;705.2;10;11217799986;B
20240924;101239;705.2;1;11217800530;B
20240924;101248;705.2;2;11217802688;B
20240924;101253;705;1;11217803715;S
20240924;101303;705;23;11217806016;S
20240924;101303;705;10;11217806017;S
20240924;101303;704.8;1;11217806018;S
20240924;101303;704.8;3;11217806019;S
20240924;101303;704.8;63;11217806020;S
20240924;101305;704.8;37;11217806297;S
20240924;101305;704.8;2;11217806298;S
20240924;101305;704.8;61;11217806299;S
20240924;101307;704.8;100;11217806683;S
20240924;101309;704.8;100;11217807107;S
20240924;101310;705;30;11217807427;B
20240924;101311;705;217;11217807547;B
20240924;101311;705.2;40;11217807548;B
20240924;101311;705.2;3;11217807549;B
20240924;101311;705.2;100;11217807550;B
20240924;101311;705.2;40;11217807551;B
20240924;101336;705.4;1;11217814535;B
20240924;101349;705.6;58;11217818216;B
20240924;101349;705.6;200;11217818217;B
20240924;101349;705.6;1;11217818218;B
20240924;101349;705.6;1;11217818219;B
20240924;101349;705.8;10;11217818220;B
20240924;101349;706;280;11217818221;B
20240924;101349;706;36;11217818223;B
20240924;101405;706;1;11217823006;B
20240924;101406;706;99;11217823535;B
20240924;101406;706;3;11217823536;B
20240924;101406;706.4;28;11217823537;B
20240924;101409;706.4;80;11217824146;B
20240924;101418;706.6;500;11217826674;B
20240924;101418;706.6;54;11217826675;B
20240924;101418;706.8;180;11217826676;B
20240924;101428;706.6;27;11217829872;B
20240924;101451;706.6;2;11217837828;S
20240924;101451;706.8;17;11217837853;B
20240924;101451;706.8;26;11217838118;B
20240924;101500;706.6;25;11217840322;S
20240924;101500;706.6;1;11217840385;S
20240924;101500;706.6;1;11217840407;S
20240924;101527;706.8;44;11217852809;B
20240924;101536;706.6;100;11217857065;S
20240924;101537;706.8;100;11217857682;B
20240924;101559;706.6;26;11217866880;S
20240924;101615;706.8;25;11217873181;B
20240924;101629;706.8;4;11217878217;B
20240924;101631;706.6;1;11217878723;S
20240924;101637;706.8;2;11217881237;B
20240924;101644;706.6;1;11217883968;S
20240924;101652;706.6;1;11217886453;S
20240924;101657;706.8;2;11217888289;B
20240924;101706;706.6;100;11217891931;S
20240924;101706;706.6;65;11217891994;S
20240924;101706;706.6;1;11217891995;S
20240924;101706;706.6;10;11217891996;S
20240924;101706;706.6;1;11217891997;S
20240924;101706;706.6;3;11217891998;S
20240924;101706;706.4;6;11217891999;S
20240924;101710;706.6;1;11217893193;B
20240924;101715;706.4;14;11217895102;S
20240924;101715;706.4;10;11217895103;S
20240924;101715;706.2;336;11217895104;S
20240924;101717;706.2;171;11217895408;S
20240924;101723;705.6;13;11217897023;S
20240924;101723;705.4;87;11217897024;S
20240924;101731;705.4;5;11217899585;S
20240924;101734;705.4;8;11217900798;S
20240924;101734;705.4;147;11217900799;S
20240924;101734;705.4;50;11217900800;S
20240924;101734;705.4;68;11217900801;S
20240924;101743;705;1;11217903530;S
20240924;101743;705;10;11217903531;S
20240924;101743;705;50;11217903532;S
20240924;101743;704.8;39;11217903533;S
20240924;101747;704.8;17;11217904589;S
20240924;101747;704.8;2;11217904590;S
20240924;101747;704.8;1;11217904591;S
20240924;101747;704.8;16;11217904592;S
20240924;101747;704.8;10;11217904593;S
20240924;101747;704.8;5;11217904594;S
20240924;101747;704.8;1;11217904595;S
20240924;101750;704.6;1;11217905499;S
20240924;101750;704.6;1;11217905542;S
20240924;101750;704.6;1;11217905653;S
20240924;101753;704.6;1;11217906373;S
20240924;101753;704.6;1;11217906461;S
20240924;101822;704.6;2;11217914604;S
20240924;101822;704.8;1;11217914692;B
20240924;101823;704.8;1;11217915042;B
20240924;101824;704.8;4;11217915252;B
20240924;101824;705;40;11217915253;B
20240924;101824;705;5;11217915254;B
20240924;101824;705.6;50;11217915255;B
20240924;101824;706.2;115;11217915256;B
20240924;101824;706.2;142;11217915257;B
20240924;101824;706.4;13;11217915258;B
20240924;101825;704.6;14;11217915471;S
20240924;101834;704.6;2;11217919355;S
20240924;101840;704.6;12;11217921579;S
20240924;101840;704.4;1;11217921580;S
20240924;101840;704.4;11;11217921581;S
20240924;101840;704.2;20;11217921582;S
20240924;101840;704;1;11217921583;S
20240924;101840;704;3;11217921584;S
20240924;101840;704;8;11217921585;S
20240924;101840;704;2;11217921586;S
20240924;101840;704;1;11217921587;S
20240924;101840;704;441;11217921588;S
20240924;101903;704.4;1;11217929379;S
20240924;101903;704.4;1;11217929380;S
20240924;101908;704.4;5;11217931741;S
20240924;101908;704.4;1;11217931891;S
20240924;101910;704.4;3;11217932380;S
20240924;101916;704.4;1;11217934569;S
20240924;101916;704.2;1;11217934570;S
20240924;101916;704;15;11217934589;S
20240924;101925;704.4;1;11217937629;B
20240924;101925;704.4;3;11217937630;B
20240924;101947;704.4;20;11217944701;S
20240924;101947;704.2;4;11217944702;S
20240924;101947;704;47;11217944703;S
20240924;101947;704;100;11217944704;S
20240924;101947;704;7;11217944705;S
20240924;101947;704;3;11217944706;S
20240924;101947;704;1;11217944707;S
20240924;101947;704;9;11217944708;S
20240924;101947;704;17;11217944709;S
20240924;101947;703.8;4;11217944710;S
20240924;101947;703.4;1;11217944711;S
20240924;101947;703;2;11217944712;S
20240924;101947;703;10;11217944713;S
20240924;101947;703;4;11217944714;S
20240924;101947;703;2;11217944715;S
20240924;101947;703;1;11217944716;S
20240924;101947;703;1;11217944717;S
20240924;101947;703;2;11217944718;S
20240924;101947;702.8;20;11217944719;S
20240924;101947;702.8;2;11217944720;S
20240924;101947;702.8;13;11217944721;S
20240924;101947;702.6;5;11217944784;S
20240924;101947;702.6;3;11217944903;S
20240924;101947;702.6;40;11217944904;S
20240924;101947;702.4;57;11217944905;S
20240924;101947;702.4;25;11217944906;S
20240924;101947;702.4;5;11217944922;S
20240924;101947;702.4;7;11217944936;S
20240924;101947;702.2;25;11217944937;S
20240924;101947;702.2;50;11217944938;S
20240924;101947;702;4;11217944939;S
20240924;101947;702;72;11217944940;S
20240924;101947;702;28;11217944946;S
20240924;101947;702;2;11217944947;S
20240924;101947;702;50;11217944948;S
20240924;101947;701.8;13;11217944949;S
20240924;101947;701.4;1;11217944950;S
20240924;101947;701.4;2;11217944951;S
20240924;101947;701.2;1;11217944952;S
20240924;101947;701.2;80;11217944953;S
20240924;101947;701;23;11217944954;S
20240924;101947;702.8;1;11217944974;B
20240924;101947;701.2;40;11217945024;S
20240924;101947;701;30;11217945025;S
20240924;101948;702.6;1;11217945132;S
20240924;101948;702.2;29;11217945133;S
20240924;101948;703;1;11217945179;S
20240924;101948;703;10;11217945180;S
20240924;101948;701.4;10;11217945209;S
20240924;101948;701.4;40;11217945210;S
20240924;101948;701.2;20;11217945211;S
20240924;101948;701.2;10;11217945212;S
20240924;101948;701;167;11217945213;S
20240924;101948;701.2;7;11217945219;S
20240924;101949;702.4;1;11217945434;S
20240924;101949;702;7;11217945435;S
20240924;101949;702;40;11217945436;S
20240924;101957;702.4;1;11217947776;B
20240924;102000;702.6;19;11217949178;S
20240924;102000;702.2;5;11217949179;S
20240924;102021;702;5;11217958106;S
20240924;102021;702;40;11217958107;S
20240924;102022;701.6;1;11217959914;S
20240924;102022;701.6;9;11217959915;S
20240924;102034;702;160;11217972364;B
20240924;102037;702;20;11217975285;B
20240924;102049;701.8;1;11217986427;S
20240924;102049;701.6;3;11217986428;S
20240924;102049;701.6;16;11217986429;S
20240924;102054;701.8;1;11217991375;B
20240924;102057;702;2;11217994868;B
20240924;102108;701.8;19;11218007049;S
20240924;102108;701.8;1;11218007050;S
20240924;102113;701.6;4;11218011103;S
20240924;102113;701.6;1;11218011104;S
20240924;102113;701.2;10;11218011105;S
20240924;102113;701.2;20;11218011106;S
20240924;102113;701.2;1;11218011107;S
20240924;102113;701;10;11218011108;S
20240924;102113;701;7;11218011109;S
20240924;102113;700.8;10;11218011110;S
20240924;102113;700.8;11;11218011111;S
20240924;102113;700.8;26;11218011112;S
20240924;102121;701;3;11218018713;S
20240924;102151;701.2;2;11218045374;S
20240924;102151;701.2;8;11218045375;S
20240924;102206;701.6;1;11218059048;S
20240924;102206;701.4;25;11218059049;S
20240924;102206;701.4;2;11218059050;S
20240924;102206;701.2;58;11218059051;S
20240924;102216;701.2;8;11218068044;S
20240924;102234;701.2;2;11218073428;S
20240924;102237;701.2;50;11218074103;S
20240924;102318;701.4;10;11218084037;S
20240924;102325;702;73;11218085500;B
20240924;102325;702;27;11218085501;B
20240924;102328;701.6;142;11218086377;S
20240924;102328;701.4;15;11218086378;S
20240924;102328;701.4;20;11218086379;S
20240924;102328;701.4;323;11218086380;S
20240924;102330;701.4;14;11218086863;S
20240924;102330;701.4;142;11218086864;S
20240924;102330;701.2;25;11218086865;S
20240924;102330;701.2;15;11218086866;S
20240924;102330;701.2;71;11218086867;S
20240924;102330;701.2;1;11218086868;S
20240924;102330;701.2;24;11218086869;S
20240924;102330;701.2;193;11218086870;S
20240924;102339;701.4;347;11218088923;S
20240924;102339;701.2;7;11218088924;S
20240924;102339;701.2;30;11218088925;S
20240924;102339;701.2;40;11218088926;S
20240924;102339;701;400;11218088927;S
20240924;102339;701;1;11218088928;S
20240924;102339;701;50;11218088929;S
20240924;102339;701;70;11218088930;S
20240924;102339;700.8;55;11218088931;S
20240924;102340;701.6;2;11218089112;B
20240924;102340;700.8;45;11218089173;S
20240924;102340;700.6;80;11218089174;S
20240924;102340;700.6;28;11218089175;S
20240924;102340;700.6;40;11218089176;S
20240924;102340;700.4;28;11218089177;S
20240924;102340;700.4;29;11218089178;S
20240924;102340;700.4;50;11218089179;S
20240924;102340;700.4;20;11218089180;S
20240924;102340;700.4;31;11218089181;S
20240924;102340;700.4;1;11218089182;S
20240924;102340;700.2;28;11218089183;S
20240924;102340;700.2;29;11218089184;S
20240924;102340;700.2;1;11218089185;S
20240924;102340;700;5;11218089186;S
20240924;102340;700;12;11218089187;S
20240924;102340;700;25;11218089188;S
20240924;102340;700;4;11218089189;S
20240924;102340;700;1;11218089190;S
20240924;102340;700;1;11218089191;S
20240924;102340;700;1;11218089192;S
20240924;102340;700;2;11218089193;S
20240924;102340;700;40;11218089194;S
20240924;102340;700;1;11218089195;S
20240924;102340;700;8;11218089196;S
20240924;102340;700;10;11218089197;S
20240924;102340;700;1;11218089198;S
20240924;102340;700;28;11218089199;S
20240924;102340;700;29;11218089200;S
20240924;102340;700;3;11218089201;S
20240924;102340;700;20;11218089202;S
20240924;102340;700;2;11218089203;S
20240924;102340;700;20;11218089204;S
20240924;102340;700;1;11218089205;S
20240924;102340;699.8;28;11218089220;S
20240924;102340;699.8;29;11218089221;S
20240924;102340;699.8;1;11218089222;S
20240924;102340;699.6;28;11218089223;S
20240924;102340;699.6;29;11218089224;S
20240924;102340;699.6;20;11218089225;S
20240924;102340;699.6;1;11218089226;S
20240924;102340;699.4;1;11218089227;S
20240924;102340;699.4;25;11218089228;S
20240924;102340;699.4;28;11218089229;S
20240924;102340;699.4;29;11218089230;S
20240924;102340;699.2;28;11218089231;S
20240924;102340;699.2;29;11218089232;S
20240924;102340;699.2;12;11218089233;S
20240924;102340;699.2;142;11218089234;S
20240924;102340;699;1;11218089235;S
20240924;102340;699;150;11218089236;S
20240924;102340;699;28;11218089237;S
20240924;102340;699;29;11218089238;S
20240924;102340;699;50;11218089239;S
20240924;102340;699;20;11218089240;S
20240924;102340;698.8;29;11218089241;S
20240924;102340;698.8;29;11218089242;S
20240924;102340;698.8;10;11218089243;S
20240924;102340;698.8;20;11218089244;S
20240924;102340;698.8;20;11218089245;S
20240924;102340;698.6;684;11218089246;S
20240924;102340;700;71;11218089255;B
20240924;102340;700;5;11218089258;B
20240924;102341;700;5;11218089310;B
20240924;102341;698.8;8;11218089311;S
20240924;102341;698.8;2;11218089317;S
20240924;102341;698.8;5;11218089318;S
20240924;102341;700;15;11218089347;B
20240924;102341;699;21;11218089359;B
20240924;102341;699.8;3;11218089360;B
20240924;102341;700;1;11218089361;B
20240924;102341;700;2;11218089376;B
20240924;102341;700;1;11218089378;B
20240924;102341;698.8;15;11218089382;S
20240924;102341;700;20;11218089389;B
20240924;102341;700;8;11218089404;B
20240924;102342;698.8;10;11218089612;S
20240924;102343;699.2;2;11218089835;S
20240924;102343;699.2;40;11218089836;S
20240924;102343;699;1;11218089837;S
20240924;102343;698.8;127;11218089838;S
20240924;102343;698.8;142;11218089839;S
20240924;102343;698.6;688;11218089840;S
20240924;102343;698.6;628;11218089883;S
20240924;102343;698.6;1;11218089884;S
20240924;102343;698.6;4;11218089885;S
20240924;102343;698.4;1;11218089886;S
20240924;102343;698.4;1;11218089887;S
20240924;102343;698;5;11218089888;S
20240924;102343;697.8;1;11218089889;S
20240924;102343;697.4;1;11218089890;S
20240924;102343;697;100;11218089891;S
20240924;102343;697;1;11218089892;S
20240924;102343;697;4;11218089893;S
20240924;102343;696.8;2;11218089894;S
20240924;102343;696.6;1;11218089895;S
20240924;102343;696.6;3;11218089896;S
20240924;102343;696.6;142;11218089897;S
20240924;102343;696.4;105;11218089898;S
20240924;102343;698.6;2;11218089964;S
20240924;102343;696.4;25;11218089997;S
20240924;102344;698;1;11218090038;B
20240924;102344;698;9;11218090051;B
20240924;102344;698.2;11;11218090052;B
20240924;102344;698.2;3;11218090053;B
20240924;102344;697;1;11218090057;S
20240924;102344;698;2;11218090058;B
20240924;102344;697;9;11218090059;S
20240924;102344;698;1;11218090067;B
20240924;102344;697.4;2;11218090089;B
20240924;102344;698.4;44;11218090091;B
20240924;102345;698;1;11218090354;S
20240924;102351;698;44;11218091659;S
20240924;102351;698;40;11218091660;S
20240924;102351;697.8;1;11218091661;S
20240924;102351;697.8;14;11218091662;S
20240924;102351;697.6;33;11218091708;S
20240924;102351;698.8;1;11218091730;B
20240924;102353;697.8;1;11218092191;S
20240924;102353;697.8;40;11218092192;S
20240924;102353;697.6;9;11218092193;S
20240924;102353;697.6;20;11218092194;S
20240924;102353;697.6;130;11218092195;S
20240924;102354;698.6;2;11218092337;B
20240924;102359;698;1;11218093375;S
20240924;102409;698;1;11218095378;S
20240924;102413;699;9;11218096407;B
20240924;102413;699.2;40;11218096408;B
20240924;102413;700;1;11218096409;B
20240924;102417;698;140;11218097139;S
20240924;102417;698;60;11218097140;S
20240924;102430;699;100;11218099600;S
20240924;102451;699;5;11218104939;S
20240924;102454;699.8;1;11218105549;B
20240924;102457;699.8;3;11218106264;B
20240924;102500;699.2;12;11218106915;S
20240924;102505;699.2;8;11218107913;S
20240924;102505;699.2;17;11218107914;S
20240924;102531;699.2;3;11218113985;S
20240924;102531;699.2;17;11218113986;S
20240924;102531;699.8;17;11218114029;B
20240924;102531;699.8;40;11218114030;B
20240924;102531;700;9;11218114031;B
20240924;102531;700;37;11218114032;B
20240924;102531;700;1;11218114033;B
20240924;102546;700.2;1;11218117896;S
20240924;102546;700;20;11218117966;S
20240924;102559;700;100;11218121334;S
20240924;102603;700;100;11218122392;S
20240924;102604;700;26;11218122701;S
20240924;102604;700;72;11218122702;S
20240924;102604;699.6;2;11218122703;S
20240924;102605;699.6;1;11218123066;S
20240924;102610;699.6;47;11218124410;S
20240924;102610;699.4;40;11218124411;S
20240924;102610;699.2;13;11218124412;S
20240924;102611;700.2;1;11218124452;B
20240924;102620;699.2;70;11218127042;S
20240924;102620;699.2;1;11218127043;S
20240924;102620;699;79;11218127044;S
20240924;102621;699;16;11218127124;S
20240924;102621;699;15;11218127125;S
20240924;102621;699;60;11218127126;S
20240924;102623;698.8;1;11218127714;S
20240924;102631;699;1;11218130671;B
20240924;102706;699.4;12;11218139794;S
20240924;102706;699.2;40;11218139795;S
20240924;102706;699;27;11218139796;S
20240924;102717;700.2;10;11218142235;B
20240924;102728;700;43;11218145417;B
20240924;102729;700.2;61;11218145547;B
20240924;102742;701;1;11218148986;B
20240924;102742;701;40;11218148987;B
20240924;102742;702;10;11218148992;B
20240924;102742;702.8;398;11218148993;B
20240924;102742;702.8;199;11218148994;B
20240924;102742;703;1;11218148995;B
20240924;102742;703;415;11218148996;B
20240924;102742;703.2;11;11218148997;B
20240924;102742;703.4;1;11218148998;B
20240924;102742;703.4;50;11218148999;B
20240924;102742;703.4;123;11218149000;B
20240924;102742;703.4;400;11218149001;B
20240924;102742;703.6;95;11218149002;B
20240924;102742;703.6;25;11218149003;B
20240924;102742;704.8;7;11218149004;B
20240924;102742;705;92;11218149005;B
20240924;102743;702;1;11218149197;S
20240924;102743;702.2;14;11218149329;S
20240924;102743;702;37;11218149330;S
20240924;102743;701.8;50;11218149331;S
20240924;102743;701.2;99;11218149332;S
20240924;102746;701.6;40;11218149905;S
20240924;102758;701.6;54;11218152261;S
20240924;102758;701.2;41;11218152262;S
20240924;102758;701.2;100;11218152263;S
20240924;102758;701;4;11218152264;S
20240924;102758;700.6;7;11218152265;S
20240924;102758;700.4;142;11218152266;S
20240924;102758;700.2;158;11218152267;S
20240924;102758;700.2;90;11218152268;B
20240924;102803;700.2;6;11218153912;B
20240924;102803;700.2;2;11218154070;B
20240924;102808;700;14;11218155389;S
20240924;102811;700;20;11218156538;S
20240924;102812;700;20;11218156806;S
20240924;102812;700;10;11218156835;S
20240924;102812;700;93;11218156907;S
20240924;102812;700;1;11218156908;S
20240924;102823;700;1;11218159372;B
20240924;102903;699.8;1;11218168893;B
20240924;102907;700;141;11218169877;B
20240924;102907;700;50;11218169878;B
20240924;102907;700;94;11218169879;B
20240924;102907;700;40;11218169880;B
20240924;102907;700;1;11218169881;B
20240924;102907;700.2;1280;11218169882;B
20240924;102914;700;94;11218171898;B
20240924;102920;700;1;11218173233;B
20240924;102920;700.2;1;11218173234;B
20240924;102930;700;1;11218176013;B
20240924;102931;700;1;11218176225;B
20240924;102931;699.6;30;11218176368;S
20240924;102936;700;3;11218177663;B
20240924;102956;699.8;5;11218184045;B
20240924;102957;699.2;15;11218184694;S
20240924;103000;700;6;11218185640;B
20240924;103000;699.2;24;11218185776;S
20240924;103035;699.8;8;11218194929;B
20240924;103052;699.6;1;11218199289;S
20240924;103056;699.2;1;11218200176;S
20240924;103102;699.4;1;11218201785;B
20240924;103108;699.6;2;11218202997;B
20240924;103110;699.4;8;11218203609;S
20240924;103119;699.4;7;11218206093;S
20240924;103119;699.4;1;11218206094;S
20240924;103121;699.4;26;11218206347;S
20240924;103124;699.4;12;11218207071;S
20240924;103128;699.8;5;11218207758;B
20240924;103128;699.8;113;11218207759;B
20240924;103128;699.8;26;11218207760;B
20240924;103128;699.8;40;11218207761;B
20240924;103128;699.8;28;11218207762;B
20240924;103128;700;14;11218207763;B
20240924;103128;700.2;1059;11218207764;B
20240924;103128;700.2;93;11218207765;B
20240924;103128;700.2;2;11218207766;B
20240924;103129;700.2;10;11218207864;B
20240924;103133;700.6;10;11218208820;S
20240924;103136;700.6;13;11218209507;S
20240924;103141;700.6;17;11218210935;S
20240924;103152;699.6;10;11218213598;S
20240924;103154;699.6;12;11218213989;S
20240924;103205;699.4;62;11218217406;S
20240924;103209;699.4;16;11218218424;S
20240924;103216;699.4;20;11218220720;S
20240924;103225;699.4;18;11218223331;S
20240924;103231;699.4;30;11218224925;S
20240924;103231;699.4;4;11218225114;S
20240924;103232;699.4;23;11218225164;S
20240924;103237;699.4;7;11218226670;S
20240924;103258;699.6;4;11218237213;B
20240924;103258;699.6;1;11218237214;B
20240924;103301;699.4;50;11218239893;S
20240924;103301;699.4;24;11218240600;S
20240924;103304;699.6;6;11218243169;B
20240924;103304;699.4;12;11218243176;S
20240924;103306;699.6;1;11218245587;B
20240924;103328;699.4;5;11218267241;S
20240924;103329;699.4;3;11218268273;S
20240924;103336;699.6;4;11218274342;B
20240924;103336;699.6;1;11218274557;B
20240924;103341;699.4;19;11218279820;S
20240924;103351;699.4;18;11218288593;S
20240924;103351;699.4;7;11218288955;S
20240924;103351;699.4;72;11218288956;S
20240924;103351;699.2;5;11218289368;S
20240924;103359;699.2;100;11218296591;S
20240924;103404;699;17;11218301051;S
20240924;103406;699.4;3;11218302418;B
20240924;103408;699.6;20;11218304347;B
20240924;103408;699.8;8;11218304348;B
20240924;103408;699.8;40;11218304349;B
20240924;103408;700.6;10;11218304350;B
20240924;103408;700.6;18;11218304351;B
20240924;103408;700.8;90;11218304352;B
20240924;103408;700.8;14;11218304353;B
20240924;103422;700;14;11218319530;B
20240924;103426;699.4;8;11218322990;S
20240924;103443;699;24;11218341987;S
20240924;103452;700;1;11218351794;B
20240924;103452;699;15;11218351919;S
20240924;103456;699;37;11218355814;S
20240924;103500;699;71;11218361127;S
20240924;103501;699;1;11218361560;S
20240924;103511;700.2;14;11218373266;B
20240924;103511;700.4;40;11218373267;B
20240924;103511;700.6;8;11218373268;B
20240924;103511;701;71;11218373269;B
20240924;103511;701.8;22;11218373270;B
20240924;103524;700.2;12;11218387164;S
20240924;103526;699.6;1;11218388458;S
20240924;103533;700.2;1;11218396558;S
20240924;103539;701.2;100;11218402705;B
20240924;103539;701.2;40;11218402706;B
20240924;103551;701.2;43;11218417094;S
20240924;103552;701.4;10;11218417257;B
20240924;103552;701.2;4;11218418074;S
20240924;103610;701.2;16;11218438025;B
20240924;103610;701.2;40;11218438026;B
20240924;103612;701.2;6;11218439799;S
20240924;103613;701.2;3;11218440998;S
20240924;103616;701.4;1;11218444387;B
20240924;103629;701.4;1;11218459175;S
20240924;103659;701.4;2;11218488609;S
20240924;103659;701.4;5;11218488610;S
20240924;103727;701.4;50;11218515885;B
20240924;103748;701.4;13;11218538077;B
20240924;103750;701.2;15;11218540241;S
20240924;103750;701.2;1;11218540871;S
20240924;103753;701.2;7;11218544148;S
20240924;103758;701.4;1;11218549377;B
20240924;103803;701.2;15;11218555439;S
20240924;103810;701.4;1;11218562440;B
20240924;103821;701.4;18;11218574791;B
20240924;103822;701.2;20;11218575539;S
20240924;103822;701.2;12;11218576061;S
20240924;103828;701.4;7;11218581765;B
20240924;103832;701.6;10;11218586222;B
20240924;103835;701.4;1;11218588809;S
20240924;103902;701.4;2;11218619850;S
20240924;103902;701.2;15;11218619851;S
20240924;103902;701.2;1;11218619852;S
20240924;103902;701.2;8;11218619853;S
20240924;103902;701;14;11218619854;S
20240924;103903;700.2;10;11218620432;S
20240924;103903;700;1;11218620433;S
20240924;103903;700;39;11218620434;S
20240924;103915;700.4;8;11218633956;S
20240924;103927;700.8;1;11218646882;B
20240924;103937;700.4;4;11218658947;S
20240924;104005;700.4;20;11218684334;S
20240924;104005;700.4;1;11218684335;S
20240924;104006;700.4;9;11218684561;B
20240924;104048;700;30;11218723249;S
20240924;104102;700.2;3;11218738125;S
20240924;104127;700.6;10;11218762844;S
20240924;104156;700.2;1;11218793089;S
20240924;104204;700.6;1;11218801011;S
20240924;104214;700.6;3;11218813028;S
20240924;104229;700.8;1;11218828150;S
20240924;104229;700.8;40;11218828151;S
20240924;104229;700.4;4;11218828152;S
20240924;104229;700.2;1;11218828153;S
20240924;104229;700.2;142;11218828154;S
20240924;104229;700.2;54;11218828155;S
20240924;104229;700.2;100;11218828156;S
20240924;104229;700;170;11218828157;S
20240924;104229;700;88;11218828158;S
20240924;104309;700.6;1;11218870042;S
20240924;104315;700.6;2;11218875914;S
20240924;104319;700.6;13;11218879196;S
20240924;104326;701.2;12;11218885179;B
20240924;104332;701.4;20;11218890564;B
20240924;104337;701.4;20;11218895281;B
20240924;104358;701.4;20;11218916480;B
20240924;104413;701.2;8;11218933192;S
20240924;104413;701.2;22;11218933193;S
20240924;104415;701.4;1;11218934917;B
20240924;104422;701.4;3;11218942685;B
20240924;104433;701.4;3;11218953305;B
20240924;104441;702;8;11218962512;B
20240924;104441;702;20;11218962513;B
20240924;104441;702.4;4;11218962514;B
20240924;104441;702.6;11;11218962515;B
20240924;104441;702.6;20;11218962516;B
20240924;104441;703;10;11218962517;B
20240924;104441;703;1;11218962518;B
20240924;104441;703;50;11218962519;B
20240924;104441;703;72;11218962520;B
20240924;104441;703.2;4;11218962521;B
20240924;104442;702.4;2;11218964063;S
20240924;104444;701.8;10;11218965210;S
20240924;104449;702.2;3;11218971163;S
20240924;104450;703;8;11218971864;B
20240924;104450;703;40;11218971865;B
20240924;104450;703.2;16;11218971866;B
20240924;104450;703.2;36;11218971867;B
20240924;104505;702;1;11218987623;S
20240924;104505;702;7;11218987624;S
20240924;104505;701.8;3;11218987625;S
20240924;104516;703;1;11218999112;B
20240924;104551;702.2;9;11219038169;S
20240924;104618;702.2;15;11219061906;S
20240924;104618;702.2;142;11219061907;S
20240924;104706;702.4;2;11219109388;S
20240924;104713;702.4;1;11219116192;S
20240924;104713;703;30;11219116788;B
20240924;104715;702.4;1;11219119119;S
20240924;104716;702.4;4;11219119214;S
20240924;104716;702.4;10;11219119215;S
20240924;104722;703;1;11219125291;B
20240924;104723;703;1;11219126314;B
20240924;104725;703;3;11219127239;B
20240924;104741;703;2;11219144078;B
20240924;104751;702.8;1;11219155077;S
20240924;104756;702.8;30;11219160705;S
20240924;104757;702.8;6;11219161608;S
20240924;104757;703;12;11219161618;B
20240924;104757;703;8;11219161619;B
20240924;104759;702.8;6;11219164139;S
20240924;104824;703.2;5;11219190161;B
20240924;104903;702.8;42;11219231542;S
20240924;104903;702.8;1;11219231543;S
20240924;104903;702.4;9;11219231544;S
20240924;104903;702.4;11;11219231545;S
20240924;104903;702.2;58;11219231546;S
20240924;104903;702;1;11219231547;S
20240924;104922;701.4;8;11219249231;S
20240924;104936;701.8;1;11219262001;B
20240924;104937;701.8;1;11219263098;B
20240924;105015;701.8;15;11219289854;B
20240924;105021;701.6;1;11219291080;S
20240924;105038;701.4;9;11219293705;S
20240924;105038;701.2;20;11219293706;S
20240924;105038;701.2;40;11219293707;S
20240924;105040;701;71;11219293951;B
20240924;105040;701;1;11219293952;B
20240924;105043;701;36;11219294392;S
20240924;105043;701;14;11219294393;S
20240924;105046;700.8;71;11219294775;S
20240924;105046;700.8;1;11219294820;S
20240924;105046;700.6;22;11219294821;S
20240924;105046;700.6;40;11219294822;S
20240924;105046;700.6;13;11219294823;S
20240924;105046;700.2;1;11219294824;S
20240924;105046;700;12;11219294825;S
20240924;105046;700;10;11219294826;S
20240924;105047;701;15;11219295040;B
20240924;105053;701;1;11219295862;S
20240924;105107;701;4;11219297541;S
20240924;105107;700.8;4;11219297542;S
20240924;105126;700.6;42;11219300563;B
20240924;105233;701.4;20;11219313106;B
20240924;105258;701.4;7;11219320781;S
20240924;105300;701.6;1;11219321247;B
20240924;105319;701.6;1;11219328049;B
20240924;105344;701.4;1;11219332893;S
20240924;105357;701.6;1;11219334828;B
20240924;105401;701.4;17;11219335457;S
20240924;105403;701.4;9;11219335721;S
20240924;105410;701.6;1;11219336891;B
20240924;105420;701.4;14;11219337997;S
20240924;105431;701.4;15;11219339554;S
20240924;105434;701.4;14;11219340163;S
20240924;105436;701.6;1;11219340359;B
20240924;105436;701.6;1;11219340360;B
20240924;105437;701.4;3;11219340552;S
20240924;105437;701.4;1;11219340553;S
20240924;105444;701.6;1;11219341636;B
20240924;105445;701.6;18;11219341672;B
20240924;105445;701.6;99;11219341673;B
20240924;105445;701.6;9;11219341674;B
20240924;105445;701.6;40;11219341675;B
20240924;105445;701.6;18;11219341676;B
20240924;105445;701.8;100;11219341677;B
20240924;105445;701.8;92;11219341678;B
20240924;105445;701.8;5;11219341679;B
20240924;105445;702;619;11219341680;B
20240924;105447;701.4;9;11219341917;S
20240924;105447;701.2;8;11219341918;S
20240924;105452;702;259;11219342710;B
20240924;105452;702;40;11219342711;B
20240924;105542;702.8;1;11219352061;B
20240924;105546;702;3;11219352789;S
20240924;105546;701.8;11;11219352790;S
20240924;105546;701.6;21;11219352791;S
20240924;105546;701.2;79;11219352829;S
20240924;105546;701.2;20;11219352830;S
20240924;105557;702;1;11219354517;S
20240924;105604;701.2;1;11219355991;S
20240924;105614;701.4;10;11219357784;S
20240924;105648;701.2;1;11219363961;S
20240924;105718;701;1;11219368490;S
20240924;105752;701;1;11219374433;S
20240924;105810;700.6;3;11219376734;S
20240924;105810;700.6;1;11219376735;S
20240924;105810;700.6;39;11219376736;S
20240924;105810;700.4;2;11219376737;S
20240924;105810;700.2;39;11219376738;S
20240924;105810;700;300;11219376739;S
20240924;105810;700;1;11219376740;S
20240924;105810;700;20;11219376741;S
20240924;105810;700;100;11219376742;S
20240924;105900;699.8;1;11219386237;B
20240924;105900;699.8;1;11219386250;B
20240924;105903;700;6;11219386778;B
20240924;105909;700;1;11219387733;B
20240924;105909;700;1;11219387734;B
20240924;105909;700;1;11219387740;B
20240924;105909;700;1;11219387742;B
20240924;105909;700;1;11219387750;B
20240924;105909;700;1;11219387751;B
20240924;105931;699.8;10;11219390540;S
20240924;105934;700;1;11219390963;B
20240924;105947;700;1;11219392475;B
20240924;105948;700;3;11219392559;B
20240924;105951;699.8;8;11219392905;S
20240924;105951;699.8;40;11219392906;S
20240924;105951;699.8;16;11219392907;S
20240924;105951;699.6;79;11219392908;S
20240924;105958;700;78;11219393762;B
20240924;105958;700.4;40;11219393763;B
20240924;105958;700.8;14;11219393764;B
20240924;105958;701;19;11219393765;B
20240924;105958;701;2;11219393766;B
20240924;110012;701;8;11219395836;B
20240924;110012;701;1;11219395837;B
20240924;110012;699.8;1;11219395848;S
20240924;110013;699.8;1;11219395944;S
20240924;110044;700;12;11219400271;S
20240924;110044;699.6;21;11219400272;S
20240924;110044;699.6;1;11219400273;S
20240924;110044;699.6;40;11219400274;S
20240924;110044;699.4;1;11219400275;S
20240924;110044;699.4;20;11219400276;S
20240924;110044;699;30;11219400277;S
20240924;110044;699;100;11219400278;S
20240924;110044;699;75;11219400279;S
20240924;110044;699;5;11219400280;S
20240924;110044;698.8;29;11219400281;S
20240924;110044;698.6;100;11219400282;S
20240924;110044;698.2;1;11219400283;S
20240924;110044;698.2;5;11219400284;S
20240924;110044;698;20;11219400285;S
20240924;110044;698;1;11219400286;S
20240924;110044;698;24;11219400287;S
20240924;110044;698;15;11219400288;S
20240924;110044;698;85;11219400330;S
20240924;110044;698;1;11219400331;S
20240924;110044;698;1;11219400332;S
20240924;110044;698;135;11219400333;S
20240924;110044;698;40;11219400334;S
20240924;110044;697.8;1;11219400335;S
20240924;110045;697.6;1;11219400458;S
20240924;110045;697.2;1;11219400459;S
20240924;110045;697.2;18;11219400460;S
20240924;110045;697.6;2;11219400578;B
20240924;110047;697.8;6;11219400809;B
20240924;110048;697;2;11219400980;S
20240924;110048;697;5;11219400981;S
20240924;110055;697.2;20;11219401893;B
20240924;110057;698;20;11219402158;B
20240924;110115;697.6;9;11219405109;S
20240924;110115;697.4;1;11219405110;S
20240924;110128;697.2;20;11219406851;S
20240924;110128;697.2;25;11219406852;S
20240924;110139;698;1;11219408204;B
20240924;110155;697.2;20;11219410348;S
20240924;110155;697.2;7;11219410349;S
20240924;110155;697.2;40;11219410350;S
20240924;110155;697.2;15;11219410351;S
20240924;110155;697;11;11219410352;S
20240924;110155;697;2;11219410353;S
20240924;110155;696.8;3;11219410354;S
20240924;110155;696.8;1;11219410355;S
20240924;110155;696.8;5;11219410356;S
20240924;110155;696.6;14;11219410357;S
20240924;110155;696.6;1;11219410358;S
20240924;110155;696.4;4;11219410359;S
20240924;110155;696.4;1;11219410360;S
20240924;110155;696;1;11219410361;S
20240924;110155;696;150;11219410362;S
20240924;110155;696;173;11219410363;B
20240924;110155;696;11;11219410367;B
20240924;110156;696;41;11219410622;B
20240924;110156;696.4;15;11219410623;B
20240924;110208;697.8;3;11219412168;B
20240924;110225;697.8;1;11219414437;S
20240924;110236;697.8;118;11219415953;B
20240924;110236;697.8;40;11219415954;B
20240924;110236;697.8;20;11219416014;S
20240924;110250;698;20;11219418021;B
20240924;110253;697.8;10;11219418646;S
20240924;110259;697.8;6;11219419605;S
20240924;110303;698;20;11219420221;B
20240924;110316;698;9;11219422733;B
20240924;110316;698;10;11219422734;B
20240924;110316;698;10;11219422735;B
20240924;110316;698;4;11219422736;B
20240924;110425;698.6;1;11219432393;B
20240924;110427;698.6;1;11219432685;B
20240924;110431;698.6;1;11219433269;B
20240924;110431;698.8;1;11219433270;B
20240924;110431;698.8;5;11219433271;B
20240924;110449;698.2;3;11219435957;S
20240924;110449;698.2;2;11219435958;S
20240924;110520;698.8;7;11219440881;B
20240924;110520;699;3;11219440882;B
20240924;110546;699;93;11219444717;S
20240924;110554;699;10;11219445594;S
20240924;110557;699;72;11219446113;S
20240924;110605;699;54;11219447514;S
20240924;110610;699.2;40;11219449045;B
20240924;110610;699.2;9;11219449046;B
20240924;110613;699;36;11219449469;S
20240924;110645;699;1;11219456321;S
20240924;110645;699;5;11219456322;S
20240924;110716;698.2;8;11219466108;S
20240924;110820;698.2;2;11219484053;S
20240924;110820;698.2;1;11219484054;S
20240924;110820;698.2;2;11219484055;S
20240924;110821;698;1;11219484235;S
20240924;110821;698;16;11219484371;S
20240924;110821;698;1;11219484372;S
20240924;110821;698;1;11219484373;S
20240924;110821;698;70;11219484374;S
20240924;110821;698;2;11219484375;S
20240924;110821;698;10;11219484376;S
20240924;110826;697.4;10;11219486092;S
20240924;110826;697.2;48;11219486093;S
20240924;110856;697.2;6;11219493609;S
20240924;110900;697;1;11219495542;S
20240924;110916;697;19;11219499610;S
20240924;110916;697;40;11219499611;S
20240924;110916;697;4;11219499612;S
20240924;110916;696.8;20;11219499613;S
20240924;110916;696.8;52;11219499614;S
20240924;110916;696;1;11219499615;S
20240924;110916;696;4;11219499616;S
20240924;110916;695.8;10;11219499617;S
20240924;110916;695.4;1;11219499618;S
20240924;110916;695.4;20;11219499619;S
20240924;110916;695.2;1;11219499620;S
20240924;110916;695;12;11219499621;S
20240924;110916;695;25;11219499622;S
20240924;110916;695;25;11219499623;S
20240924;110916;695;1;11219499624;S
20240924;110916;695;5;11219499625;S
20240924;110916;695;5;11219499626;S
20240924;110916;695;1;11219499627;S
20240924;110916;698.2;11;11219499658;B
20240924;110917;695.4;2;11219499795;S
20240924;110917;695.4;7;11219499798;S
20240924;110917;695.4;5;11219499807;S
20240924;110917;695.4;26;11219499831;S
20240924;110917;695.2;10;11219499832;S
20240924;110917;695;40;11219499833;S
20240924;110917;695;30;11219499834;S
20240924;110923;694.6;20;11219501140;S
20240924;110924;694.2;20;11219501319;S
20240924;110924;694.2;14;11219501320;S
20240924;110924;694.2;10;11219501433;S
20240924;110943;694.2;1;11219504790;S
20240924;110943;694.2;1;11219504791;S
20240924;110943;694.2;20;11219504792;S
20240924;110943;694.2;3;11219504793;S
20240924;110947;694.2;5;11219505473;S
20240924;110953;694.6;40;11219507198;B
20240924;110953;694.6;40;11219507199;B
20240924;110954;694.8;3;11219507678;S
20240924;110954;695;194;11219507682;B
20240924;110955;695;25;11219507915;S
20240924;111008;694.4;5;11219512191;S
20240924;111008;694.2;1;11219512192;S
20240924;111008;694.2;19;11219512193;S
20240924;111021;694.4;8;11219515722;S
20240924;111021;694.4;17;11219515723;S
20240924;111025;695.6;5;11219516773;B
20240924;111034;694.2;1;11219518594;S
20240924;111034;694.2;5;11219518595;S
20240924;111034;694.2;11;11219518596;S
20240924;111034;694.2;8;11219518597;S
20240924;111035;694;40;11219518733;S
20240924;111036;694;40;11219518930;S
20240924;111036;694;20;11219518948;S
20240924;111036;694;30;11219518949;S
20240924;111037;694;10;11219518978;S
20240924;111037;693.4;10;11219518979;S
20240924;111037;693.4;10;11219518980;S
20240924;111037;693.2;20;11219518981;S
20240924;111037;693.4;3;11219519011;S
20240924;111045;694.2;3;11219520775;S
20240924;111045;693.8;17;11219520776;S
20240924;111046;693.2;4;11219520916;S
20240924;111047;693.2;1;11219521117;S
20240924;111047;693.2;20;11219521118;S
20240924;111047;693.2;4;11219521119;S
20240924;111048;693.2;2;11219521372;S
20240924;111048;693.2;38;11219521373;S
20240924;111049;693.2;1;11219521452;S
20240924;111049;693.2;39;11219521453;S
20240924;111050;693.2;1;11219521697;S
20240924;111050;693.2;2;11219521698;S
20240924;111050;693;2;11219521699;S
20240924;111050;693;20;11219521700;S
20240924;111050;693;50;11219521701;S
20240924;111050;692.8;25;11219521702;S
20240924;111051;692.8;15;11219521772;S
20240924;111051;692.8;20;11219521773;S
20240924;111051;692.8;5;11219521774;S
20240924;111051;692.8;40;11219521775;S
20240924;111051;692.6;5;11219521776;S
20240924;111051;692.4;8;11219521777;S
20240924;111051;692.4;207;11219521778;S
20240924;111051;692.4;171;11219521786;S
20240924;111051;692.2;69;11219521787;S
20240924;111051;693;2;11219521801;S
20240924;111051;693;38;11219521802;S
20240924;111051;692.4;1;11219521848;S
20240924;111051;692.4;2;11219521849;S
20240924;111051;693;40;11219521851;B
20240924;111051;693.2;20;11219521882;S
20240924;111051;693.2;240;11219521884;S
20240924;111051;692.4;25;11219521885;S
20240924;111051;692.2;31;11219521886;S
20240924;111051;692.2;2;11219521887;S
20240924;111051;692.2;2;11219521888;S
20240924;111051;692.2;313;11219521895;S
20240924;111051;692.2;20;11219521896;S
20240924;111052;692.6;10;11219521969;S
20240924;111052;692.2;30;11219521970;S
20240924;111052;692.2;15;11219521985;S
20240924;111052;692.2;2;11219521993;B
20240924;111052;692;1;11219522013;S
20240924;111052;692;1;11219522014;S
20240924;111052;692;1;11219522015;S
20240924;111052;692;5;11219522016;S
20240924;111052;692;152;11219522017;S
20240924;111052;692;100;11219522018;S
20240924;111052;692.2;15;11219522042;B
20240924;111052;692;100;11219522045;S
20240924;111053;692;300;11219522094;S
20240924;111053;692;20;11219522099;S
20240924;111053;692;100;11219522112;S
20240924;111053;692;100;11219522397;S
20240924;111053;692;1;11219522419;S
20240924;111053;692;100;11219522481;S
20240924;111054;692;527;11219522727;S
20240924;111054;692;50;11219522728;S
20240924;111054;692;10;11219522729;S
20240924;111054;692;1;11219522730;S
20240924;111054;692;10;11219522731;S
20240924;111054;692;5;11219522732;S
20240924;111054;692;20;11219522733;S
20240924;111054;691;1;11219522734;S
20240924;111054;691;25;11219522735;S
20240924;111054;690.8;1;11219522736;S
20240924;111054;690.6;20;11219522737;B
20240924;111054;690.6;7;11219522756;B
20240924;111055;690.6;58;11219522866;B
20240924;111059;690.8;1;11219523529;S
20240924;111059;690.6;20;11219523530;S
20240924;111059;690.6;20;11219523531;S
20240924;111059;690.4;398;11219523532;S
20240924;111059;690.4;142;11219523533;S
20240924;111059;690.2;1;11219523534;S
20240924;111059;690.2;47;11219523535;S
20240924;111059;690.2;1;11219523536;S
20240924;111059;690.2;300;11219523537;S
20240924;111059;690.2;1;11219523538;S
20240924;111059;690.2;30;11219523539;S
20240924;111059;690.2;5;11219523540;S
20240924;111059;690;1;11219523541;S
20240924;111059;690;12;11219523542;S
20240924;111059;690;1;11219523543;S
20240924;111059;690;25;11219523544;S
20240924;111059;690;1;11219523545;S
20240924;111059;690;70;11219523546;S
20240924;111059;690;1;11219523547;S
20240924;111059;690;3;11219523548;S
20240924;111059;690;2;11219523549;S
20240924;111059;690;15;11219523550;S
20240924;111059;690;1;11219523551;S
20240924;111059;690;5;11219523552;S
20240924;111059;690;397;11219523553;S
20240924;111059;690;3;11219523556;S
20240924;111100;693.8;10;11219523624;B
20240924;111100;693.4;142;11219523636;B
20240924;111100;693.6;50;11219523637;B
20240924;111100;693.8;8;11219523638;B
20240924;111100;690.2;10;11219523659;S
20240924;111100;690.2;15;11219523660;S
20240924;111100;690.2;5;11219523684;S
20240924;111104;690.6;1;11219524412;S
20240924;111104;690.6;5;11219524413;S
20240924;111105;690.6;45;11219524552;S
20240924;111105;690.6;8;11219524553;S
20240924;111105;690.4;15;11219524554;S
20240924;111105;690.4;20;11219524555;S
20240924;111105;690.2;12;11219524556;S
20240924;111106;690.2;100;11219524728;S
20240924;111107;690;100;11219524816;S
20240924;111107;690.4;1;11219524941;S
20240924;111109;690.4;39;11219525313;S
20240924;111112;690.4;32;11219525877;S
20240924;111112;690.4;20;11219525878;S
20240924;111112;690.4;12;11219525879;S
20240924;111112;690;36;11219525880;S
20240924;111112;690.2;2;11219525982;S
20240924;111112;690;64;11219525983;S
20240924;111112;690;34;11219525984;S
20240924;111113;690;25;11219526074;S
20240924;111113;690;100;11219526117;S
20240924;111114;690;100;11219526203;S
20240924;111114;690;100;11219526209;S
20240924;111114;690;100;11219526210;S
20240924;111114;690;1;11219526222;S
20240924;111115;690;40;11219526300;S
20240924;111115;690;67;11219526301;S
20240924;111115;690;23;11219526335;S
20240924;111115;690;20;11219526336;S
20240924;111115;690;44;11219526337;S
20240924;111115;690;1;11219526338;S
20240924;111115;690;2;11219526339;S
20240924;111115;690;10;11219526340;S
20240924;111115;690;25;11219526370;S
20240924;111115;690;40;11219526371;S
20240924;111115;690;35;11219526372;S
20240924;111115;690;100;11219526374;S
20240924;111115;690;25;11219526389;S
20240924;111115;690;80;11219526391;S
20240924;111115;690;60;11219526429;S
20240924;111115;690;10;11219526430;S
20240924;111116;689;7;11219526519;S
20240924;111116;689;2;11219526520;S
20240924;111116;689;20;11219526521;S
20240924;111116;688.8;1;11219526522;S
20240924;111116;688.6;43;11219526523;B
20240924;111116;688.4;4;11219526575;S
20240924;111116;688.6;3;11219526587;B
20240924;111116;688.6;1;11219526588;B
20240924;111116;688.6;7;11219526600;B
20240924;111116;688.6;16;11219526614;B
20240924;111116;689.6;100;11219526616;B
20240924;111116;689.8;1;11219526634;B
20240924;111117;690;1;11219526708;B
20240924;111117;689.2;20;11219526723;S
20240924;111117;688.4;96;11219526724;S
20240924;111117;688.2;2;11219526725;S
20240924;111117;688;50;11219526726;S
20240924;111117;688;1;11219526727;S
20240924;111117;688;11;11219526728;S
20240924;111117;688;4;11219526729;S
20240924;111117;688;30;11219526730;S
20240924;111117;688;100;11219526731;S
20240924;111117;687.8;1;11219526732;S
20240924;111117;687.6;10;11219526733;S
20240924;111117;687.4;1;11219526734;S
20240924;111117;687.4;1;11219526735;S
20240924;111117;686.6;10;11219526736;S
20240924;111117;686.4;50;11219526737;S
20240924;111117;686.4;20;11219526738;S
20240924;111117;686.4;2;11219526739;S
20240924;111117;686;10;11219526740;S
20240924;111117;686;1;11219526741;S
20240924;111117;686;142;11219526742;S
20240924;111117;685.8;5;11219526743;S
20240924;111117;685.4;100;11219526744;S
20240924;111117;685.2;200;11219526745;S
20240924;111117;685;12;11219526746;S
20240924;111117;685;25;11219526747;S
20240924;111117;685;29;11219526748;S
20240924;111117;685;20;11219526749;S
20240924;111117;685;1;11219526750;S
20240924;111117;685;46;11219526751;S
20240924;111117;690.6;20;11219526764;S
20240924;111117;692.4;20;11219526768;B
20240924;111117;690.6;130;11219526788;S
20240924;111117;686.4;20;11219526789;S
20240924;111117;686.2;142;11219526790;S
20240924;111117;686;211;11219526791;S
20240924;111117;686.6;142;11219526793;S
20240924;111117;686;11;11219526794;S
20240924;111117;685.4;41;11219526795;S
20240924;111117;685.2;116;11219526796;S
20240924;111117;685.4;14;11219526798;S
20240924;111117;685.4;9;11219526800;S
20240924;111117;688.2;8;11219526805;S
20240924;111117;688.2;7;11219526806;S
20240924;111117;685.4;35;11219526807;S
20240924;111117;685.4;2;11219526808;S
20240924;111117;685.4;3;11219526809;B
20240924;111117;685.4;500;11219526814;B
20240924;111117;685.4;3;11219526815;B
20240924;111117;685.4;17;11219526816;B
20240924;111117;692;30;11219526819;B
20240924;111117;688;5;11219526820;S
20240924;111117;692;25;11219526877;B
20240924;111118;690.6;7;11219526914;S
20240924;111118;688;15;11219526915;S
20240924;111118;686.2;55;11219526916;S
20240924;111118;686;65;11219526917;S
20240924;111118;686;141;11219526927;S
20240924;111118;686;7;11219526931;S
20240924;111118;686.2;100;11219526961;S
20240924;111118;686;18;11219526962;S
20240924;111118;685.4;3;11219526963;S
20240924;111118;685.2;14;11219526964;S
20240924;111118;688;2;11219527026;S
20240924;111118;687;23;11219527027;S
20240924;111119;688.6;40;11219527264;B
20240924;111120;688.6;30;11219527298;B
20240924;111120;688.6;20;11219527356;B
20240924;111120;688.6;100;11219527369;B
20240924;111120;688.6;10;11219527370;B
20240924;111125;689.2;3;11219528314;S
20240924;111126;689.2;20;11219528369;B
20240924;111126;689;25;11219528379;S
20240924;111127;689.2;100;11219528698;B
20240924;111127;689.2;99;11219528741;B
20240924;111129;689.2;1;11219528963;S
20240924;111129;689.2;1;11219528964;S
20240924;111129;689.2;10;11219528965;S
20240924;111129;689;5;11219529087;S
20240924;111130;688.6;20;11219529168;S
20240924;111130;688.6;5;11219529169;S
20240924;111133;688.8;46;11219529663;B
20240924;111134;689.6;12;11219530064;B
20240924;111136;689.2;10;11219530275;S
20240924;111139;689.6;20;11219530730;S
20240924;111139;689.6;5;11219530731;S
20240924;111142;690;100;11219531382;S
20240924;111147;690.2;40;11219532252;S
20240924;111152;690.8;25;11219532943;S
20240924;111155;691.6;1;11219533486;B
20240924;111155;691.8;9;11219533487;B
20240924;111155;691.8;14;11219533488;B
20240924;111155;692;40;11219533489;B
20240924;111155;692.4;95;11219533490;B
20240924;111155;693.6;50;11219533491;B
20240924;111155;693.8;50;11219533492;B
20240924;111155;694;15;11219533493;B
20240924;111155;694.2;126;11219533494;B
20240924;111201;693;55;11219534276;S
20240924;111202;692.8;100;11219534460;S
20240924;111202;692.8;5;11219534463;S
20240924;111205;692.4;6;11219534795;S
20240924;111205;692.2;19;11219534796;S
20240924;111205;692.2;6;11219534800;S
20240924;111205;692.2;4;11219534801;S
20240924;111205;692.2;10;11219534813;S
20240924;111206;692.8;2;11219534937;S
20240924;111207;692.8;1;11219535054;B
20240924;111216;692;10;11219536361;S
20240924;111217;692;10;11219536448;S
20240924;111217;692;28;11219536488;S
20240924;111217;692;22;11219536489;S
20240924;111217;691.6;13;11219536556;S
20240924;111217;691.6;6;11219536557;S
20240924;111217;691.4;6;11219536558;S
20240924;111218;692.6;1;11219536770;B
20240924;111219;691.4;5;11219536940;S
20240924;111229;691.4;5;11219538243;S
20240924;111230;691.4;5;11219538257;S
20240924;111230;692.2;1;11219538271;S
20240924;111230;691.6;10;11219538298;S
20240924;111230;691.6;4;11219538299;S
20240924;111230;691.4;11;11219538300;S
20240924;111231;691.4;5;11219538342;S
20240924;111234;691.4;1;11219538802;S
20240924;111238;691.4;3;11219539347;S
20240924;111238;691;2;11219539348;S
20240924;111243;690.6;2;11219540042;S
20240924;111243;690.6;23;11219540043;S
20240924;111249;690.8;20;11219540695;B
20240924;111250;690.8;2;11219540890;B
20240924;111255;690.8;3;11219541478;B
20240924;111255;690.8;17;11219541479;B
20240924;111256;690.6;3;11219541683;S
20240924;111256;690.6;25;11219541730;S
20240924;111303;690.8;8;11219542617;B
20240924;111303;690.8;6;11219542618;B
20240924;111306;690.6;35;11219542980;S
20240924;111306;690.6;1;11219542981;S
20240924;111306;690.6;1;11219542982;S
20240924;111306;690.6;1;11219542983;S
20240924;111306;690.6;36;11219543081;B
20240924;111309;690.4;2;11219543381;S
20240924;111309;690.4;23;11219543382;S
20240924;111312;690.6;26;11219543657;B
20240924;111312;690.6;17;11219543658;B
20240924;111314;690.6;5;11219543888;B
20240924;111317;690.6;3;11219544251;B
20240924;111317;690.6;47;11219544252;B
20240924;111319;690.6;3;11219544885;B
20240924;111319;690.6;2;11219544886;B
20240924;111322;690.6;15;11219545221;S
20240924;111322;690.6;10;11219545222;S
20240924;111323;690.8;19;11219545353;B
20240924;111323;690.8;1;11219545354;B
20240924;111329;690.6;1;11219546184;S
20240924;111331;690.8;1;11219546335;B
20240924;111332;690.8;8;11219546558;B
20240924;111332;691;8;11219546559;B
20240924;111332;691.4;3;11219546560;B
20240924;111332;691.6;200;11219546561;B
20240924;111332;691.8;130;11219546562;B
20240924;111332;692;300;11219546563;B
20240924;111334;691;7;11219546732;S
20240924;111335;691;14;11219546888;S
20240924;111335;690.8;11;11219546889;S
20240924;111340;692.2;5;11219547496;B
20240924;111348;690.8;25;11219548540;S
20240924;111401;691;5;11219549966;S
20240924;111401;690.8;20;11219549967;S
20240924;111407;691.4;20;11219550634;B
20240924;111410;690.8;2;11219550943;S
20240924;111412;690.6;89;11219551176;S
20240924;111412;690.6;1;11219551177;S
20240924;111414;690.6;1;11219551407;S
20240924;111414;690.6;1;11219551408;S
20240924;111414;690.6;2;11219551409;S
20240924;111414;690.4;21;11219551410;S
20240924;111418;690.6;4;11219551835;B
20240924;111427;690.4;25;11219552846;S
20240924;111432;690.4;1;11219553441;S
20240924;111433;690.6;3;11219553559;B
20240924;111436;690.6;13;11219554019;B
20240924;111439;690.6;5;11219554209;S
20240924;111439;690.6;25;11219554268;S
20240924;111448;690.6;8;11219555496;S
20240924;111452;690.6;25;11219556261;S
20240924;111500;691;1;11219557565;B
20240924;111503;691;6;11219558340;B
20240924;111505;690.6;25;11219558717;S
20240924;111507;690.6;44;11219558932;S
20240924;111507;690.6;1;11219558933;S
20240924;111507;690.6;11;11219558934;S
20240924;111514;690.8;5;11219559919;B
20240924;111518;690.6;11;11219560434;S
20240924;111518;690.4;14;11219560435;S
20240924;111531;690.4;16;11219562509;S
20240924;111531;690.4;2;11219562510;S
20240924;111531;690.4;7;11219562511;S
20240924;111544;690.8;7;11219564387;S
20240924;111544;690.6;18;11219564388;S
20240924;111554;691;10;11219566226;B
20240924;111554;691.2;1;11219566238;B
20240924;111554;691.2;5;11219566239;B
20240924;111556;691.2;6;11219566503;B
20240924;111557;691;7;11219566829;S
20240924;111557;690.8;18;11219566830;S
20240924;111603;691.2;3;11219567992;B
20240924;111603;691.4;16;11219567993;B
20240924;111607;691;7;11219568908;S
20240924;111607;690.8;1;11219568909;S
20240924;111607;690.8;1;11219568910;S
20240924;111610;691.2;20;11219569612;S
20240924;111610;691.2;5;11219569613;S
20240924;111623;690.8;6;11219571801;S
20240924;111623;690.6;19;11219571802;S
20240924;111630;690.6;5;11219572858;S
20240924;111630;690.6;1;11219572859;S
20240924;111636;690.6;25;11219573517;S
20240924;111639;690.8;500;11219573829;B
20240924;111639;690.8;40;11219573830;B
20240924;111639;691;32;11219573831;B
20240924;111639;691.2;1000;11219573832;B
20240924;111642;691.2;4;11219574259;S
20240924;111649;691;25;11219575422;S
20240924;111658;691.2;1;11219576874;B
20240924;111658;691.2;1;11219576875;B
20240924;111701;691.4;1;11219577284;S
20240924;111701;691.4;25;11219577403;S
20240924;111714;691.6;10;11219579185;S
20240924;111714;691.4;15;11219579186;S
20240924;111715;691.6;2;11219579334;S
20240924;111718;691.6;5;11219579704;B
20240924;111727;691.2;25;11219580872;S
20240924;111728;691.6;13;11219580938;B
20240924;111728;691.6;50;11219580939;B
20240924;111728;691.6;50;11219580940;B
20240924;111732;691.8;20;11219581548;B
20240924;111732;692;5;11219581549;B
20240924;111732;692;24;11219581550;B
20240924;111732;692.2;20;11219581551;B
20240924;111732;692.2;4;11219581552;B
20240924;111735;692.2;1;11219581924;S
20240924;111735;692.2;8;11219581969;S
20240924;111740;692.2;16;11219582400;S
20240924;111740;692;9;11219582401;S
20240924;111753;692;25;11219584436;S
20240924;111803;692.4;3;11219585909;B
20240924;111806;692.2;7;11219586333;S
20240924;111806;692;16;11219586334;S
20240924;111806;692;2;11219586335;S
20240924;111806;692.4;17;11219586368;B
20240924;111806;692.4;10;11219586369;B
20240924;111806;692.4;10;11219586370;B
20240924;111806;692.6;163;11219586371;B
20240924;111816;692.4;3;11219587961;S
20240924;111819;692.4;25;11219588289;S
20240924;111825;692.6;37;11219589050;B
20240924;111825;692.6;50;11219589051;B
20240924;111825;692.6;5;11219589052;B
20240924;111825;692.6;5;11219589053;B
20240924;111826;692.8;6;11219589218;B
20240924;111827;692.6;4;11219589469;S
20240924;111827;692.8;14;11219589471;B
20240924;111827;693;20;11219589472;B
20240924;111827;693;23;11219589473;B
20240924;111827;693.2;20;11219589474;B
20240924;111827;693.4;5;11219589475;B
20240924;111827;693.6;15;11219589476;B
20240924;111827;693.6;3;11219589477;B
20240924;111828;693.4;30;11219589919;B
20240924;111828;693.6;15;11219589920;B
20240924;111828;693.8;15;11219589921;B
20240924;111828;693.8;40;11219589922;B
20240924;111828;694;4;11219589923;B
20240924;111828;694;5;11219589924;B
20240924;111828;694;1;11219589925;B
20240924;111828;694;153;11219589926;B
20240924;111829;693.6;10;11219590083;B
20240924;111832;693.2;20;11219590359;S
20240924;111832;693.2;5;11219590360;S
20240924;111834;693.2;10;11219590580;S
20240924;111835;693.2;5;11219590601;S
20240924;111835;693.2;14;11219590602;S
20240924;111845;693;20;11219591977;S
20240924;111845;693;5;11219591978;S
20240924;111846;693;1;11219592046;B
20240924;111846;693.2;4;11219592047;B
20240924;111858;692.8;25;11219594069;S
20240924;111858;692.8;25;11219594071;S
20240924;111901;693;30;11219594437;B
20240924;111905;693;1;11219595215;B
20240924;111907;692.8;1;11219595433;S
20240924;111911;692.8;25;11219595893;S
20240924;111912;692.8;25;11219596136;S
20240924;111914;692.8;25;11219596269;S
20240924;111914;693;5;11219596285;B
20240924;111914;693;100;11219596296;B
20240924;111923;692.8;1;11219597482;S
20240924;111923;692.6;24;11219597483;S
20240924;111930;693;114;11219598546;B
20240924;111930;693;16;11219598547;B
20240924;111935;693;4;11219599147;B
20240924;111935;693;1;11219599148;B
20240924;111936;692.8;17;11219599304;S
20240924;111936;692.8;8;11219599305;S
20240924;111945;692.8;1;11219600346;S
20240924;111949;692.8;14;11219600899;S
20240924;111949;692.8;11;11219600900;S
20240924;111953;692.8;1;11219601839;S
20240924;111956;692.8;1;11219602417;S
20240924;111959;693;5;11219602834;B
20240924;112002;692.8;25;11219603409;S
20240924;112015;692.8;23;11219605281;S
20240924;112015;692.8;2;11219605282;S
20240924;112021;692.8;2;11219606070;S
20240924;112022;692.8;33;11219606157;S
20240924;112022;692.8;12;11219606158;S
20240924;112022;692.8;5;11219606159;S
20240924;112023;692.8;45;11219606407;S
20240924;112028;692.6;10;11219607043;S
20240924;112028;692.6;11;11219607044;S
20240924;112028;692.6;4;11219607045;S
20240924;112028;692.6;1;11219607116;S
20240924;112032;692.6;4;11219607659;S
20240924;112039;692.8;5;11219608909;B
20240924;112039;692.8;1;11219608910;B
20240924;112039;692.8;10;11219608911;B
20240924;112039;692.8;4;11219608912;B
20240924;112041;692.6;9;11219609150;S
20240924;112041;692.6;10;11219609151;S
20240924;112041;692.4;6;11219609152;S
20240924;112049;692.8;84;11219610471;B
20240924;112050;693;1;11219610630;B
20240924;112054;692.8;25;11219611225;S
20240924;112057;693;18;11219611574;B
20240924;112057;693;1;11219611575;B
20240924;112057;693;1;11219611576;B
20240924;112057;693;1;11219611577;B
20240924;112105;693.2;16;11219612616;B
20240924;112105;693.2;25;11219612617;B
20240924;112105;693.6;9;11219612618;B
20240924;112106;693.6;31;11219612752;B
20240924;112106;693.6;20;11219612753;B
20240924;112106;693.8;5;11219612754;B
20240924;112106;693.8;7;11219612755;B
20240924;112106;694;10;11219612756;B
20240924;112106;694;20;11219612757;B
20240924;112106;694;10;11219612758;B
20240924;112106;694;10;11219612759;B
20240924;112106;694;10;11219612760;B
20240924;112106;694;25;11219612761;B
20240924;112106;694;242;11219612762;B
20240924;112107;693.6;1;11219612856;S
20240924;112107;693.2;24;11219612857;S
20240924;112111;693;2;11219613912;S
20240924;112120;693.2;5;11219616052;S
20240924;112120;693.2;20;11219616053;S
20240924;112133;693.2;5;11219618303;S
20240924;112133;693;20;11219618304;S
20240924;112139;693.6;2;11219619328;B
20240924;112145;693;25;11219620529;S
20240924;112155;693.6;1;11219621540;B
20240924;112155;693.6;5;11219621541;B
20240924;112155;693.8;25;11219621542;B
20240924;112155;693.8;5;11219621543;B
20240924;112155;693.8;16;11219621544;B
20240924;112155;694;3;11219621545;B
20240924;112155;694;50;11219621546;B
20240924;112155;694;50;11219621547;B
20240924;112155;694;40;11219621548;B
20240924;112155;694.2;10;11219621549;B
20240924;112155;694.2;250;11219621550;B
20240924;112157;694.4;20;11219621663;B
20240924;112157;694.4;1;11219621664;B
20240924;112157;694.4;7;11219621665;B
20240924;112157;694.6;10;11219621666;B
20240924;112157;694.6;50;11219621667;B
20240924;112157;694.6;50;11219621668;B
20240924;112157;694.6;15;11219621669;B
20240924;112157;694.6;40;11219621670;B
20240924;112158;693.8;20;11219621824;S
20240924;112158;693.8;5;11219621825;S
20240924;112200;693.6;7;11219622016;B
20240924;112200;694.2;5;11219622031;B
20240924;112200;694.4;11;11219622032;B
20240924;112200;694.4;39;11219622033;B
20240924;112207;694.4;20;11219622761;S
20240924;112211;694;10;11219623251;S
20240924;112211;694;8;11219623252;S
20240924;112211;693.8;5;11219623253;S
20240924;112211;693.8;2;11219623254;S
20240924;112212;694.4;3;11219623347;B
20240924;112215;694;30;11219623600;B
20240924;112218;694;20;11219623897;B
20240924;112219;694.4;22;11219623950;B
20240924;112219;694.4;7;11219623951;B
20240924;112219;694.6;20;11219623952;B
20240924;112219;694.6;40;11219623953;B
20240924;112219;694.6;56;11219623954;B
20240924;112221;694.6;21;11219624099;S
20240924;112223;694.6;50;11219624400;S
20240924;112224;694.6;19;11219624504;S
20240924;112224;694.4;6;11219624505;S
20240924;112226;693.8;3;11219624678;S
20240924;112226;693.8;5;11219624679;S
20240924;112237;693.8;15;11219626145;S
20240924;112237;693.8;10;11219626146;S
20240924;112250;694;25;11219628020;S
20240924;112251;694;40;11219628115;S
20240924;112251;694;13;11219628116;S
20240924;112251;694;40;11219628117;S
20240924;112251;693.8;3;11219628118;S
20240924;112251;693.8;2;11219628119;S
20240924;112251;693.6;1;11219628120;S
20240924;112251;693.4;3;11219628121;S
20240924;112251;693.4;25;11219628122;S
20240924;112251;693.4;50;11219628123;S
20240924;112251;693.4;308;11219628124;S
20240924;112251;693.2;30;11219628125;S
20240924;112251;693.2;12;11219628126;S
20240924;112251;693.2;50;11219628127;S
20240924;112251;693.2;71;11219628128;S
20240924;112303;693.2;18;11219630030;S
20240924;112303;693.2;7;11219630031;S
20240924;112316;693;2;11219633001;S
20240924;112316;693;7;11219633002;S
20240924;112316;693;10;11219633003;S
20240924;112316;693;6;11219633004;S
20240924;112322;693.4;2;11219633759;B
20240924;112322;693.6;11;11219633760;B
20240924;112322;693.8;5;11219633761;B
20240924;112322;693.8;50;11219633762;B
20240924;112322;694;8;11219633763;B
20240924;112322;694.2;5;11219633764;B
20240924;112322;694.2;50;11219633765;B
20240924;112322;694.2;104;11219633766;B
20240924;112322;694.4;5;11219633767;B
20240924;112322;694.4;50;11219633768;B
20240924;112322;694.4;5;11219633769;B
20240924;112326;694.4;2;11219634326;S
20240924;112329;694.4;25;11219634638;S
20240924;112337;694.6;5;11219635708;B
20240924;112337;694.6;40;11219635709;B
20240924;112337;694.8;142;11219635710;B
20240924;112337;694.8;398;11219635711;B
20240924;112337;694.8;12;11219635712;B
20240924;112337;695;12;11219635713;B
20240924;112337;695;23;11219635714;B
20240924;112338;694.6;10;11219635869;B
20240924;112342;693.6;5;11219636394;S
20240924;112342;693.6;20;11219636395;S
20240924;112355;693.6;20;11219638089;S
20240924;112355;693.6;5;11219638090;S
20240924;112407;694.4;1;11219639716;B
20240924;112407;693.6;12;11219639826;S
20240924;112407;693.6;13;11219639827;S
20240924;112420;693.6;1;11219641224;S
20240924;112420;693.6;24;11219641225;S
20240924;112433;693.6;16;11219642753;S
20240924;112433;693.6;2;11219642754;S
20240924;112433;693.4;5;11219642755;S
20240924;112433;693.4;2;11219642756;S
20240924;112446;693.2;25;11219644657;S
20240924;112459;693.2;10;11219646402;S
20240924;112459;693.2;15;11219646403;S
20240924;112512;693.2;13;11219648022;S
20240924;112512;693.2;11;11219648023;S
20240924;112512;693.2;1;11219648024;S
20240924;112521;693.2;1;11219649158;S
20240924;112525;693.2;3;11219649630;S
20240924;112525;693;5;11219649631;S
20240924;112525;693;5;11219649632;S
20240924;112525;693;1;11219649633;S
20240924;112525;693;5;11219649634;S
20240924;112525;693;5;11219649635;S
20240924;112525;693;1;11219649636;S
20240924;112535;693.8;5;11219651023;B
20240924;112535;693.8;10;11219651024;B
20240924;112538;693;1;11219651317;S
20240924;112538;693;9;11219651318;S
20240924;112538;693;5;11219651319;S
20240924;112538;692.8;10;11219651320;S
20240924;112551;692.8;25;11219652976;S
20240924;112604;692.8;1;11219654878;S
20240924;112604;692.8;10;11219654879;S
20240924;112604;692.8;9;11219654880;S
20240924;112604;692.6;5;11219654881;S
20240924;112616;693.2;3;11219657598;S
20240924;112617;693.2;22;11219657746;S
20240924;112617;693;3;11219657747;S
20240924;112629;692.8;13;11219659383;S
20240924;112629;692.6;12;11219659384;S
20240924;112640;693.4;100;11219660502;B
20240924;112642;693;25;11219660828;S
20240924;112651;693.6;6;11219662070;B
20240924;112655;693;13;11219662634;S
20240924;112655;692.8;12;11219662635;S
20240924;112701;693.6;19;11219663476;B
20240924;112701;693.8;5;11219663477;B
20240924;112701;693.8;13;11219663478;B
20240924;112701;693.8;40;11219663479;B
20240924;112701;694;10;11219663480;B
20240924;112701;694;5;11219663481;B
20240924;112701;694;5;11219663482;B
20240924;112701;694;5;11219663483;B
20240924;112701;694;1;11219663484;B
20240924;112701;694;1;11219663485;B
20240924;112701;694;3;11219663486;B
20240924;112701;694.2;50;11219663487;B
20240924;112701;694.2;5;11219663488;B
20240924;112701;694.2;5;11219663489;B
20240924;112701;694.2;33;11219663490;B
20240924;112709;693.6;1;11219664952;S
20240924;112709;693.6;3;11219664953;S
20240924;112709;693.6;5;11219664954;S
20240924;112709;693.6;5;11219664955;S
20240924;112709;693.6;5;11219664956;S
20240924;112709;693.6;5;11219664957;S
20240924;112709;693.4;1;11219664958;S
20240924;112720;693.4;1;11219666518;S
20240924;112721;693.4;24;11219666627;S
20240924;112721;693.4;1;11219666628;S
20240924;112734;693.4;4;11219668501;S
20240924;112734;693.4;5;11219668502;S
20240924;112734;693.2;16;11219668503;S
20240924;112742;693.8;1;11219669541;B
20240924;112742;693.8;2;11219669542;B
20240924;112747;693.2;7;11219670214;S
20240924;112747;693;18;11219670215;S
20240924;112752;692.8;128;11219670781;S
20240924;112752;692.8;24;11219670782;S
20240924;112754;692.6;8;11219671011;S
20240924;112754;692.6;53;11219671012;S
20240924;112754;692.6;1;11219671013;S
20240924;112755;692.6;6;11219671133;B
20240924;112800;692.6;25;11219671594;S
20240924;112800;693.6;14;11219671597;B
20240924;112800;693.6;20;11219671598;B
20240924;112800;693.6;40;11219671599;B
20240924;112800;693.8;25;11219671600;B
20240924;112800;694;1;11219671601;B
20240924;112800;694;5;11219671602;B
20240924;112800;694;5;11219671603;B
20240924;112800;694;20;11219671604;B
20240924;112800;694;5;11219671605;B
20240924;112800;694;5;11219671606;B
20240924;112800;694;60;11219671607;B
20240924;112813;693.2;5;11219672989;S
20240924;112813;693.2;5;11219672990;S
20240924;112813;693;5;11219672991;S
20240924;112813;693;5;11219672992;S
20240924;112813;693;5;11219672993;S
20240924;112826;693;5;11219674379;S
20240924;112826;693;1;11219674380;S
20240924;112826;693;19;11219674381;S
20240924;112839;693.2;5;11219675797;S
20240924;112839;693.2;5;11219675798;S
20240924;112839;693;1;11219675799;S
20240924;112839;693;14;11219675800;S
20240924;112851;692.8;25;11219677803;S
20240924;112855;693.4;1;11219678543;B
20240924;112855;693.4;29;11219678544;B
20240924;112902;693.4;1;11219679314;B
20240924;112904;692.8;25;11219679515;S
20240924;112909;693.4;2;11219679938;B
20240924;112917;692.8;25;11219682064;S
20240924;112930;693;25;11219683259;S
20240924;112932;692.8;50;11219683398;S
20240924;112939;693.2;5;11219684300;B
20240924;112939;693.2;5;11219684301;B
20240924;112943;693;5;11219684710;S
20240924;112943;692.8;20;11219684711;S
20240924;112956;692.8;25;11219686147;S
20240924;113009;692.8;25;11219687678;S
20240924;113009;693.2;1;11219687691;B
20240924;113022;692.8;5;11219689115;S
20240924;113022;692.8;1;11219689116;S
20240924;113022;692.6;19;11219689117;S
20240924;113025;692.6;6;11219689489;S
20240924;113025;692.6;1;11219689490;S
20240924;113025;692.6;14;11219689491;S
20240924;113025;692.4;94;11219689492;S
20240924;113025;692.4;1;11219689493;S
20240924;113025;692.4;2;11219689494;S
20240924;113033;692.6;12;11219690306;S
20240924;113033;692.4;8;11219690307;S
20240924;113035;692.2;25;11219690412;S
20240924;113048;692.2;25;11219691572;S
20240924;113101;692;8;11219692663;S
20240924;113101;692;17;11219692664;S
20240924;113110;692;9;11219693416;S
20240924;113113;692;25;11219693703;S
20240924;113115;692.6;11;11219693833;B
20240924;113126;692.6;1;11219694848;B
20240924;113126;692.2;10;11219694892;S
20240924;113126;692;15;11219694893;S
20240924;113129;692;25;11219695202;S
20240924;113139;692;25;11219696027;S
20240924;113140;692;40;11219696119;S
20240924;113142;692;44;11219696305;S
20240924;113142;692;2;11219696306;S
20240924;113142;692;4;11219696307;S
20240924;113142;692;26;11219696339;S
20240924;113142;692;1;11219696340;S
20240924;113142;692;1;11219696341;S
20240924;113142;692;1;11219696342;S
20240924;113142;692;10;11219696343;S
20240924;113143;691.8;5;11219696397;S
20240924;113144;692;10;11219696509;B
20240924;113146;691.8;15;11219696788;S
20240924;113146;691.6;35;11219696789;S
20240924;113147;691.6;1;11219696925;S
20240924;113148;691.6;50;11219696937;S
20240924;113148;691.6;50;11219696973;S
20240924;113148;691.6;50;11219696975;S
20240924;113149;691.6;50;11219697272;S
20240924;113149;691.6;50;11219697364;S
20240924;113150;691.6;11;11219697523;S
20240924;113151;691.6;15;11219697632;S
20240924;113151;691.6;15;11219697661;S
20240924;113152;691.6;50;11219697716;S
20240924;113152;691.6;50;11219697733;S
20240924;113152;691.6;25;11219697740;S
20240924;113152;691.6;50;11219697773;S
20240924;113153;691.6;50;11219697796;S
20240924;113153;691.6;50;11219697844;S
20240924;113153;691.6;25;11219697892;S
20240924;113153;691.8;1;11219697893;B
20240924;113153;691.8;1;11219697894;B
20240924;113153;691.8;1;11219697895;B
20240924;113153;691.8;10;11219697896;B
20240924;113153;691.8;10;11219697897;S
20240924;113153;691.6;90;11219697898;S
20240924;113153;691.6;100;11219698012;S
20240924;113154;691.6;50;11219698173;S
20240924;113154;691.6;25;11219698188;S
20240924;113155;691.6;1;11219698436;S
20240924;113155;691.6;40;11219698461;S
20240924;113155;691.6;154;11219698462;S
20240924;113200;691.4;12;11219699224;B
20240924;113201;691.4;13;11219699428;B
20240924;113201;691.4;36;11219699429;B
20240924;113205;691.4;20;11219699889;S
20240924;113205;691.2;5;11219699890;S
20240924;113206;691.8;1;11219700011;B
20240924;113209;691.2;50;11219700353;S
20240924;113213;691.8;5;11219700809;B
20240924;113218;691.2;25;11219701548;S
20240924;113220;691.2;10;11219701930;S
20240924;113222;691.6;1;11219702114;B
20240924;113226;691.2;200;11219702679;S
20240924;113230;691.2;24;11219703076;S
20240924;113231;691;25;11219703146;S
20240924;113232;691;100;11219703370;S
20240924;113233;691;16;11219703438;S
20240924;113233;691;261;11219703440;S
20240924;113233;691;150;11219703441;S
20240924;113233;691;30;11219703442;S
20240924;113233;691;10;11219703443;S
20240924;113233;691;1;11219703444;S
20240924;113233;691;19;11219703445;S
20240924;113233;690.8;50;11219703536;B
20240924;113233;690.8;40;11219703537;B
20240924;113233;691;10;11219703538;B
20240924;113233;690.6;100;11219703574;S
20240924;113235;690.6;100;11219703795;S
20240924;113236;690.6;50;11219703890;S
20240924;113236;690.6;100;11219703996;S
20240924;113237;690.6;25;11219704132;S
20240924;113237;690.6;100;11219704134;S
20240924;113237;690.8;25;11219704142;B
20240924;113237;690.8;11;11219704143;B
20240924;113237;690.6;15;11219704198;S
20240924;113237;690.6;50;11219704204;S
20240924;113238;690.6;50;11219704278;S
20240924;113238;690.6;100;11219704335;S
20240924;113239;690.6;50;11219704352;S
20240924;113239;690.6;100;11219704414;S
20240924;113239;690.6;45;11219704415;S
20240924;113239;690.6;1;11219704416;S
20240924;113239;690.6;1;11219704417;S
20240924;113239;690.4;10;11219704420;S
20240924;113239;690.2;1;11219704421;S
20240924;113239;690.2;4;11219704422;S
20240924;113239;690.2;5;11219704423;S
20240924;113244;690.2;25;11219705107;S
20240924;113246;690.2;20;11219705323;S
20240924;113247;690;20;11219705461;S
20240924;113248;690;2;11219705583;S
20240924;113248;690;28;11219705626;S
20240924;113248;690;2;11219705627;S
20240924;113248;690;10;11219705628;S
20240924;113248;690;30;11219705629;S
20240924;113248;690;30;11219705630;S
20240924;113248;690;20;11219705633;S
20240924;113249;690;10;11219705722;S
20240924;113249;690;20;11219705724;S
20240924;113249;690;10;11219705769;S
20240924;113249;690;110;11219705776;S
20240924;113249;690;10;11219705777;S
20240924;113249;690;6;11219705778;S
20240924;113249;690;3;11219705779;S
20240924;113249;690;23;11219705780;S
20240924;113249;690;2;11219705781;S
20240924;113249;690;10;11219705782;S
20240924;113249;690;1;11219705783;S
20240924;113249;689.8;10;11219705795;S
20240924;113249;689.8;10;11219705816;S
20240924;113249;689.2;1;11219705817;S
20240924;113249;689.2;24;11219705818;S
20240924;113249;689.2;10;11219705831;S
20240924;113250;689.2;10;11219705841;S
20240924;113257;689.2;25;11219706852;S
20240924;113309;689.8;6;11219708140;S
20240924;113310;689.8;25;11219708176;S
20240924;113312;689.8;1;11219708387;S
20240924;113314;689.8;11;11219708560;S
20240924;113314;689.8;1;11219708606;S
20240924;113316;689.8;6;11219708905;S
20240924;113316;689.8;1;11219708906;S
20240924;113316;689.6;26;11219708907;S
20240924;113316;689.6;50;11219708908;S
20240924;113316;689.6;25;11219708909;S
20240924;113316;689.6;25;11219708910;S
20240924;113316;689.6;28;11219708911;S
20240924;113316;689.4;100;11219708912;S
20240924;113316;689.2;31;11219708913;S
20240924;113316;689;30;11219708914;S
20240924;113316;689;1;11219708915;S
20240924;113316;689;10;11219708916;S
20240924;113320;688.8;1;11219709437;S
20240924;113321;688.8;1;11219709594;S
20240924;113322;689;54;11219709657;B
20240924;113322;689;20;11219709679;B
20240924;113323;688.8;2;11219709697;S
20240924;113323;688.8;23;11219709698;S
20240924;113324;689;100;11219709831;B
20240924;113329;689;20;11219710435;B
20240924;113330;689;73;11219710587;B
20240924;113335;689.6;25;11219711216;S
20240924;113340;689.8;1;11219711700;B
20240924;113340;689.8;1;11219711701;B
20240924;113345;690;1;11219712771;B
20240924;113348;690.2;8;11219713054;B
20240924;113348;690;25;11219713068;S
20240924;113349;690.4;1;11219713126;B
20240924;113349;690.4;74;11219713127;B
20240924;113349;690.4;11;11219713136;B
20240924;113349;690.4;10;11219713180;B
20240924;113349;690.6;9;11219713181;B
20240924;113349;690.6;31;11219713182;B
20240924;113401;690.8;25;11219714405;S
20240924;113405;690.6;12;11219715269;S
20240924;113405;690.6;13;11219715362;S
20240924;113405;690.4;10;11219715363;S
20240924;113405;690.4;20;11219715390;S
20240924;113407;690.4;15;11219715640;S
20240924;113407;690.4;25;11219715682;S
20240924;113408;690.4;20;11219715693;S
20240924;113408;690.4;5;11219715694;S
20240924;113412;690;27;11219716478;S
20240924;113412;690;1;11219716479;S
20240924;113414;689.2;1;11219716671;S
20240924;113414;689.2;1;11219716672;S
20240924;113414;689.2;10;11219716673;S
20240924;113414;689.2;13;11219716674;S
20240924;113418;689.2;1;11219717059;B
20240924;113427;689;10;11219718046;S
20240924;113427;689;12;11219718047;S
20240924;113427;689;3;11219718048;S
20240924;113429;689;1;11219718326;S
20240924;113432;689.2;1;11219718751;B
20240924;113434;689.4;1;11219718979;B
20240924;113434;689.4;3;11219718980;B
20240924;113440;689.4;15;11219719646;S
20240924;113440;689.2;10;11219719647;S
20240924;113444;689.6;1;11219720398;B
20240924;113444;689.6;40;11219720399;B
20240924;113449;689.8;11;11219721077;B
20240924;113453;689.6;25;11219721449;S
20240924;113456;689.6;25;11219722249;S
20240924;113458;689.6;1;11219722480;S
20240924;113501;689.8;25;11219722815;B
20240924;113501;689.8;25;11219722822;B
20240924;113501;689.8;1;11219722830;B
20240924;113503;690;4;11219723174;B
20240924;113506;690;2;11219723517;S
20240924;113506;689.8;16;11219723518;S
20240924;113506;689.8;9;11219723529;S
20240924;113506;689.8;16;11219723530;S
20240924;113517;690.2;1;11219725116;S
20240924;113519;690.2;24;11219725253;S
20240924;113519;690;1;11219725254;S
20240924;113525;690.4;2;11219726042;B
20240924;113532;690.2;25;11219726707;S
20240924;113537;690.6;1;11219727229;B
20240924;113545;690.4;25;11219727985;S
20240924;113557;690.4;25;11219729526;S
20240924;113601;690.4;15;11219729805;S
20240924;113610;690.4;10;11219730621;S
20240924;113610;690.4;15;11219730622;S
20240924;113616;690.6;10;11219731177;S
20240924;113623;690.6;25;11219731887;S
20240924;113636;690.6;15;11219733120;S
20240924;113636;690.6;9;11219733121;S
20240924;113636;690.6;1;11219733122;S
20240924;113649;690.8;25;11219734173;S
20240924;113654;691.2;10;11219734654;B
20240924;113702;691;1;11219735381;S
20240924;113702;691;25;11219735395;S
20240924;113702;691.2;15;11219735408;B
20240924;113710;691.2;5;11219736710;S
20240924;113710;691.2;5;11219736711;S
20240924;113715;691.2;20;11219737123;S
20240924;113715;691.2;5;11219737124;S
20240924;113721;691.6;1;11219737771;B
20240924;113728;691.6;5;11219738369;S
20240924;113728;691.4;20;11219738370;S
20240924;113735;691.6;4;11219739059;B
20240924;113736;691.6;2;11219739217;B
20240924;113737;691.6;1;11219739231;B
20240924;113738;691.4;1;11219739360;S
20240924;113740;691.4;1;11219739504;S
20240924;113741;691.4;3;11219739581;S
20240924;113741;691.4;9;11219739582;S
20240924;113741;691.4;13;11219739583;S
20240924;113747;691.4;12;11219740328;S
20240924;113747;691.4;9;11219740329;S
20240924;113747;691.2;4;11219740330;S
20240924;113754;691.2;21;11219741022;S
20240924;113754;691.2;3;11219741023;S
20240924;113754;691.2;1;11219741024;S
20240924;113807;691;24;11219743897;S
20240924;113807;691;1;11219743898;S
20240924;113816;691;3;11219745725;B
20240924;113819;690.8;1;11219746149;S
20240924;113819;690.8;8;11219746150;S
20240924;113819;690.6;25;11219746196;S
20240924;113832;690.6;15;11219747649;S
20240924;113832;690.4;10;11219747650;S
20240924;113836;690.8;33;11219748081;B
20240924;113845;690.6;20;11219749096;S
20240924;113845;690.6;5;11219749097;S
20240924;113858;690.6;19;11219750399;S
20240924;113858;690.6;6;11219750400;S
20240924;113904;691;2;11219751123;B
20240924;113909;690.8;18;11219751638;S
20240924;113909;690.8;40;11219751639;S
20240924;113909;690.6;25;11219751640;S
20240924;113909;690.6;10;11219751641;S
20240924;113909;690.6;10;11219751642;S
20240924;113909;690.6;25;11219751643;S
20240924;113909;690.6;300;11219751644;S
20240924;113909;690.6;1;11219751645;S
20240924;113909;690.6;29;11219751646;S
20240924;113911;690.4;25;11219751905;S
20240924;113916;690.4;49;11219752471;S
20240924;113916;690.4;25;11219752472;S
20240924;113916;690.4;400;11219752473;S
20240924;113916;690.4;31;11219752474;S
20240924;113916;690.4;5;11219752475;S
20240924;113916;690.4;1;11219752476;B
20240924;113916;690.2;2;11219752477;S
20240924;113916;690.2;5;11219752478;S
20240924;113919;690.4;30;11219752772;B
20240924;113921;690.4;459;11219752932;B
20240924;113921;690.6;1038;11219752933;B
20240924;113921;690.6;34;11219752934;B
20240924;113921;690.6;50;11219752935;B
20240924;113924;690.8;25;11219753228;S
20240924;113929;691.2;1;11219753697;B
20240924;113937;691.4;25;11219754531;S
20240924;113943;691.6;3;11219755064;B
20240924;113950;691.8;25;11219755908;S
20240924;114002;691.8;21;11219757026;S
20240924;114002;691.8;10;11219757027;S
20240924;114003;691.8;17;11219757155;S
20240924;114003;691.8;8;11219757156;S
20240924;114016;691.8;19;11219758425;S
20240924;114016;691.8;6;11219758426;S
20240924;114028;691.8;25;11219759572;S
20240924;114035;692;2;11219760138;B
20240924;114036;692.2;7;11219760217;B
20240924;114041;692;3;11219760848;S
20240924;114041;692;13;11219760849;S
20240924;114041;691.8;9;11219760850;S
20240924;114042;692.4;65;11219760973;B
20240924;114042;692.4;13;11219760974;B
20240924;114042;692.6;1;11219760975;B
20240924;114042;692.6;21;11219760976;B
20240924;114053;692.4;2;11219761943;B
20240924;114054;692;25;11219762275;S
20240924;114056;692.4;10;11219762563;B
20240924;114057;692.4;22;11219762573;B
20240924;114057;692.6;8;11219762574;B
20240924;114107;692.2;25;11219763625;S
20240924;114108;692;1;11219763755;S
20240924;114120;692;24;11219764687;S
20240924;114120;692;1;11219764688;S
20240924;114129;692;9;11219765527;S
20240924;114129;692;5;11219765528;S
20240924;114133;691.8;25;11219765964;S
20240924;114146;691.8;7;11219767052;S
20240924;114146;691.8;18;11219767053;S
20240924;114159;691.8;5;11219768247;S
20240924;114159;691.8;20;11219768248;S
20240924;114212;691.8;20;11219769832;S
20240924;114212;691.8;5;11219769833;S
20240924;114216;692.4;1;11219770263;B
20240924;114216;692.4;4;11219770264;B
20240924;114225;691.8;20;11219771405;S
20240924;114225;691.8;4;11219771406;S
20240924;114225;691.8;1;11219771407;S
20240924;114238;692;10;11219772917;S
20240924;114238;692;5;11219772918;S
20240924;114238;692;10;11219772919;S
20240924;114250;691.8;25;11219774478;S
20240924;114303;691.8;25;11219775629;S
20240924;114316;691.8;100;11219777866;S
20240924;114316;691.8;25;11219777911;S
20240924;114329;691.8;16;11219779182;S
20240924;114329;691.8;9;11219779183;S
20240924;114342;692;25;11219780554;S
20240924;114355;692;6;11219781762;S
20240924;114355;692;11;11219781763;S
20240924;114355;691.8;8;11219781764;S
20240924;114408;692;7;11219782977;S
20240924;114408;691.8;18;11219782978;S
20240924;114421;692;10;11219784364;S
20240924;114421;691.8;15;11219784365;S
20240924;114427;692.4;6;11219786422;B
20240924;114427;692.4;10;11219786423;B
20240924;114427;692.4;10;11219786424;B
20240924;114433;692.6;8;11219787599;B
20240924;114433;692.6;10;11219787600;B
20240924;114433;692.8;12;11219787601;B
20240924;114434;692.4;4;11219787647;S
20240924;114434;692.2;1;11219787648;S
20240924;114434;692.2;11;11219787649;S
20240924;114434;692;9;11219787650;S
20240924;114438;692.2;1;11219788137;S
20240924;114438;692.2;10;11219788138;S
20240924;114438;692;20;11219788139;S
20240924;114438;692;10;11219788140;S
20240924;114438;692;25;11219788141;S
20240924;114438;692;100;11219788142;S
20240924;114438;691.8;109;11219788143;S
20240924;114438;691.8;56;11219788144;S
20240924;114438;691.8;16;11219788145;S
20240924;114438;691.8;200;11219788146;S
20240924;114438;691.6;3;11219788147;S
20240924;114438;691.6;1;11219788148;S
20240924;114438;691.2;36;11219788149;S
20240924;114438;691.2;41;11219788150;S
20240924;114438;691;10;11219788151;S
20240924;114438;691;1;11219788152;S
20240924;114438;691;32;11219788153;S
20240924;114438;691;29;11219788154;S
20240924;114438;690.8;153;11219788155;S
20240924;114438;690.6;419;11219788156;S
20240924;114438;690.2;25;11219788157;S
20240924;114438;690.2;1;11219788158;S
20240924;114438;690;2;11219788159;S
20240924;114438;690;1;11219788160;S
20240924;114438;690;2;11219788161;S
20240924;114438;690;25;11219788162;S
20240924;114438;689.8;1;11219788163;S
20240924;114438;689.8;25;11219788164;S
20240924;114438;689.8;52;11219788165;S
20240924;114438;689.6;75;11219788166;S
20240924;114438;689.6;50;11219788167;S
20240924;114438;689.6;25;11219788168;S
20240924;114438;689.6;5;11219788169;S
20240924;114438;689.4;25;11219788170;S
20240924;114438;689.4;25;11219788171;S
20240924;114438;689.4;142;11219788172;S
20240924;114438;689.2;100;11219788173;S
20240924;114438;689.2;415;11219788174;S
20240924;114438;691.2;20;11219788193;S
20240924;114445;691.6;3;11219789104;S
20240924;114447;690.4;1;11219789232;S
20240924;114447;690.2;24;11219789233;S
20240924;114500;690.6;10;11219790682;S
20240924;114500;690.4;15;11219790683;S
20240924;114512;690.8;1;11219792357;S
20240924;114512;690.8;24;11219792358;S
20240924;114519;691;9;11219793510;B
20240924;114525;690.6;25;11219794223;S
20240924;114532;690.6;14;11219795250;S
20240924;114538;690.6;11;11219796553;S
20240924;114538;690.6;1;11219796554;S
20240924;114538;690.4;13;11219796555;S
20240924;114540;690.6;1;11219796857;B
20240924;114543;691;4;11219797843;B
20240924;114543;691;4;11219797844;B
20240924;114543;691;4;11219797845;B
20240924;114551;691;13;11219799500;S
20240924;114551;690.8;8;11219799501;S
20240924;114551;690.6;4;11219799502;S
20240924;114557;691;1;11219801248;B
20240924;114604;690.6;25;11219802695;S
20240924;114617;691;25;11219806041;S
20240924;114617;691;25;11219806042;S
20240924;114630;690.6;25;11219807847;S
20240924;114643;690.6;25;11219809911;S
20240924;114652;690.6;120;11219810963;S
20240924;114652;690.6;10;11219810964;S
20240924;114656;690.4;25;11219811529;S
20240924;114657;690.6;13;11219811925;B
20240924;114657;690.6;40;11219811926;B
20240924;114709;690.6;16;11219813283;S
20240924;114709;690.4;9;11219813284;S
20240924;114722;690.4;9;11219816032;S
20240924;114722;690.4;7;11219816033;S
20240924;114722;690.4;9;11219816034;S
20240924;114726;690.8;9;11219816927;B
20240924;114726;691;40;11219816928;B
20240924;114726;691.4;16;11219816929;B
20240924;114726;691.4;10;11219816930;B
20240924;114726;691.4;10;11219816931;B
20240924;114726;691.6;15;11219816932;B
20240924;114727;691.6;35;11219817054;B
20240924;114727;691.6;10;11219817055;B
20240924;114727;691.6;40;11219817056;B
20240924;114727;691.8;15;11219817057;B
20240924;114732;691.8;5;11219818395;B
20240924;114732;691.8;11;11219818396;B
20240924;114732;691.8;4;11219818397;S
20240924;114734;691;25;11219818739;S
20240924;114747;691;15;11219820532;S
20240924;114747;691;9;11219820533;S
20240924;114747;691;1;11219820534;S
20240924;114752;691.2;1;11219821053;S
20240924;114800;691.2;25;11219822208;S
20240924;114813;691.2;4;11219823520;S
20240924;114813;691;7;11219823521;S
20240924;114813;691;8;11219823522;S
20240924;114813;690.8;6;11219823523;S
20240924;114826;690.8;14;11219825115;S
20240924;114826;690.8;9;11219825116;S
20240924;114826;690.8;2;11219825117;S
20240924;114839;690.8;11;11219826424;S
20240924;114839;690.8;14;11219826425;S
20240924;114852;690.8;13;11219827823;S
20240924;114852;690.8;12;11219827824;S
20240924;114905;690.8;15;11219829119;S
20240924;114905;690.8;10;11219829120;S
20240924;114918;690.8;25;11219831524;S
20240924;114922;691.2;1;11219832058;B
20240924;114922;691.4;4;11219832059;B
20240924;114924;691.6;2;11219832521;B
20240924;114926;691.2;1;11219832664;B
20240924;114926;691.6;8;11219832665;B
20240924;114926;691.6;10;11219832666;B
20240924;114926;691.6;2;11219832667;B
20240924;114931;691;2;11219833100;S
20240924;114931;691;10;11219833101;S
