<DATE>;<TIME>;<LAST>;<VOL>;<ID>;<OPER>
20240919;095935;666.6;1;11199929891;B
20240919;095935;666.6;9;11199929892;B
20240919;095935;666.6;1;11199929893;B
20240919;095935;666.6;1;11199929894;B
20240919;095935;666.6;1;11199929895;B
20240919;095935;666.6;1;11199929896;B
20240919;095935;666.6;1;11199929897;B
20240919;095935;666.6;1;11199929898;B
20240919;095935;666.6;1;11199929899;B
20240919;095935;666.6;1;11199929900;B
20240919;095935;666.6;1;11199929901;B
20240919;095935;666.6;1;11199929902;B
20240919;095935;666.6;221;11199929903;B
20240919;095935;666.6;50;11199929904;B
20240919;095935;666.6;19;11199929905;B
20240919;095935;666.6;2;11199929906;B
20240919;095935;666.6;100;11199929907;B
20240919;095935;666.6;1;11199929908;B
20240919;095935;666.6;1;11199929909;B
20240919;095935;666.6;80;11199929910;B
20240919;095935;666.6;2;11199929911;S
20240919;095935;666.6;20;11199929912;S
20240919;100003;667;1;11199934628;S
20240919;100004;668;1;11199935505;B
20240919;100004;668;1;11199935656;B
20240919;100004;668;1;11199936278;B
20240919;100004;668;1;11199936281;B
20240919;100004;666.8;51;11199936297;S
20240919;100004;666.8;25;11199936300;S
20240919;100004;668;2;11199936373;B
20240919;100005;668;1;11199936926;B
20240919;100005;668;2;11199936936;B
20240919;100005;666.8;1;11199936940;S
20240919;100005;668;10;11199937578;B
20240919;100005;668;2;11199937595;B
20240919;100005;668;1;11199937602;B
20240919;100005;666.8;10;11199937603;S
20240919;100005;666.8;1;11199938017;S
20240919;100006;667;1;11199939020;S
20240919;100006;667;1;11199939021;S
20240919;100006;667;1;11199939025;S
20240919;100007;668;1;11199939630;B
20240919;100007;668;2;11199940896;B
20240919;100008;667;1;11199941343;S
20240919;100023;666.8;20;11199945583;S
20240919;100026;666.8;292;11199946333;S
20240919;100026;666.6;17;11199946334;S
20240919;100026;666.6;2;11199946335;S
20240919;100026;666.6;54;11199946336;S
20240919;100026;666.4;20;11199946337;S
20240919;100026;666.4;1;11199946338;S
20240919;100026;666.2;28;11199946339;S
20240919;100026;666;10;11199946340;S
20240919;100026;665.4;30;11199946341;S
20240919;100026;665.2;3;11199946342;S
20240919;100026;665;10;11199946343;S
20240919;100026;665;100;11199946344;S
20240919;100026;665;25;11199946345;S
20240919;100026;664.8;1;11199946346;S
20240919;100026;664.4;1;11199946347;S
20240919;100026;664.2;3;11199946348;S
20240919;100026;664;1;11199946349;S
20240919;100026;664;25;11199946350;S
20240919;100026;664;5;11199946351;S
20240919;100026;663.8;211;11199946352;S
20240919;100026;663.6;300;11199946353;S
20240919;100026;663.6;16;11199946354;S
20240919;100026;663;6;11199946355;S
20240919;100026;663;100;11199946356;S
20240919;100026;663;25;11199946357;S
20240919;100026;662.8;211;11199946358;S
20240919;100026;662.6;203;11199946359;S
20240919;100026;662.8;5;11199946484;S
20240919;100026;662.8;42;11199946485;S
20240919;100026;662.6;20;11199946486;S
20240919;100027;663;1;11199946524;S
20240919;100027;662.6;70;11199946525;S
20240919;100027;662.6;25;11199946528;S
20240919;100027;662.6;20;11199946531;S
20240919;100027;663.8;25;11199946541;B
20240919;100027;663;12;11199946589;B
20240919;100027;662.6;12;11199946656;S
20240919;100027;663;6;11199946689;B
20240919;100027;663;1;11199946716;B
20240919;100027;663.8;14;11199946717;B
20240919;100027;662.6;5;11199946730;S
20240919;100027;662.6;42;11199946731;S
20240919;100028;662.6;24;11199946874;S
20240919;100028;662.6;2;11199946896;S
20240919;100028;662.6;18;11199946898;S
20240919;100038;662.8;1;11199949166;S
20240919;100046;663.8;49;11199950976;B
20240919;100048;663;1;11199951730;S
20240919;100048;662.8;7;11199951731;S
20240919;100048;662.6;2;11199951732;S
20240919;100048;662.6;14;11199951733;S
20240919;100048;662.4;1;11199951734;S
20240919;100049;663.8;8;11199951838;B
20240919;100052;663.8;254;11199952797;B
20240919;100052;664.6;8;11199952798;B
20240919;100052;666.8;118;11199952799;B
20240919;100053;666;4;11199953600;S
20240919;100054;666.8;1;11199953892;S
20240919;100055;666;50;11199953926;S
20240919;100102;666;4;11199956067;S
20240919;100106;666;50;11199957138;S
20240919;100110;666.4;4;11199957969;B
20240919;100110;666.6;4;11199957970;B
20240919;100110;666.6;5;11199957971;B
20240919;100110;666.6;4;11199957972;B
20240919;100110;666.6;3;11199957973;B
20240919;100119;666;92;11199960398;S
20240919;100119;666;2;11199960399;S
20240919;100121;663.6;1;11199961030;S
20240919;100121;665.4;4;11199961081;B
20240919;100121;665.8;32;11199961082;B
20240919;100121;666;1;11199961083;B
20240919;100121;666.2;63;11199961084;B
20240919;100123;665.8;1;11199961501;B
20240919;100137;665.8;1;11199964730;B
20240919;100138;665.6;18;11199964825;B
20240919;100152;665.8;1;11199968302;B
20240919;100159;666;1;11199969859;B
20240919;100201;665.8;10;11199970417;S
20240919;100207;665.8;1;11199971934;S
20240919;100212;665.8;1;11199972885;S
20240919;100216;666;1;11199973721;B
20240919;100222;666.2;1;11199975116;B
20240919;100242;666.2;57;11199980183;B
20240919;100304;666.2;1;11199985418;B
20240919;100317;665.8;68;11199988602;S
20240919;100334;665.8;3;11199992762;S
20240919;100340;665.8;2;11199993959;S
20240919;100342;666;2;11199994555;B
20240919;100344;665.8;30;11199994974;S
20240919;100345;666;1;11199995231;B
20240919;100352;666;5;11199996602;B
20240919;100352;666;6;11199996603;B
20240919;100404;666;38;11199999552;B
20240919;100409;666;1;11200000402;B
20240919;100411;665.8;16;11200000832;S
20240919;100413;665.8;10;11200001162;S
20240919;100425;665.8;2;11200003587;S
20240919;100429;664;1;11200004465;S
20240919;100430;664;4;11200004632;S
20240919;100430;663.8;15;11200004633;S
20240919;100430;663.8;7;11200004634;S
20240919;100430;663.6;1;11200004635;S
20240919;100430;663.6;3;11200004636;S
20240919;100431;665.4;100;11200004898;B
20240919;100438;664.2;2;11200006180;S
20240919;100440;664.2;1;11200006738;S
20240919;100441;663.8;10;11200006836;S
20240919;100452;663.8;2;11200009120;S
20240919;100454;663.8;2;11200009630;S
20240919;100454;663.8;25;11200009633;S
20240919;100454;663.8;10;11200009634;S
20240919;100454;665;1;11200009666;B
20240919;100455;663.4;2;11200009930;S
20240919;100500;663.4;25;11200010796;S
20240919;100501;663.4;1;11200011220;S
20240919;100508;663.4;1;11200013083;S
20240919;100512;663.4;10;11200013828;S
20240919;100512;663.4;7;11200013837;S
20240919;100512;663.4;1;11200013838;S
20240919;100525;663.4;1;11200016850;S
20240919;100525;663.4;1;11200016851;S
20240919;100525;663.2;99;11200016852;S
20240919;100538;663.2;3;11200019746;S
20240919;100547;663.2;10;11200021580;S
20240919;100549;664.2;5;11200022280;B
20240919;100606;664.2;6;11200026047;B
20240919;100606;664.6;9;11200026048;S
20240919;100608;663.6;1;11200026412;S
20240919;100614;663.8;1;11200028009;B
20240919;100615;663.6;9;11200028346;S
20240919;100635;663.4;6;11200033055;S
20240919;100636;663.4;100;11200033708;S
20240919;100636;663.4;1;11200033763;S
20240919;100637;663.4;20;11200033819;S
20240919;100639;663.6;18;11200034191;B
20240919;100639;663.6;2;11200034192;B
20240919;100646;663.4;9;11200035776;S
20240919;100655;663.4;100;11200037455;S
20240919;100703;663.6;6;11200039048;B
20240919;100705;663.6;2;11200039448;B
20240919;100705;663.8;1;11200039449;B
20240919;100705;663.8;15;11200039450;B
20240919;100706;663.8;182;11200039548;S
20240919;100710;663.4;48;11200040393;S
20240919;100726;663.8;26;11200043463;B
20240919;100740;663.4;2;11200045790;S
20240919;100741;663.4;19;11200045817;S
20240919;100745;663.4;28;11200046460;S
20240919;100745;663.4;273;11200046480;S
20240919;100745;663.4;35;11200046481;S
20240919;100745;663.2;692;11200046482;S
20240919;100753;663.4;2;11200047652;S
20240919;100804;663.2;150;11200049303;S
20240919;100810;663.8;1;11200050217;B
20240919;100810;663.8;4;11200050218;B
20240919;100810;663.8;4;11200050219;B
20240919;100810;663.8;4;11200050220;B
20240919;100810;663.8;4;11200050221;B
20240919;100810;663.8;4;11200050222;B
20240919;100810;663.8;4;11200050223;B
20240919;100810;664;13;11200050224;B
20240919;100810;664.2;2;11200050225;B
20240919;100810;664.2;2;11200050226;B
20240919;100810;664.2;1;11200050227;B
20240919;100810;664.2;1;11200050228;B
20240919;100810;664.2;1;11200050229;B
20240919;100810;664.2;1;11200050230;B
20240919;100810;664.2;1;11200050231;B
20240919;100810;664.2;1;11200050232;B
20240919;100810;664.2;1;11200050233;B
20240919;100810;664.2;1;11200050234;B
20240919;100810;664.2;1;11200050235;B
20240919;100810;664.2;1;11200050236;B
20240919;100810;664.2;35;11200050237;B
20240919;100810;664.6;40;11200050238;B
20240919;100810;665;25;11200050239;B
20240919;100810;665;151;11200050240;B
20240919;100810;665.2;50;11200050241;B
20240919;100810;665.2;126;11200050242;B
20240919;100810;665.2;100;11200050243;B
20240919;100810;666;400;11200050244;B
20240919;100810;666.2;97;11200050245;B
20240919;100810;667;19;11200050246;B
20240919;100810;668;300;11200050247;B
20240919;100810;668.2;38;11200050248;B
20240919;100810;668.6;1;11200050249;B
20240919;100810;669;327;11200050250;B
20240919;100811;664.8;2;11200050300;B
20240919;100811;664.8;12;11200050344;B
20240919;100812;664.8;16;11200050507;B
20240919;100815;665;11;11200050818;S
20240919;100830;665;34;11200053320;S
20240919;100830;665;100;11200053321;S
20240919;100837;664.8;1;11200054934;B
20240919;100842;664.8;65;11200055731;B
20240919;100846;665;1;11200056384;B
20240919;100848;664.8;34;11200056707;B
20240919;100849;664.8;1;11200056770;S
20240919;100849;664.8;22;11200056920;S
20240919;100858;664.8;3;11200058267;B
20240919;100859;664.6;1;11200058507;S
20240919;100905;664.8;2;11200059255;B
20240919;100906;664.8;15;11200059480;B
20240919;100914;664;2;11200060717;S
20240919;100916;664;2;11200060987;S
20240919;100916;664;2;11200061061;S
20240919;100917;664;2;11200061230;S
20240919;100918;664;2;11200061322;S
20240919;100921;664;2;11200061737;S
20240919;100921;664;1;11200061888;S
20240919;100921;663.8;1;11200061889;S
20240919;100923;663.8;2;11200062020;S
20240919;100927;663.8;93;11200062726;S
20240919;100927;663.8;33;11200062727;S
20240919;100927;663.6;4;11200062728;S
20240919;100927;663.4;22;11200062729;S
20240919;100927;663.4;48;11200062730;S
20240919;101000;663.4;20;11200068917;S
20240919;101000;663.4;2;11200068918;S
20240919;101000;663.4;3;11200068919;S
20240919;101010;663.2;546;11200070717;S
20240919;101010;663.2;1;11200070718;S
20240919;101010;663.2;38;11200070719;S
20240919;101010;663;25;11200070720;S
20240919;101010;663;5;11200070721;S
20240919;101010;662.6;100;11200070722;S
20240919;101010;662.6;42;11200070723;S
20240919;101010;662.4;25;11200070724;S
20240919;101010;662.4;218;11200070725;S
20240919;101018;663.6;16;11200071970;B
20240919;101029;662.4;80;11200073762;S
20240919;101049;663.8;40;11200077268;B
20240919;101049;662.4;26;11200077349;S
20240919;101049;662.4;1;11200077350;S
20240919;101049;662.2;3;11200077351;S
20240919;101049;662.2;3;11200077352;S
20240919;101049;662.2;10;11200077353;S
20240919;101049;662.2;72;11200077354;S
20240919;101049;662.2;1;11200077355;S
20240919;101049;662;1;11200077356;S
20240919;101049;662;50;11200077357;S
20240919;101049;662;9;11200077358;S
20240919;101049;662;25;11200077359;S
20240919;101049;662;25;11200077360;S
20240919;101049;662;10;11200077361;S
20240919;101049;662;60;11200077362;S
20240919;101049;661.8;1;11200077363;S
20240919;101049;661.8;1;11200077364;S
20240919;101049;661.8;196;11200077365;S
20240919;101115;662.2;1;11200081987;S
20240919;101115;662;6;11200082059;S
20240919;101115;662;1;11200082060;S
20240919;101123;662;2;11200083209;S
20240919;101126;661.8;15;11200083798;S
20240919;101126;662;7;11200083800;B
20240919;101128;662.2;5;11200084065;B
20240919;101128;662.2;1;11200084066;B
20240919;101137;662.2;44;11200085409;S
20240919;101137;662.2;14;11200085410;S
20240919;101137;662.2;72;11200085411;S
20240919;101138;662;453;11200085508;S
20240919;101140;662.2;70;11200085915;B
20240919;101143;662;8;11200086404;S
20240919;101148;662;239;11200087977;S
20240919;101148;661.8;61;11200087978;S
20240919;101150;662.2;1;11200088325;B
20240919;101155;661.8;9;11200089313;S
20240919;101204;662.2;996;11200090696;B
20240919;101204;662.2;3;11200090697;B
20240919;101235;662.2;1;11200096280;S
20240919;101255;662.2;10;11200099782;B
20240919;101258;662.2;33;11200100281;B
20240919;101316;662.2;1;11200103684;B
20240919;101317;662;1;11200103715;S
20240919;101317;662;26;11200103716;S
20240919;101317;661.8;20;11200103717;S
20240919;101317;661.8;33;11200103718;S
20240919;101317;661.6;200;11200103719;S
20240919;101317;661.2;50;11200103720;S
20240919;101317;661.2;170;11200103721;S
20240919;101317;661.2;1;11200103722;S
20240919;101317;661.2;150;11200103723;S
20240919;101317;661.2;1;11200103724;S
20240919;101317;661.2;119;11200103725;S
20240919;101317;661;100;11200103726;S
20240919;101317;661;20;11200103727;S
20240919;101317;661;1;11200103728;S
20240919;101317;661;108;11200103729;S
20240919;101317;661.4;22;11200103743;S
20240919;101345;662;5;11200108646;S
20240919;101345;662;1;11200109095;B
20240919;101356;661.4;8;11200111086;S
20240919;101358;661.6;1;11200111377;B
20240919;101402;661.4;1;11200112276;S
20240919;101402;661.4;2;11200112295;S
20240919;101404;661.4;1;11200112821;S
20240919;101404;661.4;1;11200112822;S
20240919;101408;661.2;1;11200113450;S
20240919;101409;661.2;1;11200113767;S
20240919;101409;661.2;47;11200113769;S
20240919;101409;661;142;11200113770;S
20240919;101409;661;21;11200113771;S
20240919;101410;661.2;8;11200113842;B
20240919;101415;661;4;11200114648;S
20240919;101415;661;80;11200114649;S
20240919;101415;661;6;11200114650;S
20240919;101417;661.2;8;11200114940;B
20240919;101426;661.2;200;11200116584;S
20240919;101430;661.2;150;11200117533;S
20240919;101431;661.4;1;11200117654;B
20240919;101431;661.4;100;11200117655;B
20240919;101436;662;38;11200118353;B
20240919;101436;661.2;19;11200118396;S
20240919;101436;661.2;79;11200118433;S
20240919;101436;661.2;4;11200118434;S
20240919;101438;661.2;1;11200118729;B
20240919;101443;661;19;11200119455;S
20240919;101443;661;1;11200119456;S
20240919;101443;660.8;1;11200119457;S
20240919;101443;660.8;1;11200119458;S
20240919;101443;660.6;53;11200119459;S
20240919;101452;660.8;10;11200121048;S
20240919;101452;660.8;40;11200121049;S
20240919;101452;660.8;42;11200121050;S
20240919;101452;660.6;66;11200121051;S
20240919;101453;660.6;142;11200121282;B
20240919;101500;660.6;1;11200122526;S
20240919;101500;660.6;25;11200122527;S
20240919;101504;661;33;11200123531;B
20240919;101521;660.4;10;11200128869;S
20240919;101521;660.4;25;11200128870;S
20240919;101521;660.4;150;11200128871;S
20240919;101521;660.4;40;11200128872;S
20240919;101521;660.4;28;11200128873;S
20240919;101521;660.2;1;11200128874;S
20240919;101521;660.2;3;11200128875;S
20240919;101521;660.2;60;11200128876;S
20240919;101521;660;100;11200128877;S
20240919;101521;660;2;11200128878;S
20240919;101521;660;1;11200128879;S
20240919;101521;660;10;11200128880;S
20240919;101521;660;25;11200128881;S
20240919;101521;660;45;11200128882;S
20240919;101522;660.8;2;11200129259;B
20240919;101522;660.4;10;11200129397;S
20240919;101522;660.4;14;11200129398;S
20240919;101529;660.6;14;11200131732;B
20240919;101529;660.8;15;11200131733;B
20240919;101534;660.4;1;11200133101;S
20240919;101538;660.4;4;11200134046;S
20240919;101540;660.8;10;11200134413;B
20240919;101541;660.4;2;11200134760;S
20240919;101553;660.6;200;11200137449;S
20240919;101553;660.4;293;11200137450;S
20240919;101553;660.4;40;11200137451;S
20240919;101553;660.4;1;11200137452;S
20240919;101553;660.4;33;11200137453;S
20240919;101605;660.4;1;11200140497;B
20240919;101608;660.4;2;11200140952;B
20240919;101609;660.2;12;11200141107;S
20240919;101609;660.2;2;11200141108;S
20240919;101609;660;14;11200141109;S
20240919;101616;660.2;1;11200142374;B
20240919;101622;660;1;11200143479;S
20240919;101622;660.2;4;11200143491;B
20240919;101622;660.2;1;11200143492;B
20240919;101624;660;90;11200143777;S
20240919;101624;660;25;11200143778;S
20240919;101624;660;25;11200143779;S
20240919;101624;660;24;11200143780;S
20240919;101624;659.8;40;11200143781;S
20240919;101624;659.8;26;11200143782;S
20240919;101624;660.2;2;11200143921;B
20240919;101625;660;10;11200143955;S
20240919;101625;659.8;36;11200143956;S
20240919;101626;659.8;478;11200144252;S
20240919;101626;659.8;40;11200144253;S
20240919;101626;659.6;252;11200144254;S
20240919;101626;659.4;37;11200144255;S
20240919;101626;659.4;37;11200144256;S
20240919;101626;659.2;36;11200144257;S
20240919;101626;659;8;11200144258;S
20240919;101626;659;100;11200144259;S
20240919;101626;659;25;11200144260;S
20240919;101626;659;25;11200144261;S
20240919;101626;659;150;11200144262;S
20240919;101626;659;50;11200144263;S
20240919;101626;659;1;11200144264;S
20240919;101626;658.8;64;11200144265;S
20240919;101626;658.8;37;11200144266;S
20240919;101626;658.8;1;11200144267;S
20240919;101626;658.6;3;11200144268;S
20240919;101626;658.6;10;11200144269;S
20240919;101626;658.4;30;11200144270;S
20240919;101626;658.2;15;11200144271;S
20240919;101626;658.2;10;11200144272;S
20240919;101626;658.2;3;11200144273;S
20240919;101626;658.2;25;11200144274;S
20240919;101626;658.2;151;11200144275;S
20240919;101626;658;5;11200144276;S
20240919;101626;658;25;11200144277;S
20240919;101626;658;120;11200144278;S
20240919;101626;658;62;11200144279;S
20240919;101627;659;1;11200144403;S
20240919;101627;658.8;17;11200144404;S
20240919;101627;659.4;100;11200144453;B
20240919;101628;659.6;6;11200144534;B
20240919;101633;659;1;11200145425;S
20240919;101633;658.8;1;11200145426;S
20240919;101639;658.8;1;11200146318;S
20240919;101639;658.8;34;11200146319;S
20240919;101642;658.8;6;11200146924;S
20240919;101642;658.8;14;11200146925;S
20240919;101642;658.8;80;11200146926;S
20240919;101648;658.8;20;11200147997;S
20240919;101650;659.4;1;11200148350;B
20240919;101653;658.8;15;11200148850;S
20240919;101654;659.4;14;11200148983;B
20240919;101654;659.4;25;11200148984;B
20240919;101656;659.4;45;11200149449;S
20240919;101656;659.4;40;11200149450;S
20240919;101656;658.8;11;11200149451;S
20240919;101656;658.8;1;11200149452;S
20240919;101656;658.8;30;11200149453;S
20240919;101656;658.2;25;11200149454;S
20240919;101703;659;40;11200150472;S
20240919;101703;659;30;11200150473;S
20240919;101703;659;10;11200150486;S
20240919;101703;658.4;6;11200150515;S
20240919;101703;658.2;4;11200150516;S
20240919;101709;658.2;1;11200151572;S
20240919;101713;658.2;121;11200152169;S
20240919;101713;658.2;24;11200152170;S
20240919;101714;658;1;11200152252;S
20240919;101715;658;50;11200152436;S
20240919;101722;658;50;11200153898;S
20240919;101726;658;11;11200154594;S
20240919;101726;658;26;11200154595;S
20240919;101730;658;24;11200155134;S
20240919;101730;658;56;11200155135;S
20240919;101736;658;10;11200156443;S
20240919;101738;658;1;11200156885;S
20240919;101738;658;186;11200156923;S
20240919;101738;658;271;11200156937;S
20240919;101738;658;1;11200156938;S
20240919;101738;658;10;11200156939;S
20240919;101738;658;1;11200156940;S
20240919;101743;658;1;11200157704;B
20240919;101749;658;1;11200158527;B
20240919;101801;658;2;11200160397;B
20240919;101806;658;1;11200161087;B
20240919;101809;658;1;11200161390;B
20240919;101829;658;1;11200164883;B
20240919;101829;657.8;50;11200164884;S
20240919;101834;658;3;11200166127;B
20240919;101852;657.4;2;11200171279;S
20240919;101910;657.4;12;11200174725;S
20240919;101910;657.4;1;11200174726;S
20240919;101910;657.4;20;11200174727;S
20240919;101910;657.4;151;11200174728;S
20240919;101910;657.2;1;11200174729;S
20240919;101910;657.2;130;11200174730;S
20240919;101910;657.2;45;11200174741;S
20240919;101911;657.2;32;11200174879;S
20240919;101915;658;100;11200175683;B
20240919;101915;658;107;11200175732;B
20240919;101915;658;1;11200175733;B
20240919;101915;658;32;11200175734;B
20240919;101915;658;2;11200175735;B
20240919;101915;658;40;11200175736;B
20240919;101915;658;100;11200175737;B
20240919;101915;658;1;11200175738;B
20240919;101915;658.2;55;11200175739;B
20240919;101915;658.2;40;11200175740;B
20240919;101949;658.8;15;11200184453;B
20240919;102000;658.2;25;11200186137;S
20240919;102011;658.2;10;11200188556;S
20240919;102127;658.8;4;11200241604;B
20240919;102135;658.8;1;11200245791;B
20240919;102143;658.4;25;11200249481;S
20240919;102143;658.4;40;11200249482;S
20240919;102143;658.2;185;11200249483;S
20240919;102205;658.2;100;11200262326;S
20240919;102212;658.2;102;11200263387;S
20240919;102212;658.2;7;11200263388;S
20240919;102212;658.2;10;11200263389;S
20240919;102212;658.2;1;11200263390;S
20240919;102212;658;25;11200263391;S
20240919;102212;658;25;11200263392;S
20240919;102212;657.6;33;11200263393;S
20240919;102212;657.2;93;11200263394;S
20240919;102212;657.2;2;11200263395;S
20240919;102212;657.2;100;11200263396;S
20240919;102212;657.2;60;11200263397;S
20240919;102212;657;21;11200263398;S
20240919;102212;657;1;11200263399;S
20240919;102212;657;10;11200263400;S
20240919;102212;657;10;11200263401;S
20240919;102213;657;17;11200263582;S
20240919;102213;657.6;3;11200263638;S
20240919;102231;657.6;9;11200265946;S
20240919;102231;657.6;1;11200265947;S
20240919;102305;657.2;9;11200270918;S
20240919;102305;657.2;300;11200270919;S
20240919;102305;657;34;11200270920;S
20240919;102308;657;1;11200271351;S
20240919;102320;657;10;11200273019;S
20240919;102327;657.2;6;11200274043;S
20240919;102334;657.2;50;11200275095;S
20240919;102343;657.2;25;11200276490;S
20240919;102351;657.2;1;11200279188;S
20240919;102358;657.2;10;11200281100;S
20240919;102406;657.4;1;11200283531;S
20240919;102406;657.2;9;11200283532;S
20240919;102425;657.2;100;11200286922;S
20240919;102439;657.2;16;11200289239;S
20240919;102500;657.2;25;11200292808;S
20240919;102500;657.2;58;11200292961;S
20240919;102500;657.2;1;11200292962;S
20240919;102500;657;28;11200292963;S
20240919;102500;657;24;11200292964;S
20240919;102507;657;176;11200294362;S
20240919;102507;657;5;11200294363;S
20240919;102512;657;28;11200295476;S
20240919;102515;657.8;2;11200296010;B
20240919;102535;657.2;225;11200299342;S
20240919;102535;657.2;75;11200299530;S
20240919;102535;657;17;11200299531;S
20240919;102535;657;30;11200299532;S
20240919;102535;657;15;11200299533;S
20240919;102535;657;100;11200299534;S
20240919;102535;657;32;11200299535;S
20240919;102540;657;68;11200300072;S
20240919;102540;657;25;11200300073;S
20240919;102540;657;1;11200300074;S
20240919;102540;657;17;11200300075;S
20240919;102540;657;1;11200300076;S
20240919;102540;657;48;11200300077;S
20240919;102540;656.6;140;11200300078;S
20240919;102545;656.6;30;11200300776;S
20240919;102545;656.4;11;11200300777;S
20240919;102545;656.2;1;11200300778;S
20240919;102545;656.2;1;11200300779;S
20240919;102545;656.2;48;11200300780;S
20240919;102545;656.2;30;11200300781;S
20240919;102545;656;10;11200300782;S
20240919;102545;656;3;11200300783;S
20240919;102545;656;2;11200300784;S
20240919;102545;656;13;11200300785;S
20240919;102545;656;35;11200300855;S
20240919;102545;657.4;30;11200300858;B
20240919;102546;656;2;11200300872;S
20240919;102546;656;12;11200300873;S
20240919;102546;656;1;11200300874;S
20240919;102546;656;25;11200300875;S
20240919;102546;655.8;1;11200300876;S
20240919;102546;655.6;28;11200300877;S
20240919;102546;655.4;5;11200300878;S
20240919;102546;655.4;84;11200300879;S
20240919;102546;655.2;1;11200300880;S
20240919;102546;655.2;15;11200300881;S
20240919;102546;655.2;6;11200300882;S
20240919;102546;655.4;100;11200300899;B
20240919;102546;655.2;4;11200300919;S
20240919;102546;655.4;1;11200300920;B
20240919;102546;655.2;2;11200301099;S
20240919;102547;655.4;9;11200301220;B
20240919;102559;655.4;1;11200303208;S
20240919;102559;655.4;50;11200303209;S
20240919;102600;655.4;3;11200303331;B
20240919;102601;655.2;3;11200303437;S
20240919;102606;655.2;103;11200304239;S
20240919;102606;655.2;9;11200304240;S
20240919;102606;655.2;100;11200304241;S
20240919;102606;655.2;20;11200304242;S
20240919;102606;655.2;12;11200304243;S
20240919;102606;655.2;10;11200304244;S
20240919;102606;655.2;146;11200304245;S
20240919;102614;655.2;75;11200305439;S
20240919;102615;655.2;10;11200305661;S
20240919;102620;655.4;3;11200306448;B
20240919;102623;655.2;153;11200306883;S
20240919;102625;655.4;190;11200307157;B
20240919;102629;655.2;1;11200307920;S
20240919;102630;655.2;5;11200308114;S
20240919;102636;655.4;99;11200309139;B
20240919;102636;655.4;1;11200309140;B
20240919;102637;655.2;300;11200309373;S
20240919;102649;655.2;15;11200311332;S
20240919;102717;656;5;11200316608;B
20240919;102720;655.4;72;11200317054;S
20240919;102720;655.4;8;11200317055;S
20240919;102720;655.2;58;11200317056;S
20240919;102726;655.6;1;11200317754;B
20240919;102740;655.2;145;11200319593;S
20240919;102740;655.2;3;11200319594;S
20240919;102740;655.2;4;11200319595;S
20240919;102740;655.2;29;11200319596;S
20240919;102740;655.2;100;11200319597;S
20240919;102740;655.2;48;11200319598;S
20240919;102740;655;30;11200319599;S
20240919;102740;655;141;11200319600;S
20240919;102741;655.6;1;11200319731;B
20240919;102747;655.4;2;11200320558;B
20240919;102755;655.2;70;11200322010;S
20240919;102756;655.4;2;11200322178;B
20240919;102800;655.4;2;11200323109;S
20240919;102806;655.4;146;11200324046;S
20240919;102806;655.2;151;11200324047;S
20240919;102806;655;23;11200324048;S
20240919;102810;655.6;1;11200324657;B
20240919;102823;655.6;7;11200326507;B
20240919;102825;655.8;20;11200326792;B
20240919;102825;655.8;12;11200326793;B
20240919;102837;655.6;1;11200328290;S
20240919;102843;655.6;1;11200329109;S
20240919;102843;655.6;1;11200329110;S
20240919;102843;655.4;18;11200329111;S
20240919;102843;656.6;15;11200329179;B
20240919;102843;656.6;40;11200329180;B
20240919;102844;656.8;100;11200329266;B
20240919;102857;656.6;1;11200330935;S
20240919;102938;657;14;11200336205;B
20240919;102938;657.2;2;11200336206;B
20240919;102938;657.2;40;11200336207;B
20240919;102938;657.4;60;11200336208;B
20240919;102938;657.8;19;11200336209;B
20240919;102938;657.6;30;11200336218;B
20240919;102938;657.6;10;11200336219;B
20240919;102938;657.8;10;11200336220;B
20240919;102941;657;1;11200336562;B
20240919;102943;657;1;11200336973;B
20240919;102949;657;48;11200337895;B
20240919;102954;657.6;2;11200338587;S
20240919;102954;657.2;40;11200338588;S
20240919;102954;657;151;11200338589;S
20240919;102954;657;67;11200338590;S
20240919;102954;656.8;100;11200338591;S
20240919;102954;656.6;240;11200338592;S
20240919;103000;657.6;1;11200339368;S
20240919;103000;657;24;11200339369;S
20240919;103003;657.6;1;11200340308;S
20240919;103009;657.4;1;11200340999;B
20240919;103009;657.2;1;11200341083;B
20240919;103010;657.4;1;11200341187;B
20240919;103010;657.6;1;11200341258;B
20240919;103012;657.4;1;11200341427;S
20240919;103012;657.6;1;11200341464;B
20240919;103015;657;2;11200342014;S
20240919;103016;657.4;1;11200342017;B
20240919;103016;657.4;1;11200342030;B
20240919;103016;657.4;1;11200342051;B
20240919;103017;657.4;1;11200342133;B
20240919;103017;657.4;1;11200342321;S
20240919;103017;657.6;1;11200342327;B
20240919;103018;657.6;1;11200342383;B
20240919;103018;657.6;1;11200342413;B
20240919;103019;657.4;1;11200342511;B
20240919;103020;657.6;1;11200342616;B
20240919;103029;657.6;2;11200344181;B
20240919;103031;657.4;1;11200344378;S
20240919;103031;657;13;11200344379;S
20240919;103031;657;13;11200344380;S
20240919;103033;656.8;6;11200344775;B
20240919;103041;656.8;1;11200346510;B
20240919;103042;656.8;1;11200346535;B
20240919;103042;657;1;11200346669;B
20240919;103045;657;2;11200347195;B
20240919;103054;657;10;11200348631;B
20240919;103057;657.4;1;11200349278;B
20240919;103059;657.6;1;11200349679;B
20240919;103108;657.6;1;11200351184;B
20240919;103119;657.6;10;11200353215;B
20240919;103121;657.6;4;11200353717;B
20240919;103140;657.4;1;11200357332;S
20240919;103142;657.6;1;11200357612;B
20240919;103209;657.4;1;11200361450;S
20240919;103209;657.2;1;11200361451;S
20240919;103209;657.2;1;11200361452;S
20240919;103209;657;190;11200361453;S
20240919;103209;657;65;11200361454;S
20240919;103209;657;1;11200361455;S
20240919;103209;657;2;11200361483;B
20240919;103212;657;1;11200361847;B
20240919;103215;657;25;11200362469;B
20240919;103216;657;1;11200362689;B
20240919;103219;657;2;11200363336;B
20240919;103220;657;1;11200363382;B
20240919;103220;657;1;11200363429;B
20240919;103220;657;1;11200363470;B
20240919;103221;657;1;11200363479;B
20240919;103221;657;1;11200363493;B
20240919;103221;657;1;11200363546;B
20240919;103221;657;1;11200363570;B
20240919;103221;657;1;11200363628;B
20240919;103221;657;1;11200363671;B
20240919;103222;657;1;11200363684;B
20240919;103222;657.6;1;11200363820;B
20240919;103223;657.6;1;11200364058;B
20240919;103231;657.6;1;11200365439;B
20240919;103243;657.6;21;11200367359;B
20240919;103243;657.6;3;11200367360;B
20240919;103243;657.8;55;11200367361;B
20240919;103243;657.8;41;11200367362;B
20240919;103247;658.2;1;11200367910;B
20240919;103247;658.2;50;11200367911;B
20240919;103247;658.2;98;11200367912;B
20240919;103247;658.4;24;11200367913;B
20240919;103247;658.4;40;11200367914;B
20240919;103247;658.6;170;11200367915;B
20240919;103247;658.8;10;11200367916;B
20240919;103247;658.8;1;11200367917;B
20240919;103247;658.8;400;11200367918;B
20240919;103247;659;15;11200367919;B
20240919;103247;659;50;11200367920;B
20240919;103247;659.4;100;11200367921;B
20240919;103247;659.4;50;11200367922;B
20240919;103247;659.6;50;11200367923;B
20240919;103247;660;100;11200367924;B
20240919;103247;660;1;11200367925;B
20240919;103247;660.2;151;11200367926;B
20240919;103247;660.4;50;11200367927;B
20240919;103247;660.4;439;11200367928;B
20240919;103247;659.2;39;11200368090;B
20240919;103247;659.2;40;11200368091;B
20240919;103247;659.4;120;11200368092;B
20240919;103247;659.6;38;11200368093;B
20240919;103248;660.6;300;11200368138;B
20240919;103248;660.6;200;11200368149;B
20240919;103248;660.6;1;11200368200;B
20240919;103248;660.4;7;11200368212;S
20240919;103248;660.2;109;11200368213;S
20240919;103248;660.2;36;11200368214;S
20240919;103248;660;1;11200368215;S
20240919;103249;660;3;11200368234;B
20240919;103249;660;40;11200368235;B
20240919;103249;660.6;45;11200368236;B
20240919;103249;660.8;12;11200368237;B
20240919;103328;660.6;2;11200374353;B
20240919;103336;660.6;1;11200375430;B
20240919;103337;660;1;11200375528;S
20240919;103337;659.8;14;11200375529;S
20240919;103337;659.6;6;11200375530;S
20240919;103337;659.6;67;11200375531;S
20240919;103339;659.6;12;11200375910;S
20240919;103339;658.4;219;11200375911;S
20240919;103339;658.2;100;11200375912;S
20240919;103339;658.2;48;11200375913;S
20240919;103339;658;2;11200375914;S
20240919;103411;659.4;6;11200380453;B
20240919;103411;659.4;40;11200380454;B
20240919;103411;659.6;22;11200380455;B
20240919;103411;659.8;14;11200380456;B
20240919;103411;659.8;100;11200380457;B
20240919;103411;660;44;11200380458;B
20240919;103412;658.6;1;11200380553;S
20240919;103425;659;2;11200382169;S
20240919;103427;659;11;11200382572;S
20240919;103427;658.8;9;11200382573;S
20240919;103429;658.2;10;11200382674;S
20240919;103429;659.6;9;11200382823;B
20240919;103429;659.6;40;11200382824;B
20240919;103429;659.8;1;11200382825;B
20240919;103451;659.8;151;11200385469;B
20240919;103451;659.8;40;11200385470;B
20240919;103451;660;9;11200385471;B
20240919;103453;660;200;11200385691;B
20240919;103507;659;40;11200387881;S
20240919;103529;659.8;40;11200391931;B
20240919;103529;659.8;6;11200391932;B
20240919;103529;659.8;151;11200391933;B
20240919;103529;659.8;70;11200391934;B
20240919;103529;660;489;11200391935;B
20240919;103534;659;15;11200392448;S
20240919;103534;659;2;11200392464;S
20240919;103620;658.8;15;11200399878;S
20240919;103626;658.8;1;11200401551;S
20240919;103626;658.8;37;11200401552;S
20240919;103630;658.8;1;11200402364;S
20240919;103632;658.8;2;11200402776;S
20240919;103644;658.8;1;11200405004;S
20240919;103702;658.8;2;11200408123;S
20240919;103722;658.8;2;11200411186;S
20240919;103737;659.4;1;11200413139;B
20240919;103806;660;100;11200417807;B
20240919;103806;659.6;1;11200417823;S
20240919;103835;660;1;11200424334;B
20240919;103842;660;200;11200425995;B
20240919;103842;660;57;11200425996;B
20240919;103847;660;90;11200427138;B
20240919;103847;660;10;11200427139;B
20240919;103847;660;5;11200427140;B
20240919;103847;660;10;11200427141;B
20240919;103923;660;10;11200433361;S
20240919;103940;660.8;10;11200435610;B
20240919;103940;661.4;5;11200435611;B
20240919;103941;660.2;1;11200435645;S
20240919;103941;661.4;27;11200435664;B
20240919;103941;661.4;40;11200435665;B
20240919;103941;661.6;48;11200435666;B
20240919;103941;661.6;27;11200435667;B
20240919;103941;661.8;58;11200435668;B
20240919;103947;661.6;48;11200436695;B
20240919;103947;661.6;40;11200436696;B
20240919;103947;661.6;12;11200436697;B
20240919;104015;661.6;6;11200440587;B
20240919;104015;661.6;40;11200440588;B
20240919;104015;661.6;11;11200440589;B
20240919;104017;661.6;1;11200440977;S
20240919;104035;661.6;1;11200443634;S
20240919;104035;661.8;20;11200443642;B
20240919;104045;661.6;86;11200445146;S
20240919;104045;661.6;1;11200445147;S
20240919;104116;660.4;42;11200449965;S
20240919;104116;660.4;40;11200449966;S
20240919;104116;660.2;12;11200449967;S
20240919;104116;660.2;5;11200449968;S
20240919;104116;660.2;93;11200449969;S
20240919;104116;660.2;24;11200449970;S
20240919;104116;660;1;11200449971;S
20240919;104116;660;219;11200449972;S
20240919;104116;659.4;50;11200449973;S
20240919;104116;659.4;283;11200449974;S
20240919;104116;659.2;231;11200449975;S
20240919;104157;659.4;10;11200455865;S
20240919;104245;659.6;1;11200466604;S
20240919;104245;660.4;1;11200466705;B
20240919;104318;660;1;11200471579;B
20240919;104403;659.8;1;11200477737;B
20240919;104434;659.6;10;11200481564;B
20240919;104454;659.6;10;11200484120;S
20240919;104459;659.8;1;11200484787;B
20240919;104501;659.8;4;11200484951;S
20240919;104503;660;24;11200485362;B
20240919;104507;660;20;11200486641;B
20240919;104511;660;5;11200488057;B
20240919;104511;660;95;11200488058;B
20240919;104520;660;2;11200489294;B
20240919;104534;660;1;11200491874;B
20240919;104625;659.8;40;11200504744;S
20240919;104625;659.8;16;11200504745;S
20240919;104630;659.8;37;11200505532;B
20240919;104634;660;2;11200506415;B
20240919;104634;660;30;11200506416;B
20240919;104634;660;68;11200506417;B
20240919;104707;659.4;2;11200514921;S
20240919;104720;659.8;2;11200528165;B
20240919;104822;660;32;11200586592;B
20240919;104822;660;150;11200586593;B
20240919;104822;660;1;11200586594;B
20240919;104822;660;127;11200586595;B
20240919;104917;660;23;11200645398;B
20240919;104917;660;77;11200645399;B
20240919;104943;660;11;11200673715;B
20240919;105005;660.4;1;11200697570;B
20240919;105112;660.4;2;11200763236;B
20240919;105127;660.4;6;11200780237;B
20240919;105127;660.6;17;11200780238;B
20240919;105127;660.6;40;11200780239;B
20240919;105127;660.8;19;11200780240;B
20240919;105127;661;1;11200780241;B
20240919;105127;661.6;10;11200780242;B
20240919;105127;661.8;1;11200780243;B
20240919;105127;662;1;11200780244;B
20240919;105127;662.4;422;11200780245;B
20240919;105127;662.4;422;11200780246;B
20240919;105127;662.4;61;11200780247;B
20240919;105128;662;151;11200781617;B
20240919;105128;662;40;11200781618;B
20240919;105128;662;2;11200781619;B
20240919;105128;662.2;136;11200781620;B
20240919;105128;662.4;29;11200781621;B
20240919;105128;662.4;12;11200781622;B
20240919;105129;662.6;60;11200782423;S
20240919;105132;662.6;1;11200786463;S
20240919;105148;662.6;126;11200806383;S
20240919;105208;662.8;1;11200830642;B
20240919;105239;662.6;2;11200865584;S
20240919;105240;662.6;20;11200867577;S
20240919;105255;662.6;200;11200883483;S
20240919;105300;662.6;46;11200887558;S
20240919;105309;662.6;175;11200896903;S
20240919;105309;662.6;21;11200896904;S
20240919;105310;662.6;50;11200897559;S
20240919;105311;662.6;79;11200897842;S
20240919;105311;662.6;19;11200897843;S
20240919;105313;661;10;11200900178;S
20240919;105343;661.4;1;11200927759;B
20240919;105441;661;1;11200990975;S
20240919;105441;661;9;11200990976;S
20240919;105442;661;1;11200991837;S
20240919;105442;661;1;11200991890;S
20240919;105442;661;1;11200991974;S
20240919;105502;661.2;5;11201016002;S
20240919;105717;661.8;1;11201157372;B
20240919;105807;661.8;1;11201211365;B
20240919;105814;661.8;1;11201219727;B
20240919;105901;661.8;1;11201263436;B
20240919;105914;661.8;1;11201276247;B
20240919;110030;661.2;13;11201356556;S
20240919;110030;661.8;6;11201357798;B
20240919;110030;661.8;19;11201357809;B
20240919;110030;661.8;3;11201357810;B
20240919;110030;661.8;32;11201357811;B
20240919;110045;662.4;25;11201373708;B
20240919;110045;662.4;151;11201373709;B
20240919;110045;662.4;40;11201373710;B
20240919;110045;662.6;97;11201373711;B
20240919;110045;662.6;15;11201373712;B
20240919;110045;662.6;1;11201373713;B
20240919;110045;662.8;2;11201373714;B
20240919;110045;662.8;11;11201373715;B
20240919;110045;662.8;8;11201373716;B
20240919;110045;662.8;30;11201373717;B
20240919;110045;662.8;391;11201373718;B
20240919;110045;663;1;11201373719;B
20240919;110045;663;1;11201373720;B
20240919;110045;663;50;11201373721;B
20240919;110045;663;300;11201373722;B
20240919;110045;663;2;11201373723;B
20240919;110045;663.2;3874;11201373724;B
20240919;110151;662.8;1;11201438180;B
20240919;110205;662.4;1;11201452577;S
20240919;110250;662.8;23;11201499030;B
20240919;110250;662.8;30;11201499031;B
20240919;110326;662.8;24;11201537996;B
20240919;110329;662.2;9;11201541015;S
20240919;110412;661.8;1;11201567777;S
20240919;110426;661.8;5;11201569391;B
20240919;110426;661.8;36;11201569392;B
20240919;110545;662;10;11201578347;S
20240919;110629;662;1;11201583136;S
20240919;110724;662.6;16;11201589551;B
20240919;110740;662.6;135;11201591512;B
20240919;110740;662.6;40;11201591513;B
20240919;110740;662.6;1;11201591514;B
20240919;110740;662.8;1;11201591515;B
20240919;110740;662.8;8;11201591516;B
20240919;110740;662.8;3;11201591517;B
20240919;110740;662.8;3;11201591518;B
20240919;110740;662.8;1;11201591519;B
20240919;110740;662.8;3;11201591520;B
20240919;110740;662.8;4;11201591521;B
20240919;110740;662.8;1;11201591522;B
20240919;110740;662.8;1;11201591523;B
20240919;110740;662.8;4;11201591524;B
20240919;110758;662.6;24;11201593948;B
20240919;110758;662.8;2;11201593949;B
20240919;110758;662.8;1;11201593950;B
20240919;110758;662.8;1;11201593951;B
20240919;110758;662.8;1;11201593952;B
20240919;110758;662.8;1;11201593953;B
20240919;110758;662.8;8;11201593954;B
20240919;110758;662.8;2;11201593955;B
20240919;110758;662.8;4;11201593956;B
20240919;110758;662.8;1;11201593957;B
20240919;110758;662.8;1;11201593958;B
20240919;110758;662.8;2;11201593959;B
20240919;110758;662.8;2;11201593960;B
20240919;110924;662.6;5;11201603420;B
20240919;110924;662.6;40;11201603421;B
20240919;110924;662.6;8;11201603422;B
20240919;110924;662.8;4;11201603423;B
20240919;110924;662.8;1;11201603424;B
20240919;110924;662.8;1;11201603425;B
20240919;110924;662.8;1;11201603426;B
20240919;110924;662.8;1;11201603427;B
20240919;110924;662.8;7;11201603428;B
20240919;110924;662.8;1;11201603429;B
20240919;110924;662.8;13;11201603430;B
20240919;110924;662.8;1;11201603431;B
20240919;110924;662.8;6;11201603432;B
20240919;110924;662.8;1;11201603433;B
20240919;110924;662.8;24;11201603434;B
20240919;110924;662.8;4;11201603435;B
20240919;110924;662.8;4;11201603436;B
20240919;110924;662.8;6;11201603437;B
20240919;110924;662.8;8;11201603438;B
20240919;110924;662.8;1;11201603439;B
20240919;110924;662.8;1;11201603440;B
20240919;110924;662.8;1;11201603441;B
20240919;110924;662.8;1;11201603442;B
20240919;110924;662.8;1;11201603443;B
20240919;110924;662.8;2;11201603444;B
20240919;110924;662.8;1;11201603445;B
20240919;110924;662.8;4;11201603446;B
20240919;110924;662.8;2;11201603447;B
20240919;110924;662.8;2;11201603448;B
20240919;110924;662.8;1;11201603449;B
20240919;110924;662.8;1;11201603450;B
20240919;110924;662.8;8;11201603451;B
20240919;110924;662.8;3;11201603452;B
20240919;110924;662.8;2;11201603453;B
20240919;110924;662.8;1;11201603454;B
20240919;110924;662.8;3;11201603455;B
20240919;110924;662.8;7;11201603456;B
20240919;110924;662.8;3;11201603457;B
20240919;110924;662.8;1;11201603458;B
20240919;110924;662.8;5;11201603459;B
20240919;110924;662.8;1;11201603460;B
20240919;110924;662.8;2;11201603461;B
20240919;110924;662.8;1;11201603462;B
20240919;110924;662.8;6;11201603463;B
20240919;110924;662.8;1;11201603464;B
20240919;110924;662.8;4;11201603465;B
20240919;110924;662.8;2;11201603466;B
20240919;110924;662.8;2;11201603467;B
20240919;110924;662.8;6;11201603468;B
20240919;110924;662.8;7;11201603469;B
20240919;110924;662.8;3;11201603470;B
20240919;110924;662.8;1;11201603471;B
20240919;110924;662.8;1;11201603472;B
20240919;110924;662.8;4;11201603473;B
20240919;110924;662.8;2;11201603474;B
20240919;110924;662.8;1;11201603475;B
20240919;110924;662.8;1;11201603476;B
20240919;110924;662.8;4;11201603477;B
20240919;110924;662.8;1;11201603478;B
20240919;110924;662.8;1;11201603479;B
20240919;110924;662.8;1;11201603480;B
20240919;110924;662.8;1;11201603481;B
20240919;110924;662.8;4;11201603482;B
20240919;110924;662.8;1;11201603483;B
20240919;110924;662.8;1;11201603484;B
20240919;110924;662.8;1;11201603485;B
20240919;110924;662.8;1;11201603486;B
20240919;110924;662.8;2;11201603487;B
20240919;110933;662.6;151;11201604688;B
20240919;110933;662.6;40;11201604689;B
20240919;110942;662.8;75;11201605587;B
20240919;110942;662.8;3;11201605588;B
20240919;110942;662.8;3;11201605589;B
20240919;110942;662.8;1;11201605590;B
20240919;110942;662.8;3;11201605591;B
20240919;110942;662.8;15;11201605592;B
20240919;110942;662.6;9;11201605651;S
20240919;111000;662.6;1;11201607856;B
20240919;111000;662.8;2;11201607857;B
20240919;111101;662.4;8;11201614417;B
20240919;111119;662.4;2;11201616150;B
20240919;111126;662.6;1;11201616717;B
20240919;111126;662.6;3;11201616718;B
20240919;111126;662.6;1;11201616719;B
20240919;111130;662.4;5;11201617130;S
20240919;111132;662.4;1;11201617283;S
20240919;111137;662.4;2;11201617731;S
20240919;111145;662.4;1;11201618722;B
20240919;111145;662.4;1;11201618723;B
20240919;111215;662.2;1;11201621943;S
20240919;111232;662.2;10;11201623988;S
20240919;111310;662.2;1;11201627981;S
20240919;111311;662.4;6;11201628118;B
20240919;111314;662.4;8;11201628391;B
20240919;111314;662.4;1;11201628392;B
20240919;111314;662.4;1;11201628393;B
20240919;111314;662.4;1;11201628394;B
20240919;111314;662.4;2;11201628395;B
20240919;111314;662.4;1;11201628396;B
20240919;111314;662.4;2;11201628397;B
20240919;111314;662.4;1;11201628398;B
20240919;111314;662.4;2;11201628399;B
20240919;111314;662.4;1;11201628400;B
20240919;111314;662.4;8;11201628401;B
20240919;111314;662.4;1;11201628402;B
20240919;111314;662.4;3;11201628403;B
20240919;111315;662.4;7;11201628511;B
20240919;111340;662.4;1;11201630713;B
20240919;111345;662.4;2;11201631291;B
20240919;111345;662.4;1;11201631292;B
20240919;111345;662.4;1;11201631293;B
20240919;111505;662.2;19;11201640410;S
20240919;111505;662.2;4;11201640411;S
20240919;111505;662.2;177;11201640412;S
20240919;111519;662.2;23;11201642341;S
20240919;111519;662;2;11201642342;S
20240919;111622;662;12;11201649642;S
20240919;111657;661.8;39;11201654076;S
20240919;111657;661.8;40;11201654077;S
20240919;111657;661.8;31;11201654078;S
20240919;111734;661.6;1;11201658886;S
20240919;111734;661.6;3;11201658887;S
20240919;111734;661.6;1;11201658888;S
20240919;111734;661.6;1;11201658889;S
20240919;111734;661.6;1;11201658903;S
20240919;111734;661.6;1;11201658904;S
20240919;111734;661.6;1;11201658905;S
20240919;111734;661.6;3;11201658906;S
20240919;111734;661.6;1;11201658907;S
20240919;111734;661.6;1;11201658908;S
20240919;111734;661.6;8;11201658909;S
20240919;111734;661.6;1;11201658910;S
20240919;111734;661.6;1;11201658911;S
20240919;111734;661.6;3;11201658919;S
20240919;111734;661.6;1;11201658920;S
20240919;111734;661.6;1;11201658922;S
20240919;111734;661.6;8;11201658924;S
20240919;111734;661.6;1;11201658931;S
20240919;111734;661.6;3;11201658933;S
20240919;111827;661.6;2;11201666405;B
20240919;111835;661.6;3;11201667686;B
20240919;111859;661.6;1;11201671694;B
20240919;111904;661.6;2;11201672838;B
20240919;111904;661.6;1;11201672839;B
20240919;111904;661.6;1;11201672840;B
20240919;111904;661.6;8;11201672841;B
20240919;111904;661.6;1;11201672842;B
20240919;111904;661.6;9;11201672843;B
20240919;111910;661.6;15;11201673841;B
20240919;111910;661.6;1;11201673842;B
20240919;111910;661.6;1;11201673843;B
20240919;111910;661.6;2;11201673844;B
20240919;111910;661.6;1;11201673845;B
20240919;111910;661.6;4;11201673846;B
20240919;111910;661.6;1;11201673847;B
20240919;111910;661.6;1;11201673848;B
20240919;111910;661.6;1;11201673849;B
20240919;111910;661.6;8;11201673850;B
20240919;111910;661.6;3;11201673851;B
20240919;111910;661.6;4;11201673852;B
20240919;111910;661.6;1;11201673853;B
20240919;111910;661.6;2;11201673854;B
20240919;111910;661.6;1;11201673855;B
20240919;111910;661.6;1;11201673856;B
20240919;111910;661.6;1;11201673857;B
20240919;111910;661.6;4;11201673858;B
20240919;111910;661.6;4;11201673859;B
20240919;111910;661.6;4;11201673860;B
20240919;111910;661.6;1;11201673861;B
20240919;111910;661.6;1;11201673862;B
20240919;111910;661.6;13;11201673863;B
20240919;111910;661.6;1;11201673864;B
20240919;111910;661.6;1;11201673865;B
20240919;111914;661.6;3;11201674874;B
20240919;111916;661.6;2;11201675187;B
20240919;111916;661.6;1;11201675188;B
20240919;111916;661.6;2;11201675189;B
20240919;111916;661.6;2;11201675190;B
20240919;111916;661.6;1;11201675191;B
20240919;111916;661.6;3;11201675192;B
20240919;111916;661.6;8;11201675193;B
20240919;111916;661.6;1;11201675194;B
20240919;111916;661.6;1;11201675195;B
20240919;111916;661.6;6;11201675196;B
20240919;111916;661.6;2;11201675197;B
20240919;111916;661.6;1;11201675198;B
20240919;111916;661.6;6;11201675199;B
20240919;111916;661.6;7;11201675200;B
20240919;111916;661.6;3;11201675201;B
20240919;111916;661.6;1;11201675202;B
20240919;111916;661.6;1;11201675203;B
20240919;111916;661.6;1;11201675204;B
20240919;111916;661.6;1;11201675205;B
20240919;111916;661.6;2;11201675206;B
20240919;111916;661.6;3;11201675207;B
20240919;111916;661.6;4;11201675208;B
20240919;111916;661.6;1;11201675209;B
20240919;111916;661.6;6;11201675210;B
20240919;111916;661.6;1;11201675211;B
20240919;111916;661.6;1;11201675212;B
20240919;111916;661.6;3;11201675213;B
20240919;111916;661.6;5;11201675214;B
20240919;111916;661.6;2;11201675215;B
20240919;111916;661.6;7;11201675216;B
20240919;111916;661.6;28;11201675217;B
20240919;111916;661.6;1;11201675218;B
20240919;111916;661.6;1;11201675219;B
20240919;111916;661.6;2;11201675220;B
20240919;111916;661.6;1;11201675221;B
20240919;111916;661.6;53;11201675222;B
20240919;111922;661.6;2;11201676214;B
20240919;111928;661.6;22;11201677305;B
20240919;111928;661.6;1;11201677306;B
20240919;111928;661.6;7;11201677307;B
20240919;111928;661.6;2;11201677308;B
20240919;111928;661.6;1;11201677309;B
20240919;111928;661.6;4;11201677310;B
20240919;111928;661.6;1;11201677311;B
20240919;111928;661.6;4;11201677312;B
20240919;111928;661.6;1;11201677313;B
20240919;111928;661.6;4;11201677314;B
20240919;111928;661.6;6;11201677315;B
20240919;111928;661.6;2;11201677316;B
20240919;111928;661.6;3;11201677317;B
20240919;111928;661.6;3;11201677318;B
20240919;111928;661.6;3;11201677319;B
20240919;111928;661.6;6;11201677320;B
20240919;111928;661.6;3;11201677321;B
20240919;111928;661.6;1;11201677322;B
20240919;111928;661.6;2;11201677323;B
20240919;111928;661.6;1;11201677324;B
20240919;111928;661.6;10;11201677325;B
20240919;111933;661.6;19;11201678145;B
20240919;111939;661.6;5;11201679526;B
20240919;111944;661.6;9;11201680462;B
20240919;111946;661.6;5;11201680963;B
20240919;111949;661.6;3;11201681421;B
20240919;111953;661.6;39;11201682074;B
20240919;111953;661.6;8;11201682075;B
20240919;111953;661.6;3;11201682076;B
20240919;111954;661.6;1;11201682223;B
20240919;111954;661.6;8;11201682224;B
20240919;111954;661.6;1;11201682225;B
20240919;112001;661.6;24;11201683529;B
20240919;112001;661.6;1;11201683530;B
20240919;112001;661.6;1;11201683531;B
20240919;112001;661.6;2;11201683532;B
20240919;112001;661.6;1;11201683533;B
20240919;112001;661.6;4;11201683534;B
20240919;112001;661.6;1;11201683535;B
20240919;112001;661.6;1;11201683536;B
20240919;112001;661.6;8;11201683537;B
20240919;112001;661.6;1;11201683538;B
20240919;112001;661.6;2;11201683539;B
20240919;112001;661.6;3;11201683540;B
20240919;112001;661.6;1;11201683541;B
20240919;112001;661.6;1;11201683542;B
20240919;112001;661.6;4;11201683543;B
20240919;112001;661.6;4;11201683544;B
20240919;112001;661.6;1;11201683545;B
20240919;112001;661.6;4;11201683546;B
20240919;112001;661.6;13;11201683547;B
20240919;112001;661.6;1;11201683548;B
20240919;112001;661.6;1;11201683549;B
20240919;112001;661.6;4;11201683550;B
20240919;112001;661.6;1;11201683551;B
20240919;112001;661.6;1;11201683552;B
20240919;112001;661.6;4;11201683553;B
20240919;112001;661.6;2;11201683554;B
20240919;112001;661.6;2;11201683555;B
20240919;112001;661.6;1;11201683556;B
20240919;112001;661.6;2;11201683557;B
20240919;112001;661.6;1;11201683558;B
20240919;112001;661.6;7;11201683559;B
20240919;112001;661.6;3;11201683560;B
20240919;112001;661.6;1;11201683561;B
20240919;112001;661.6;1;11201683562;B
20240919;112001;661.6;1;11201683563;B
20240919;112001;661.6;1;11201683564;B
20240919;112001;661.6;1;11201683565;B
20240919;112001;661.6;1;11201683566;B
20240919;112001;661.6;8;11201683567;B
20240919;112001;661.6;3;11201683568;B
20240919;112001;661.6;2;11201683569;B
20240919;112001;661.6;1;11201683570;B
20240919;112001;661.6;1;11201683571;B
20240919;112001;661.6;28;11201683572;B
20240919;112001;661.6;3;11201683573;B
20240919;112001;661.6;6;11201683574;B
20240919;112001;661.6;6;11201683575;B
20240919;112001;661.6;1;11201683576;B
20240919;112001;661.6;5;11201683577;B
20240919;112001;661.6;1;11201683578;B
20240919;112001;661.6;1;11201683579;B
20240919;112001;661.6;1;11201683580;B
20240919;112001;661.6;6;11201683581;B
20240919;112001;661.6;4;11201683582;B
20240919;112001;661.6;2;11201683583;B
20240919;112001;661.6;1;11201683584;B
20240919;112006;661.6;6;11201684597;B
20240919;112006;661.6;2;11201684598;B
20240919;112006;661.6;1;11201684599;B
20240919;112006;661.6;2;11201684600;B
20240919;112006;661.6;3;11201684601;B
20240919;112006;661.6;38;11201684602;B
20240919;112011;661.6;1;11201685424;B
20240919;112016;661.6;18;11201686187;B
20240919;112021;661.6;8;11201686908;B
20240919;112026;661.6;5;11201687931;B
20240919;112031;661.6;7;11201688674;B
20240919;112031;661.6;1;11201688675;B
20240919;112031;661.6;7;11201688676;B
20240919;112031;661.6;2;11201688677;B
20240919;112031;661.6;1;11201688678;B
20240919;112031;661.6;4;11201688679;B
20240919;112031;661.6;1;11201688680;B
20240919;112031;661.6;4;11201688681;B
20240919;112031;661.6;1;11201688682;B
20240919;112031;661.6;4;11201688683;B
20240919;112031;661.6;6;11201688684;B
20240919;112031;661.6;2;11201688685;B
20240919;112031;661.6;3;11201688686;B
20240919;112031;661.6;3;11201688687;B
20240919;112031;661.6;3;11201688688;B
20240919;112031;661.6;6;11201688689;B
20240919;112031;661.6;3;11201688690;B
20240919;112031;661.6;1;11201688691;B
20240919;112031;661.6;1;11201688692;B
20240919;112031;661.6;2;11201688693;B
20240919;112031;661.6;8;11201688694;B
20240919;112031;661.6;3;11201688695;B
20240919;112031;661.6;1;11201688696;B
20240919;112031;661.6;8;11201688697;B
20240919;112031;661.6;1;11201688698;B
20240919;112031;661.6;29;11201688699;B
20240919;112031;661.6;2;11201688700;B
20240919;112031;661.6;1;11201688701;B
20240919;112031;661.6;1;11201688702;B
20240919;112031;661.6;4;11201688703;B
20240919;112031;661.6;16;11201688704;B
20240919;112033;661.6;8;11201689037;B
20240919;112033;661.6;1;11201689038;B
20240919;112033;661.6;3;11201689039;B
20240919;112033;661.6;3;11201689040;B
20240919;112037;661.6;1;11201689855;B
20240919;112037;661.6;1;11201689856;B
20240919;112037;661.6;4;11201689857;B
20240919;112037;661.6;4;11201689858;B
20240919;112037;661.6;13;11201689859;B
20240919;112037;661.6;1;11201689860;B
20240919;112037;661.6;1;11201689861;B
20240919;112037;661.6;2;11201689862;B
20240919;112037;661.6;1;11201689863;B
20240919;112037;661.6;7;11201689864;B
20240919;112037;661.6;1;11201689865;B
20240919;112037;661.6;1;11201689866;B
20240919;112037;661.6;1;11201689867;B
20240919;112037;661.6;1;11201689868;B
20240919;112037;661.6;1;11201689869;B
20240919;112037;661.6;1;11201689870;B
20240919;112037;661.6;2;11201689871;B
20240919;112037;661.6;2;11201689872;B
20240919;112037;661.6;2;11201689873;B
20240919;112039;661.6;2;11201690284;B
20240919;112039;661.6;8;11201690285;B
20240919;112039;661.6;1;11201690286;B
20240919;112039;661.6;1;11201690287;B
20240919;112039;661.6;2;11201690288;B
20240919;112039;661.6;1;11201690289;B
20240919;112039;661.6;1;11201690290;B
20240919;112039;661.6;3;11201690291;B
20240919;112039;661.6;1;11201690292;B
20240919;112039;661.6;8;11201690293;B
20240919;112039;661.6;28;11201690294;B
20240919;112039;661.6;1;11201690295;B
20240919;112039;661.6;2;11201690296;B
20240919;112039;661.6;1;11201690297;B
20240919;112039;661.6;1;11201690298;B
20240919;112039;661.6;6;11201690299;B
20240919;112039;661.6;1;11201690300;B
20240919;112039;661.6;1;11201690301;B
20240919;112039;661.6;1;11201690302;B
20240919;112039;661.6;4;11201690303;B
20240919;112039;661.6;1;11201690304;B
20240919;112039;661.6;1;11201690305;B
20240919;112039;661.6;6;11201690306;B
20240919;112039;661.6;2;11201690307;B
20240919;112039;661.6;6;11201690308;B
20240919;112039;661.6;3;11201690309;B
20240919;112039;661.6;3;11201690310;B
20240919;112039;661.6;4;11201690311;B
20240919;112043;661.6;5;11201691069;B
20240919;112043;661.6;1;11201691070;B
20240919;112043;661.6;1;11201691071;B
20240919;112051;661.6;6;11201692831;B
20240919;112051;661.6;2;11201692832;B
20240919;112051;661.6;2;11201692833;B
20240919;112051;661.6;3;11201692834;B
20240919;112051;661.6;77;11201692835;B
20240919;112051;661.6;1;11201692836;B
20240919;112051;661.6;7;11201692837;B
20240919;112051;661.6;2;11201692838;B
20240919;112051;661.6;4;11201692839;B
20240919;112051;661.6;1;11201692840;B
20240919;112051;661.6;4;11201692841;B
20240919;112051;661.6;1;11201692842;B
20240919;112051;661.6;4;11201692843;B
20240919;112051;661.6;6;11201692844;B
20240919;112051;661.6;2;11201692845;B
20240919;112051;661.6;3;11201692846;B
20240919;112051;661.6;3;11201692847;B
20240919;112051;661.6;3;11201692848;B
20240919;112051;661.6;3;11201692849;B
20240919;112057;661.6;1;11201694141;B
20240919;112058;661.6;2;11201694308;B
20240919;112058;661.6;3;11201694309;B
20240919;112058;661.6;1;11201694310;B
20240919;112058;661.6;8;11201694311;B
20240919;112058;661.6;3;11201694312;B
20240919;112058;661.6;2;11201694313;B
20240919;112058;661.6;1;11201694314;B
20240919;112058;661.6;1;11201694315;B
20240919;112058;661.6;2;11201694316;B
20240919;112058;661.6;8;11201694317;B
20240919;112058;661.6;1;11201694318;B
20240919;112058;661.6;1;11201694319;B
20240919;112058;661.6;4;11201694320;B
20240919;112058;661.6;1;11201694321;B
20240919;112058;661.6;24;11201694322;B
20240919;112058;661.6;1;11201694323;B
20240919;112058;661.6;3;11201694324;B
20240919;112058;661.6;4;11201694325;B
20240919;112058;661.6;1;11201694326;B
20240919;112058;661.6;4;11201694327;B
20240919;112058;661.6;4;11201694328;B
20240919;112058;661.6;13;11201694329;B
20240919;112058;661.6;1;11201694330;B
20240919;112058;661.6;2;11201694331;B
20240919;112058;661.6;1;11201694332;B
20240919;112058;661.6;7;11201694333;B
20240919;112058;661.6;1;11201694334;B
20240919;112058;661.6;1;11201694335;B
20240919;112058;661.6;1;11201694336;B
20240919;112058;661.6;1;11201694337;B
20240919;112058;661.6;2;11201694338;B
20240919;112058;661.6;2;11201694339;B
20240919;112058;661.6;1;11201694340;B
20240919;112058;661.6;1;11201694341;B
20240919;112058;661.6;4;11201694342;B
20240919;112058;661.6;1;11201694343;B
20240919;112058;661.6;8;11201694344;B
20240919;112058;661.6;2;11201694345;B
20240919;112058;661.6;1;11201694346;B
20240919;112058;661.6;3;11201694347;B
20240919;112058;661.6;1;11201694348;B
20240919;112058;661.6;8;11201694349;B
20240919;112058;661.6;28;11201694350;B
20240919;112058;661.6;1;11201694351;B
20240919;112058;661.6;2;11201694352;B
20240919;112058;661.6;1;11201694353;B
20240919;112058;661.6;1;11201694354;B
20240919;112058;661.6;6;11201694355;B
20240919;112058;661.6;1;11201694356;B
20240919;112058;661.6;1;11201694357;B
20240919;112058;661.6;1;11201694358;B
20240919;112058;661.6;4;11201694359;B
20240919;112058;661.6;1;11201694360;B
20240919;112058;661.6;1;11201694361;B
20240919;112058;661.6;6;11201694362;B
20240919;112058;661.6;2;11201694363;B
20240919;112058;661.6;6;11201694364;B
20240919;112058;661.6;3;11201694365;B
20240919;112058;661.6;3;11201694366;B
20240919;112058;661.6;4;11201694367;B
20240919;112058;661.6;5;11201694368;B
20240919;112058;661.6;7;11201694369;B
20240919;112058;661.6;2;11201694370;B
20240919;112058;661.6;77;11201694371;B
20240919;112058;661.6;2;11201694372;B
20240919;112058;661.6;1;11201694373;B
20240919;112058;661.6;2;11201694374;B
20240919;112058;661.6;7;11201694375;B
20240919;112058;661.6;4;11201694376;B
20240919;112058;661.6;1;11201694377;B
20240919;112058;661.6;3;11201694378;B
20240919;112058;661.6;4;11201694379;B
20240919;112058;661.6;6;11201694380;B
20240919;112058;661.6;4;11201694381;B
20240919;112058;661.6;3;11201694382;B
20240919;112058;661.6;1;11201694383;B
20240919;112058;661.6;3;11201694384;B
20240919;112058;661.6;2;11201694385;B
20240919;112058;661.6;3;11201694386;B
20240919;112058;662;150;11201694387;B
20240919;112102;661.6;1;11201695087;B
20240919;112105;661.6;1;11201695761;B
20240919;112105;661.6;1;11201695762;B
20240919;112105;661.6;2;11201695763;B
20240919;112105;661.6;1;11201695764;B
20240919;112105;661.6;1;11201695765;B
20240919;112105;661.6;4;11201695766;B
20240919;112105;661.6;1;11201695767;B
20240919;112105;661.6;24;11201695768;B
20240919;112105;661.6;1;11201695769;B
20240919;112105;661.6;4;11201695770;B
20240919;112105;661.6;13;11201695771;B
20240919;112105;661.6;2;11201695772;B
20240919;112105;661.6;3;11201695773;B
20240919;112105;661.6;1;11201695774;B
20240919;112105;661.6;3;11201695775;B
20240919;112105;661.6;1;11201695776;B
20240919;112105;661.6;1;11201695777;B
20240919;112105;661.6;2;11201695778;B
20240919;112105;661.6;2;11201695779;B
20240919;112105;661.6;3;11201695780;B
20240919;112105;661.6;1;11201695781;B
20240919;112105;661.6;4;11201695782;B
20240919;112105;661.6;1;11201695783;B
20240919;112105;661.6;3;11201695784;B
20240919;112105;661.6;1;11201695785;B
20240919;112105;661.6;1;11201695786;B
20240919;112105;661.6;2;11201695787;B
20240919;112105;661.6;1;11201695788;B
20240919;112105;661.6;4;11201695789;B
20240919;112105;661.6;77;11201695790;B
20240919;112105;661.6;4;11201695791;B
20240919;112105;661.6;28;11201695792;B
20240919;112105;661.6;4;11201695793;B
20240919;112105;661.6;1;11201695794;B
20240919;112105;661.6;6;11201695795;B
20240919;112105;661.6;3;11201695796;B
20240919;112105;661.6;1;11201695797;B
20240919;112105;661.6;7;11201695798;B
20240919;112105;661.6;1;11201695799;B
20240919;112105;661.6;2;11201695800;B
20240919;112105;661.6;6;11201695801;B
20240919;112105;661.6;7;11201695802;B
20240919;112105;661.6;3;11201695803;B
20240919;112105;661.6;2;11201695804;B
20240919;112105;661.6;1;11201695805;B
20240919;112105;661.6;3;11201695806;B
20240919;112105;661.6;8;11201695807;B
20240919;112105;661.6;1;11201695808;B
20240919;112105;661.6;1;11201695809;B
20240919;112105;661.6;3;11201695810;B
20240919;112105;661.6;5;11201695811;B
20240919;112105;661.6;1;11201695812;B
20240919;112105;661.6;4;11201695813;B
20240919;112105;661.6;1;11201695814;B
20240919;112105;661.6;3;11201695815;B
20240919;112105;661.6;6;11201695816;B
20240919;112105;661.6;1;11201695817;B
20240919;112105;661.6;7;11201695818;B
20240919;112105;661.6;4;11201695819;B
20240919;112105;661.6;2;11201695820;B
20240919;112105;661.6;1;11201695821;B
20240919;112105;661.6;2;11201695822;B
20240919;112105;661.6;2;11201695823;B
20240919;112105;661.6;4;11201695824;B
20240919;112105;661.6;3;11201695825;B
20240919;112105;661.6;2;11201695826;B
20240919;112105;661.6;8;11201695827;B
20240919;112105;661.6;8;11201695828;B
20240919;112105;661.6;4;11201695829;B
20240919;112105;661.6;8;11201695830;B
20240919;112105;661.6;1;11201695831;B
20240919;112105;661.6;6;11201695832;B
20240919;112105;661.6;1;11201695833;B
20240919;112105;661.6;1;11201695834;B
20240919;112105;661.6;6;11201695835;B
20240919;112105;662;138;11201695836;B
20240919;112105;662.4;1;11201695837;B
20240919;112105;662.4;5;11201695838;B
20240919;112105;662.4;23;11201695839;B
20240919;112105;662.8;5;11201695840;B
20240919;112105;662.8;11;11201695841;B
20240919;112105;663;1;11201695842;B
20240919;112105;663;100;11201695843;B
20240919;112105;663;20;11201695844;B
20240919;112105;663;6;11201695845;B
20240919;112105;663;4;11201695846;B
20240919;112105;663;2;11201695847;B
20240919;112105;663;2;11201695848;B
20240919;112105;663;100;11201695849;B
20240919;112105;663;182;11201695850;B
20240919;112105;663.2;2051;11201695851;B
20240919;112105;661.6;2;11201695860;B
20240919;112110;661.6;2;11201696700;B
20240919;112110;661.6;1;11201696701;B
20240919;112110;661.6;1;11201696702;B
20240919;112110;661.6;4;11201696703;B
20240919;112110;661.6;1;11201696704;B
20240919;112110;661.6;16;11201696705;B
20240919;112111;661.6;1;11201696828;B
20240919;112111;661.6;5;11201696870;B
20240919;112117;661.6;1;11201697984;B
20240919;112119;661.6;1;11201698245;B
20240919;112119;661.6;1;11201698246;B
20240919;112119;661.6;13;11201698247;B
20240919;112119;661.6;2;11201698248;B
20240919;112119;661.6;3;11201698249;B
20240919;112119;661.6;1;11201698250;B
20240919;112119;661.6;3;11201698251;B
20240919;112119;661.6;1;11201698252;B
20240919;112119;661.6;1;11201698253;B
20240919;112119;661.6;2;11201698254;B
20240919;112119;661.6;2;11201698255;B
20240919;112119;661.6;1;11201698337;B
20240919;112119;661.6;3;11201698338;B
20240919;112119;661.6;2;11201698339;B
20240919;112119;661.6;1;11201698340;B
20240919;112119;661.6;1;11201698341;B
20240919;112119;661.6;4;11201698342;B
20240919;112119;661.6;4;11201698343;B
20240919;112119;661.6;6;11201698344;B
20240919;112119;661.6;3;11201698345;B
20240919;112119;661.6;1;11201698346;B
20240919;112119;661.6;1;11201698347;B
20240919;112119;661.6;77;11201698348;B
20240919;112119;661.6;7;11201698349;B
20240919;112119;661.6;1;11201698350;B
20240919;112119;661.6;4;11201698351;B
20240919;112119;661.6;1;11201698352;B
20240919;112119;661.6;28;11201698353;B
20240919;112119;661.6;1;11201698354;B
20240919;112119;661.6;4;11201698355;B
20240919;112119;661.6;7;11201698356;B
20240919;112119;661.6;8;11201698357;B
20240919;112119;661.6;1;11201698358;B
20240919;112119;661.6;1;11201698359;B
20240919;112119;661.6;3;11201698360;B
20240919;112119;661.6;2;11201698361;B
20240919;112119;661.6;1;11201698362;B
20240919;112119;661.6;2;11201698363;B
20240919;112119;661.6;1;11201698364;B
20240919;112119;661.6;3;11201698365;B
20240919;112119;661.6;3;11201698366;B
20240919;112119;661.6;8;11201698367;B
20240919;112119;661.6;6;11201698368;B
20240919;112119;661.6;4;11201698369;B
20240919;112119;661.6;1;11201698370;B
20240919;112119;661.6;5;11201698371;B
20240919;112119;661.6;1;11201698372;B
20240919;112119;661.6;1;11201698373;B
20240919;112119;661.6;1;11201698374;B
20240919;112119;661.6;4;11201698375;B
20240919;112119;661.6;8;11201698376;B
20240919;112119;661.6;3;11201698377;B
20240919;112119;661.6;6;11201698378;B
20240919;112119;661.6;8;11201698379;B
20240919;112119;661.6;1;11201698380;B
20240919;112119;661.6;7;11201698381;B
20240919;112119;661.6;4;11201698382;B
20240919;112119;661.6;6;11201698387;B
20240919;112119;661.6;2;11201698388;B
20240919;112119;661.6;1;11201698389;B
20240919;112119;661.6;2;11201698390;B
20240919;112119;661.6;6;11201698391;B
20240919;112119;661.6;3;11201698392;B
20240919;112119;661.6;1;11201698433;B
20240919;112119;661.6;4;11201698434;B
20240919;112119;661.6;2;11201698435;B
20240919;112119;661.6;2;11201698436;B
20240919;112119;661.6;3;11201698437;B
20240919;112119;661.6;2;11201698438;B
20240919;112119;661.6;2;11201698439;B
20240919;112119;661.6;1;11201698440;B
20240919;112119;661.6;1;11201698441;B
20240919;112119;661.6;4;11201698442;B
20240919;112119;661.6;1;11201698443;B
20240919;112119;661.6;24;11201698444;B
20240919;112119;661.6;13;11201698445;B
20240919;112119;661.6;2;11201698446;B
20240919;112119;661.6;3;11201698447;B
20240919;112119;661.6;3;11201698448;B
20240919;112119;661.6;1;11201698449;B
20240919;112119;661.6;1;11201698450;B
20240919;112119;661.6;1;11201698451;B
20240919;112119;661.6;2;11201698452;B
20240919;112119;661.6;1;11201698453;B
20240919;112119;661.6;3;11201698454;B
20240919;112119;661.6;2;11201698455;B
20240919;112119;661.6;1;11201698456;B
20240919;112119;661.6;4;11201698457;B
20240919;112119;661.6;6;11201698458;B
20240919;112119;661.6;4;11201698459;B
20240919;112119;661.6;3;11201698460;B
20240919;112119;661.6;1;11201698461;B
20240919;112119;661.6;1;11201698462;B
20240919;112119;661.6;77;11201698463;B
20240919;112119;661.6;7;11201698464;B
20240919;112119;661.6;1;11201698465;B
20240919;112119;661.6;4;11201698466;B
20240919;112119;661.6;28;11201698467;B
20240919;112119;661.6;1;11201698468;B
20240919;112119;661.6;4;11201698469;B
20240919;112119;661.6;7;11201698470;B
20240919;112119;661.6;8;11201698471;B
20240919;112119;661.6;1;11201698472;B
20240919;112119;661.6;3;11201698473;B
20240919;112119;661.6;2;11201698474;B
20240919;112119;661.6;2;11201698475;B
20240919;112119;661.6;1;11201698476;B
20240919;112119;661.6;1;11201698477;B
20240919;112119;661.6;1;11201698478;B
20240919;112119;661.6;3;11201698479;B
20240919;112119;661.6;3;11201698480;B
20240919;112119;661.6;6;11201698481;B
20240919;112119;661.6;4;11201698482;B
20240919;112119;661.6;1;11201698483;B
20240919;112119;661.6;8;11201698484;B
20240919;112119;661.6;1;11201698485;B
20240919;112119;661.6;5;11201698486;B
20240919;112119;661.6;1;11201698487;B
20240919;112119;661.6;4;11201698488;B
20240919;112119;661.6;1;11201698489;B
20240919;112119;661.6;3;11201698490;B
20240919;112119;661.6;6;11201698491;B
20240919;112119;661.6;1;11201698492;B
20240919;112119;661.6;4;11201698493;B
20240919;112119;661.6;8;11201698494;B
20240919;112119;661.6;7;11201698495;B
20240919;112119;661.6;6;11201698496;B
20240919;112119;661.6;2;11201698497;B
20240919;112119;661.6;1;11201698498;B
20240919;112119;661.6;2;11201698499;B
20240919;112119;661.6;6;11201698500;B
20240919;112119;661.8;13;11201698504;S
20240919;112119;661.8;2;11201698505;S
20240919;112119;661.8;1;11201698506;S
20240919;112119;661.8;1;11201698507;S
20240919;112119;661.8;2;11201698508;S
20240919;112119;661.8;1;11201698509;S
20240919;112119;661.8;24;11201698510;S
20240919;112119;661.8;2;11201698514;S
20240919;112119;661.8;1;11201698515;S
20240919;112119;661.8;3;11201698516;S
20240919;112119;661.8;4;11201698517;S
20240919;112119;661.8;1;11201698518;S
20240919;112119;661.8;7;11201698519;S
20240919;112119;661.8;2;11201698520;S
20240919;112119;661.8;4;11201698522;S
20240919;112119;661.8;1;11201698523;S
20240919;112119;661.8;3;11201698524;S
20240919;112119;661.8;4;11201698525;S
20240919;112119;661.8;1;11201698526;S
20240919;112119;661.8;1;11201698527;S
20240919;112119;661.8;4;11201698528;S
20240919;112119;661.8;1;11201698529;S
20240919;112119;661.8;3;11201698533;S
20240919;112119;661.8;6;11201698535;S
20240919;112119;661.8;1;11201698536;S
20240919;112119;661.8;24;11201698537;S
20240919;112119;661.8;53;11201698538;S
20240919;112119;661.8;4;11201698539;S
20240919;112119;661.8;1;11201698540;S
20240919;112119;661.8;1;11201698541;S
20240919;112119;661.8;8;11201698542;S
20240919;112119;661.8;3;11201698544;S
20240919;112119;661.8;4;11201698545;S
20240919;112119;661.8;7;11201698546;S
20240919;112119;661.8;2;11201698547;S
20240919;112119;661.8;3;11201698548;S
20240919;112119;661.8;1;11201698549;S
20240919;112119;661.8;4;11201698550;S
20240919;112119;661.8;4;11201698552;S
20240919;112119;661.8;28;11201698553;S
20240919;112119;661.8;2;11201698554;S
20240919;112119;661.8;3;11201698555;S
20240919;112119;661.8;1;11201698556;S
20240919;112119;661.8;5;11201698557;S
20240919;112119;661.8;1;11201698558;S
20240919;112119;661.8;3;11201698559;S
20240919;112119;661.8;4;11201698560;S
20240919;112119;661.8;2;11201698561;S
20240919;112119;661.8;1;11201698562;S
20240919;112119;661.8;1;11201698564;S
20240919;112119;661.8;6;11201698565;S
20240919;112119;661.8;6;11201698566;S
20240919;112119;661.8;2;11201698567;S
20240919;112119;661.8;3;11201698568;S
20240919;112119;661.8;1;11201698569;S
20240919;112119;661.8;6;11201698570;S
20240919;112119;661.8;1;11201698571;S
20240919;112119;661.8;3;11201698572;S
20240919;112119;661.8;8;11201698573;S
20240919;112119;661.8;1;11201698574;S
20240919;112119;661.8;7;11201698575;S
20240919;112119;661.8;4;11201698576;S
20240919;112119;661.8;1;11201698577;S
20240919;112119;661.8;1;11201698578;S
20240919;112119;661.8;6;11201698579;S
20240919;112119;661.8;2;11201698580;S
20240919;112119;661.8;1;11201698588;S
20240919;112119;661.8;4;11201698590;S
20240919;112119;661.8;2;11201698591;S
20240919;112119;661.8;1;11201698592;S
20240919;112119;661.8;2;11201698594;S
20240919;112119;661.8;24;11201698596;S
20240919;112119;661.8;2;11201698597;S
20240919;112119;661.8;4;11201698598;S
20240919;112119;661.8;1;11201698599;S
20240919;112119;661.8;7;11201698600;S
20240919;112119;661.8;1;11201698601;S
20240919;112119;661.8;1;11201698602;S
20240919;112119;661.8;1;11201698603;S
20240919;112119;661.8;1;11201698604;S
20240919;112119;661.8;3;11201698605;S
20240919;112119;661.8;3;11201698606;S
20240919;112119;661.8;4;11201698607;S
20240919;112119;661.8;1;11201698608;S
20240919;112119;661.8;1;11201698610;S
20240919;112119;661.8;1;11201698612;S
20240919;112119;661.8;1;11201698613;S
20240919;112119;661.8;3;11201698614;S
20240919;112119;661.8;3;11201698615;S
20240919;112119;661.8;1;11201698616;S
20240919;112119;661.8;1;11201698617;S
20240919;112119;661.8;2;11201698618;S
20240919;112119;661.8;5;11201698619;S
20240919;112119;661.8;28;11201698620;S
20240919;112119;661.8;4;11201698621;S
20240919;112119;661.8;8;11201698622;S
20240919;112119;661.6;69;11201698623;S
20240919;112119;661.6;4;11201698624;S
20240919;112119;661.6;1;11201698625;S
20240919;112119;661.6;1;11201698626;S
20240919;112119;661.6;3;11201698627;S
20240919;112119;661.6;7;11201698628;S
20240919;112119;661.6;1;11201698629;S
20240919;112119;661.6;4;11201698630;S
20240919;112119;661.6;3;11201698631;S
20240919;112119;661.6;3;11201698632;S
20240919;112119;661.6;3;11201698633;S
20240919;112119;661.6;2;11201698634;S
20240919;112119;661.6;1;11201698635;S
20240919;112119;661.6;2;11201698636;S
20240919;112119;661.6;1;11201698637;S
20240919;112119;661.6;6;11201698638;S
20240919;112119;661.6;1;11201698639;S
20240919;112119;661.6;1;11201698640;S
20240919;112119;661.6;5;11201698642;S
20240919;112119;661.6;3;11201698643;S
20240919;112119;661.6;3;11201698646;S
20240919;112119;661.6;1;11201698647;S
20240919;112119;661.6;7;11201698648;S
20240919;112119;661.6;5;11201698649;S
20240919;112119;661.6;1;11201698650;S
20240919;112119;661.6;1;11201698651;S
20240919;112119;661.6;2;11201698652;S
20240919;112119;661.6;1;11201698653;S
20240919;112119;661.6;2;11201698654;S
20240919;112119;661.6;5;11201698655;S
20240919;112119;661.6;2;11201698656;S
20240919;112119;661.6;1;11201698657;S
20240919;112119;661.6;1;11201698658;S
20240919;112119;661.6;1;11201698659;S
20240919;112119;661.6;1;11201698660;S
20240919;112119;661.6;3;11201698661;S
20240919;112119;661.6;1;11201698662;S
20240919;112119;661.6;4;11201698663;S
20240919;112119;661.6;1;11201698664;S
20240919;112119;661.6;3;11201698665;S
20240919;112119;661.6;1;11201698666;S
20240919;112119;661.6;1;11201698667;S
20240919;112119;661.6;2;11201698669;S
20240919;112119;661.6;13;11201698670;S
20240919;112119;661.6;4;11201698671;S
20240919;112119;661.6;4;11201698672;S
20240919;112119;661.6;4;11201698675;S
20240919;112119;661.6;1;11201698676;S
20240919;112119;661.6;1;11201698677;S
20240919;112119;661.6;2;11201698678;S
20240919;112119;661.6;2;11201698679;S
20240919;112119;661.6;1;11201698680;S
20240919;112119;661.6;2;11201698681;S
20240919;112119;661.6;1;11201698682;S
20240919;112120;661.6;3;11201698684;S
20240919;112120;661.6;1;11201698686;S
20240919;112120;661.6;1;11201698687;S
20240919;112120;661.6;1;11201698689;S
20240919;112120;661.6;2;11201698690;S
20240919;112120;661.6;1;11201698691;S
20240919;112120;661.6;1;11201698692;S
20240919;112120;661.6;1;11201698695;S
20240919;112120;661.6;1;11201698696;S
20240919;112120;661.6;3;11201698697;S
20240919;112120;661.6;1;11201698702;S
20240919;112120;661.6;1;11201698703;S
20240919;112120;661.6;2;11201698704;S
20240919;112120;661.6;1;11201698705;S
20240919;112120;661.6;1;11201698707;S
20240919;112120;661.6;2;11201698708;S
20240919;112120;661.6;1;11201698709;S
20240919;112120;661.6;1;11201698712;S
20240919;112120;661.6;1;11201698714;S
20240919;112120;661.6;2;11201698715;S
20240919;112120;661.6;1;11201698716;S
20240919;112120;661.6;1;11201698717;S
20240919;112120;661.6;1;11201698721;S
20240919;112120;661.6;1;11201698733;S
20240919;112120;661.6;1;11201698741;S
20240919;112120;661.6;2;11201698742;S
20240919;112120;661.6;1;11201698743;S
20240919;112120;661.6;1;11201698744;S
20240919;112120;661.6;1;11201698745;S
20240919;112120;661.6;1;11201698746;S
20240919;112120;661.6;1;11201698763;S
20240919;112120;661.6;1;11201698764;S
20240919;112120;661.6;1;11201698765;S
20240919;112146;662.6;7;11201703624;B
20240919;112158;662.4;7;11201706151;B
20240919;112158;662.6;40;11201706152;B
20240919;112158;662.6;8;11201706153;B
20240919;112219;662.8;5;11201709574;B
20240919;112219;662.8;5;11201709575;B
20240919;112219;662.8;40;11201709576;B
20240919;112219;663;5;11201709577;B
20240919;112219;663;21;11201709578;B
20240919;112219;663;12;11201709579;B
20240919;112219;663.2;12;11201709580;B
20240919;112227;663.2;40;11201710883;B
20240919;112340;662.4;1;11201720620;S
20240919;112340;662.4;4;11201720621;S
20240919;112421;662.8;1;11201726222;B
20240919;112421;662.8;9;11201726223;B
20240919;112453;662.8;2;11201730508;B
20240919;112455;662.8;23;11201730712;B
20240919;112455;662.8;40;11201730713;B
20240919;112513;663;1;11201733073;B
20240919;112513;663.2;99;11201733074;B
20240919;112606;663.2;2;11201739068;B
20240919;112645;663.2;4;11201743883;B
20240919;112647;663.2;1;11201744041;B
20240919;112736;663;8;11201750092;S
20240919;112736;663;5;11201750093;S
20240919;112736;663;5;11201750094;S
20240919;112741;663;21;11201750677;B
20240919;112741;663;59;11201750678;B
20240919;112811;663;10;11201758997;B
20240919;112819;663;2;11201760207;B
20240919;112835;663;2;11201763243;B
20240919;112851;662.8;30;11201766048;S
20240919;112906;663;52;11201768403;B
20240919;112918;663;12;11201769635;B
20240919;112918;663;1;11201769636;B
20240919;112918;663.2;7;11201769637;B
20240919;112939;663;10;11201771737;B
20240919;113058;662.8;164;11201779304;S
20240919;113110;662.8;4;11201780311;S
20240919;113144;663;18;11201783547;B
20240919;113144;663;40;11201783548;B
20240919;113144;663;214;11201783549;B
20240919;113144;663.2;1198;11201783550;B
20240919;113153;662.8;1;11201784398;S
20240919;113229;662.8;100;11201788107;S
20240919;113303;662.8;1;11201791443;S
20240919;113303;662.8;2;11201791444;S
20240919;113303;661.8;5;11201791445;S
20240919;113303;661.8;3;11201791446;S
20240919;113317;663;76;11201794023;B
20240919;113317;663;15;11201794024;B
20240919;113317;663;3;11201794025;B
20240919;113317;663;40;11201794026;B
20240919;113321;663.2;79;11201794647;B
20240919;113341;663;43;11201798328;B
20240919;113403;662.4;1;11201802622;S
20240919;113501;662.8;3;11201813937;B
20240919;113501;663;5;11201813938;B
20240919;113501;663.2;658;11201813939;B
20240919;113536;663.2;75;11201818529;B
20240919;113548;663.2;1;11201820050;B
20240919;113554;663.2;1;11201821199;B
20240919;113608;663.2;2;11201823441;B
20240919;113628;663.2;6;11201826088;B
20240919;113643;663.2;150;11201828017;B
20240919;113744;663;2;11201836933;S
20240919;113744;663.2;150;11201836969;B
20240919;113752;663.2;1;11201837671;B
20240919;113803;663.2;748;11201838790;B
20240919;113810;663.2;1;11201839499;B
20240919;113816;663.2;1;11201840097;B
20240919;113830;663.2;1;11201842413;B
20240919;113928;663.2;2;11201849776;B
20240919;113928;663;3;11201849849;S
20240919;114019;663.2;30;11201857764;B
20240919;114157;663;1;11201873188;S
20240919;114219;663;24;11201876886;S
20240919;114219;663;1;11201876887;S
20240919;114225;663;1;11201878066;S
20240919;114251;663;50;11201882376;S
20240919;114301;663.2;18;11201884131;B
20240919;114330;663;3;11201887386;S
20240919;114503;663.2;15;11201904907;B
20240919;114515;663.2;1;11201908277;B
20240919;114522;663.2;1;11201909642;B
20240919;114540;663;1;11201912657;S
20240919;114540;663.2;4;11201912680;B
20240919;114544;663.2;95;11201913541;B
20240919;114547;663.2;14;11201914076;B
20240919;114708;663;30;11201924774;S
20240919;114724;663.2;16;11201926363;B
20240919;114827;663;1;11201932894;S
20240919;114854;663.2;295;11201935996;B
20240919;114955;663;10;11201948163;S
20240919;114959;663.2;100;11201948636;B
20240919;115112;663.2;10;11201957913;B
20240919;115131;663;3;11201959576;S
20240919;115138;663.2;10;11201960556;B
20240919;115140;663.2;4651;11201960835;B
20240919;115140;663.2;100;11201960836;B
20240919;115140;663.2;5;11201960837;B
20240919;115140;663.2;8;11201960838;B
20240919;115140;663.2;1;11201960839;B
20240919;115140;663.2;1;11201960840;B
20240919;115140;663.2;2;11201960841;B
20240919;115140;663.2;6;11201960842;B
20240919;115140;663.2;150;11201960843;B
20240919;115140;663.2;368;11201960844;B
20240919;115154;663.6;10;11201962663;B
20240919;115154;663.6;8;11201962665;B
20240919;115154;663.6;1;11201962666;B
20240919;115154;663.6;1;11201962667;B
20240919;115154;664;11;11201962668;B
20240919;115154;664;1;11201962669;B
20240919;115154;664;40;11201962670;B
20240919;115154;664.2;88;11201962671;B
20240919;115154;664.2;22;11201962673;B
20240919;115154;664.4;78;11201962674;B
20240919;115155;664;31;11201962734;B
20240919;115155;664.4;15;11201962736;B
20240919;115202;664.4;2;11201963448;B
20240919;115202;664.4;5;11201963466;B
20240919;115211;664.4;10;11201964245;B
20240919;115213;664.4;1;11201964443;B
20240919;115227;664.2;1;11201965682;S
20240919;115227;664.2;1;11201965683;S
20240919;115245;664.4;23;11201968112;B
20240919;115245;664.6;27;11201968113;B
20240919;115303;664.6;5;11201969558;S
20240919;115318;664.6;1;11201970820;S
20240919;115324;664.6;1;11201971330;S
20240919;115336;664.8;2;11201972518;B
20240919;115402;664.8;2;11201975105;B
20240919;115424;664.6;2;11201977118;S
20240919;115431;664.6;4;11201977705;S
20240919;115431;664.6;10;11201977706;S
20240919;115450;664.6;50;11201979609;S
20240919;115453;664.6;50;11201979967;S
20240919;115520;664.6;5;11201983218;S
20240919;115526;664.6;5;11201983735;S
20240919;115619;664.8;102;11201988837;B
20240919;115619;664.8;59;11201988838;B
20240919;115619;664.8;40;11201988839;B
20240919;115619;665;1;11201988840;B
20240919;115619;665;25;11201988841;B
20240919;115619;665;80;11201988842;B
20240919;115619;665;7;11201988843;B
20240919;115619;665;1;11201988844;B
20240919;115619;665;5;11201988845;B
20240919;115619;665;1;11201988846;B
20240919;115619;665;5;11201988847;B
20240919;115620;665.2;50;11201988856;B
20240919;115704;665.2;1;11201993400;B
20240919;115704;665.2;2;11201993401;B
20240919;115707;665;10;11201993699;S
20240919;115710;665;79;11201993946;S
20240919;115716;665;157;11201994391;S
20240919;115752;665.2;15;11201997718;B
20240919;115829;665.2;33;11202003766;B
20240919;115829;665.2;7;11202003767;B
20240919;115829;665.2;6;11202003768;B
20240919;115831;665;3;11202004045;S
20240919;120050;665.2;4;11202018929;B
20240919;120050;665.4;21;11202018930;B
20240919;120050;665.4;125;11202018931;B
20240919;120306;665.2;1;11202035820;S
20240919;120328;665.2;20;11202038996;S
20240919;120329;665.2;2;11202039216;S
20240919;120409;665.6;1;11202047555;B
20240919;120409;665.6;12;11202047556;B
20240919;120409;665.6;1;11202047557;B
20240919;120409;665.6;1;11202047558;B
20240919;120409;665.6;5;11202047559;B
20240919;120409;665.6;2;11202047560;B
20240919;120409;665.6;3;11202047561;B
20240919;120409;665.6;3;11202047562;B
20240919;120409;665.6;3;11202047563;B
20240919;120413;665.4;1;11202048381;S
20240919;120416;665.6;1;11202048696;B
20240919;120455;665.4;30;11202057298;S
20240919;120455;665.2;20;11202057299;S
20240919;120455;665.2;42;11202057300;S
20240919;120458;665.6;1;11202058509;B
20240919;120501;665.6;16;11202059544;B
20240919;120539;665.4;20;11202070635;S
20240919;120548;665.6;1;11202073097;B
20240919;120551;665.4;1;11202073826;S
20240919;120611;665.6;20;11202077355;B
20240919;120611;665.8;3;11202077356;B
20240919;120611;665.8;100;11202077357;B
20240919;120611;665.8;65;11202077358;B
20240919;120611;665.8;1;11202077359;B
20240919;120611;665.8;98;11202077360;B
20240919;120611;666;9;11202077361;B
20240919;120611;666;3;11202077362;B
20240919;120622;665.8;10;11202078942;B
20240919;120645;665.8;14;11202082789;B
20240919;120645;665.8;136;11202082790;B
20240919;120648;665.4;18;11202083314;S
20240919;120648;665.4;40;11202083315;S
20240919;120648;665.4;2;11202083316;S
20240919;120710;665.8;2;11202086872;B
20240919;120751;665.2;205;11202093178;S
20240919;120823;665.8;62;11202097730;B
20240919;120823;666;138;11202097731;B
20240919;120825;665.4;50;11202097880;S
20240919;120827;665.8;3;11202098192;S
20240919;121024;665.8;143;11202113882;B
20240919;121024;666;57;11202113883;B
20240919;121105;665.4;2;11202119317;S
20240919;121105;665.4;14;11202119318;S
20240919;121149;665.8;100;11202126035;B
20240919;121149;666;143;11202126036;B
20240919;121231;665.8;30;11202132024;B
20240919;121232;665.8;1;11202132095;B
20240919;121243;665.4;1;11202133387;S
20240919;121243;665.4;20;11202133388;S
20240919;121404;665.6;1;11202145220;S
20240919;121404;665.4;1;11202145221;S
20240919;121404;665.2;9;11202145222;S
20240919;121404;665.2;40;11202145223;S
20240919;121405;665.2;1;11202145541;B
20240919;121410;665;2;11202146089;S
20240919;121423;665.2;1;11202148102;B
20240919;121441;665.2;1;11202151412;B
20240919;121454;665.2;16;11202153045;B
20240919;121459;665.2;1;11202153629;B
20240919;121505;665.2;3;11202154871;B
20240919;121544;665.2;5;11202159292;B
20240919;121630;665.2;1;11202165375;B
20240919;121721;665;3;11202173122;S
20240919;121814;665;4;11202180607;S
20240919;122005;665.2;1;11202196660;B
20240919;122013;665.2;1;11202197675;B
20240919;122023;665;14;11202201864;S
20240919;122031;665;2;11202205553;S
20240919;122031;665;16;11202205554;S
20240919;122031;665;25;11202205555;S
20240919;122031;665;2;11202205556;S
20240919;122031;665;24;11202205557;S
20240919;122031;665.2;51;11202205779;B
20240919;122044;665.2;9;11202211434;B
20240919;122044;665.2;6;11202211435;B
20240919;122052;665.2;2;11202214668;B
20240919;122109;665.2;5;11202222095;B
20240919;122115;665.2;1;11202224112;B
20240919;122118;665.2;136;11202224949;B
20240919;122118;665.2;11;11202224950;B
20240919;122133;665.2;1;11202226887;S
20240919;122147;665.8;1;11202228536;B
20240919;122309;666;80;11202238540;B
20240919;122332;665.8;1;11202241144;B
20240919;122503;666;1;11202252406;B
20240919;122601;665.6;1;11202260380;S
20240919;122604;665.4;2;11202260828;S
20240919;122611;665.4;16;11202261905;S
20240919;122611;665.4;134;11202261906;S
20240919;122630;665.4;166;11202264226;S
20240919;122630;665.2;2;11202264227;S
20240919;122630;665.2;75;11202264228;S
20240919;122630;665;124;11202264229;S
20240919;122630;665;44;11202264230;S
20240919;122630;665;40;11202264231;S
20240919;122917;665.6;1;11202287112;B
20240919;123018;665.6;1;11202296666;B
20240919;123046;665.6;2;11202301368;B
20240919;123051;665.6;1;11202302389;B
20240919;123143;665.6;5;11202310876;B
20240919;123220;665.6;5;11202318761;B
20240919;123422;665.6;4;11202338180;B
20240919;123428;665.6;1;11202338967;B
20240919;123447;665.6;3;11202342150;B
20240919;123452;665.6;1;11202342846;B
20240919;123459;665.6;30;11202344012;B
20240919;123517;665.6;1;11202346781;B
20240919;123601;665.4;100;11202354453;S
20240919;123601;665.4;55;11202354454;S
20240919;123601;665.4;1;11202354625;S
20240919;123608;665.6;28;11202356383;B
20240919;123608;665.4;1;11202356398;S
20240919;123623;666;10;11202360172;B
20240919;123740;665.4;15;11202372630;S
20240919;123740;665.2;4;11202372631;S
20240919;123808;666;1;11202378217;B
20240919;123825;666;3;11202380660;B
20240919;123840;666;1064;11202382926;B
20240919;123840;666;1;11202382927;B
20240919;123840;666;1000;11202382928;B
20240919;123840;666;75;11202382929;B
20240919;123840;666;1;11202382930;B
20240919;123840;666;1;11202382931;B
20240919;123840;666;829;11202382932;B
20240919;123840;666;1;11202382933;B
20240919;123840;666.4;28;11202382934;B
20240919;123841;666.8;12;11202383048;B
20240919;123841;667;10;11202383049;B
20240919;123841;667;145;11202383050;B
20240919;123841;667;33;11202383051;B
20240919;123842;666.4;13;11202383207;S
20240919;123855;666.6;1;11202385752;S
20240919;123855;666.6;5;11202385753;S
20240919;123928;667;10;11202391427;B
20240919;123945;667;400;11202394229;B
20240919;123946;667;57;11202394343;B
20240919;123946;667;5;11202394344;B
20240919;123946;667;20;11202394345;B
20240919;123946;667;10;11202394346;B
20240919;123946;667.2;5;11202394521;B
20240919;123946;667.2;3;11202394522;B
20240919;124035;667.2;10;11202404293;B
20240919;124106;667.8;3;11202411211;B
20240919;124106;667.8;22;11202411212;B
20240919;124106;667.8;75;11202411213;B
20240919;124125;668;1;11202413796;B
20240919;124125;668;10;11202413904;B
20240919;124125;668;15;11202413905;B
20240919;124125;668;20;11202413906;B
20240919;124125;668;6;11202413907;B
20240919;124125;668;1;11202413908;B
20240919;124125;668;2;11202413909;B
20240919;124125;668.6;1;11202413910;B
20240919;124125;668.6;98;11202413911;B
20240919;124126;668;15;11202414011;B
20240919;124126;668;300;11202414056;B
20240919;124136;667.8;24;11202415654;B
20240919;124136;668;26;11202415655;B
20240919;124136;668;50;11202415669;B
20240919;124138;668;100;11202416089;B
20240919;124141;668;5;11202416621;B
20240919;124144;668;2;11202417052;B
20240919;124151;668;2;11202417970;B
20240919;124154;667.4;2;11202418507;S
20240919;124204;668;10;11202420419;B
20240919;124207;668;5;11202421011;B
20240919;124207;668;85;11202421012;B
20240919;124219;668;2;11202422597;S
20240919;124229;668.6;9;11202423853;B
20240919;124303;668.6;30;11202429355;B
20240919;124303;668.6;40;11202429356;B
20240919;124303;668.8;11;11202429357;B
20240919;124303;668.8;10;11202429358;B
20240919;124303;668.8;9;11202429359;B
20240919;124353;668.2;1;11202437518;S
20240919;124353;668;7;11202437519;S
20240919;124406;667.8;20;11202439994;S
20240919;124406;667.8;24;11202439995;S
20240919;124419;668.6;5;11202441859;B
20240919;124610;668.8;9;11202458531;B
20240919;124628;669;1;11202460429;B
20240919;124628;669;4;11202460430;B
20240919;124649;669;5;11202463187;B
20240919;124654;669;2;11202463954;B
20240919;124710;668.8;1;11202466161;S
20240919;124720;668.8;15;11202467687;B
20240919;124724;668.8;10;11202468111;B
20240919;124736;668.6;2;11202469569;B
20240919;124739;668.6;1;11202470192;B
20240919;124810;668.4;335;11202473978;B
20240919;124810;668.4;27;11202473979;B
20240919;124810;668.6;40;11202473980;B
20240919;124810;668.8;3;11202473981;B
20240919;124810;669;74;11202473982;B
20240919;124816;668.4;31;11202474828;B
20240919;124816;668.6;19;11202474829;B
20240919;124822;668.8;3;11202475711;B
20240919;124832;668.8;100;11202477096;B
20240919;124836;668.8;7;11202477564;B
20240919;124906;668.4;4;11202481463;B
20240919;124913;668.4;190;11202482311;B
20240919;124925;668.2;5;11202483587;S
20240919;124925;668.2;5;11202483588;S
20240919;124925;668.2;40;11202483589;S
20240919;124925;668.2;25;11202483590;S
20240919;124929;668.4;6;11202484186;B
20240919;124929;668.4;44;11202484187;B
20240919;125107;668.6;15;11202495985;B
20240919;125128;668;100;11202498947;S
20240919;125128;668;500;11202498948;S
20240919;125128;668;40;11202498949;S
20240919;125128;668;23;11202498950;S
20240919;125206;667.6;40;11202503241;S
20240919;125206;667.6;31;11202503242;S
20240919;125217;668;1;11202504527;S
20240919;125238;668.4;1;11202506909;B
20240919;125316;668;2;11202511678;S
20240919;125336;668;1;11202513944;S
20240919;125336;668;32;11202513945;S
20240919;125457;668.8;1;11202523681;B
20240919;125619;668.4;50;11202534194;B
20240919;125706;668.4;3;11202540797;S
20240919;125706;668.2;12;11202540798;S
20240919;125706;668;10;11202540799;S
20240919;125706;668;12;11202540800;S
20240919;125706;668;40;11202540801;S
20240919;125706;667.6;7;11202540802;S
20240919;125706;667.6;91;11202540803;S
20240919;125730;668;2;11202543632;S
20240919;125730;668;10;11202543633;S
20240919;125751;667.6;5;11202546083;S
20240919;125751;667.6;21;11202546084;S
20240919;125751;667.4;40;11202546085;S
20240919;125751;667.2;36;11202546086;S
20240919;125751;666.8;50;11202546087;S
20240919;125751;666.8;48;11202546088;S
20240919;125752;667.6;31;11202546193;S
20240919;125752;667.4;27;11202546194;S
20240919;125752;667.4;40;11202546195;S
20240919;125752;666.8;302;11202546196;S
20240919;125803;667;2;11202547506;S
20240919;125833;667.2;29;11202550413;S
20240919;125833;667.2;21;11202550414;S
20240919;125853;667.6;39;11202552773;B
20240919;125853;667.6;40;11202552774;B
20240919;125853;667.6;21;11202552782;S
20240919;125853;667.4;23;11202552783;S
20240919;125901;667.6;10;11202553666;B
20240919;125905;667.6;43;11202554177;B
20240919;125921;667.6;1;11202556169;S
20240919;125950;667.6;10;11202559859;S
20240919;125957;668;1;11202560793;B
20240919;130017;668;390;11202563369;B
20240919;130023;668;62;11202563941;B
20240919;130133;667.6;46;11202574250;S
20240919;130133;667.6;20;11202574251;S
20240919;130133;667.2;40;11202574252;S
20240919;130133;667;14;11202574253;S
20240919;130133;667;38;11202574265;B
20240919;130158;667;10;11202577693;B
20240919;130222;667;1;11202580378;B
20240919;130346;666.6;30;11202591521;S
20240919;130346;666.4;97;11202591522;S
20240919;130346;666.4;30;11202591523;S
20240919;130346;666.4;43;11202591524;S
20240919;130410;665.8;180;11202594700;S
20240919;130410;665.8;12;11202594701;S
20240919;130410;665.8;8;11202594702;S
20240919;130413;665.6;9;11202595050;S
20240919;130414;665.6;1;11202595143;S
20240919;130414;665.6;7;11202595144;S
20240919;130414;665.6;40;11202595145;S
20240919;130414;665.6;20;11202595146;S
20240919;130414;665.4;5;11202595147;S
20240919;130414;665.2;116;11202595148;S
20240919;130414;665.2;11;11202595149;S
20240919;130433;665.4;11;11202598099;S
20240919;130519;665.8;2;11202604381;B
20240919;130524;665.8;2;11202605122;B
20240919;130527;665.4;39;11202605405;S
20240919;130527;665.4;30;11202605406;S
20240919;130527;665.4;1;11202605407;S
20240919;130527;665.2;111;11202605408;S
20240919;130527;665.2;15;11202605409;S
20240919;130527;665;386;11202605410;S
20240919;130527;665;12;11202605411;S
20240919;130527;665;1;11202605412;S
20240919;130527;665;85;11202605413;S
20240919;130527;665;40;11202605414;S
20240919;130601;665;9;11202610115;S
20240919;130623;665;2;11202612737;S
20240919;130624;665;50;11202612827;S
20240919;130643;665;586;11202615683;S
20240919;130643;665;12;11202615684;S
20240919;130643;665;2;11202615685;S
20240919;130709;665;645;11202619788;S
20240919;130709;665;1;11202619789;S
20240919;130710;665;10;11202619885;S
20240919;130721;665;88;11202621545;S
20240919;130726;665;100;11202622458;S
20240919;130727;665;1;11202622582;S
20240919;130734;665;99;11202623567;S
20240919;130743;665;100;11202631291;S
20240919;130747;665.2;1;11202635923;B
20240919;130749;665;100;11202638063;S
20240919;130753;665;10;11202641709;S
20240919;130755;665;90;11202645526;S
20240919;130800;665;151;11202650216;S
20240919;130800;664.4;149;11202650217;S
20240919;130835;664.2;15;11202687650;S
20240919;130835;664.2;84;11202687651;S
20240919;130836;664.2;1;11202688378;B
20240919;130922;665;14;11202734184;B
20240919;130949;664.6;11;11202763057;S
20240919;131244;664.2;43;11202806892;S
20240919;131314;664.2;23;11202810224;S
20240919;131316;664.2;126;11202810464;B
20240919;131438;664.2;1;11202820984;B
20240919;131530;664;1;11202827121;S
20240919;131530;664;112;11202827122;S
20240919;131530;664;30;11202827200;S
20240919;131559;664;526;11202830787;S
20240919;131559;664;1;11202830788;S
20240919;131559;664;2;11202830789;S
20240919;131559;664;8;11202830790;S
20240919;131559;664;1;11202830791;S
20240919;131559;664;3;11202830792;S
20240919;131559;663;10;11202830793;S
20240919;131559;663;1;11202830794;S
20240919;131559;663;10;11202830795;S
20240919;131559;663;27;11202830796;S
20240919;131600;662.8;1;11202830885;S
20240919;131600;662.8;2;11202830886;S
20240919;131600;662.8;30;11202830887;S
20240919;131600;662.8;16;11202830888;S
20240919;131600;662.4;1;11202830889;S
20240919;131601;663.6;2;11202831074;B
20240919;131605;663.4;10;11202831469;B
20240919;131605;663.4;10;11202831470;B
20240919;131618;663.4;40;11202832694;B
20240919;131618;663.4;40;11202832695;B
20240919;131623;663.4;50;11202833277;S
20240919;131647;664;5;11202837507;B
20240919;131652;663.8;2;11202837978;B
20240919;131717;663.8;5;11202842025;B
20240919;131940;664;1;11202856610;B
20240919;131946;664;99;11202857054;B
20240919;131946;664;40;11202857055;B
20240919;131946;664;86;11202857056;B
20240919;131946;664;25;11202857057;B
20240919;132000;664.2;3;11202858314;B
20240919;132010;664.2;147;11202859578;B
20240919;132010;664.2;1;11202859579;B
20240919;132010;664.2;77;11202859580;B
20240919;132012;664.2;10;11202859710;B
20240919;132020;664.2;2;11202860541;B
20240919;132039;664;39;11202862616;B
20240919;132039;664;2;11202862617;B
20240919;132039;664;40;11202862618;B
20240919;132039;664.2;40;11202862619;B
20240919;132039;664.8;6;11202862620;B
20240919;132039;664.8;10;11202862621;B
20240919;132039;665;63;11202862622;B
20240919;132211;664.2;1;11202871387;S
20240919;132540;664.6;1;11202890006;B
20240919;132542;664.2;2;11202890205;S
20240919;132542;664.2;6;11202890206;S
20240919;132542;664;20;11202890207;S
20240919;132542;664;13;11202890208;S
20240919;132542;663.8;1;11202890209;S
20240919;132542;663.8;30;11202890210;S
20240919;132542;663.8;30;11202890211;S
20240919;132542;663.8;40;11202890212;S
20240919;132542;663.6;58;11202890213;S
20240919;132623;663.6;42;11202893339;S
20240919;132623;663.6;40;11202893340;S
20240919;132623;663.6;34;11202893341;S
20240919;132627;663.4;100;11202893804;S
20240919;132632;663.6;12;11202894391;B
20240919;132757;663.4;46;11202902063;S
20240919;132801;663.4;24;11202902407;S
20240919;132801;663.4;1;11202902408;S
20240919;132801;663.2;100;11202902409;S
20240919;132801;663.2;72;11202902410;S
20240919;132801;662.6;3;11202902411;S
20240919;132817;663.6;1;11202903972;B
20240919;132829;662.8;39;11202905030;S
20240919;132829;662.8;41;11202905031;S
20240919;132829;662.6;94;11202905032;S
20240919;132852;662.6;1;11202906835;S
20240919;132853;663;424;11202906876;B
20240919;132853;663;40;11202906877;B
20240919;132853;663.2;1;11202906878;B
20240919;132853;663.2;1;11202906879;B
20240919;132853;663.2;24;11202906880;B
20240919;132903;663;1;11202907669;B
20240919;132903;663.2;5;11202907680;B
20240919;132912;662.8;1;11202908382;B
20240919;132914;663;1;11202908567;B
20240919;132914;663;1;11202908568;B
20240919;132917;663;1;11202908709;S
20240919;132918;663.2;30;11202908768;B
20240919;132922;663.2;10;11202909230;S
20240919;132929;663.2;10;11202910418;S
20240919;132929;663.2;488;11202910419;S
20240919;132938;662.6;152;11202911337;S
20240919;132938;662.6;60;11202911338;S
20240919;132938;662.6;88;11202911339;S
20240919;132955;662.6;60;11202912645;S
20240919;132956;662.6;5;11202912699;S
20240919;133017;662.6;220;11202914184;S
20240919;133018;662.6;1;11202914318;S
20240919;133051;662.6;20;11202917126;S
20240919;133102;662.6;3;11202918412;S
20240919;133123;662.6;1;11202920542;S
20240919;133127;662.6;80;11202920857;S
20240919;133127;662.6;22;11202920858;S
20240919;133132;662.6;1;11202921329;S
20240919;133139;662.6;1;11202921940;S
20240919;133145;662.6;7;11202922690;S
20240919;133149;662.6;5;11202923082;B
20240919;133205;662.4;1;11202924477;S
20240919;133247;662.4;98;11202928486;S
20240919;133247;662.4;100;11202928487;S
20240919;133247;662.4;1;11202928488;S
20240919;133247;662.4;7;11202928489;S
20240919;133248;662.4;50;11202928553;B
20240919;133315;662;2;11202931202;S
20240919;133315;662;1;11202931203;S
20240919;133316;662;4;11202931245;S
20240919;133316;662;1;11202931246;S
20240919;133316;662;50;11202931247;S
20240919;133316;661.8;162;11202931248;S
20240919;133316;661.8;10;11202931249;S
20240919;133316;661.6;9;11202931278;S
20240919;133320;661.8;7;11202931675;B
20240919;133330;661.6;1;11202932748;S
20240919;133331;661.6;1;11202932803;S
20240919;133332;661.6;1;11202932893;S
20240919;133332;661.6;1;11202932944;S
20240919;133333;661.6;1;11202933027;S
20240919;133334;661.6;1;11202933242;S
20240919;133335;661.2;1;11202933295;S
20240919;133336;661.2;45;11202933344;S
20240919;133350;661.8;1;11202934912;B
20240919;133406;661.4;299;11202936289;S
20240919;133406;661.4;343;11202936290;S
20240919;133406;661.4;97;11202936291;S
20240919;133406;661.4;46;11202936292;S
20240919;133406;661.2;32;11202936300;S
20240919;133448;661.2;1;11202940191;S
20240919;133448;661.2;9;11202940192;S
20240919;133451;661.2;80;11202940388;S
20240919;133501;661.2;30;11202941174;S
20240919;133517;661.2;80;11202942571;S
20240919;133556;661.2;301;11202946230;S
20240919;133556;661.2;55;11202946231;S
20240919;133556;661.2;1;11202946232;S
20240919;133556;661.2;42;11202946233;S
20240919;133559;661;5;11202946469;S
20240919;133559;661.2;18;11202946470;B
20240919;133600;661;2;11202946552;S
20240919;133616;661;18;11202948036;S
20240919;133616;661;1;11202948037;S
20240919;133616;661;61;11202948038;S
20240919;133623;661;39;11202948567;S
20240919;133623;661;24;11202948568;S
20240919;133623;661;17;11202948569;S
20240919;133629;661;5;11202949067;S
20240919;133631;661;80;11202949274;S
20240919;133642;661.2;10;11202950289;B
20240919;133652;661.2;50;11202951194;B
20240919;133655;661.2;50;11202951681;B
20240919;133657;661.2;50;11202951842;B
20240919;133659;661.2;50;11202951971;B
20240919;133700;661.2;1;11202952058;B
