<DATE>;<TIME>;<LAST>;<VOL>;<ID>;<OPER>
20241023;095949;708;1;11328175667;B
20241023;095949;708;10;11328175668;B
20241023;095949;708;17;11328175669;S
20241023;095949;708;70;11328175670;S
20241023;095949;708;2;11328175671;S
20241023;095949;708;1;11328175672;S
20241023;100000;708;44;11328177249;B
20241023;100003;708.4;1;11328179718;S
20241023;100003;708.6;1;11328179724;B
20241023;100004;708.4;3;11328180927;S
20241023;100004;708.6;1;11328180930;B
20241023;100004;708.6;1;11328181194;B
20241023;100004;708.4;6;11328181594;S
20241023;100004;708.4;1;11328182117;B
20241023;100005;708;1;11328183346;S
20241023;100005;708.4;1;11328183570;B
20241023;100005;708;5;11328183571;S
20241023;100005;708.4;1;11328183572;B
20241023;100006;708;4;11328184425;S
20241023;100006;708.4;1;11328184427;B
20241023;100031;708;2;11328191057;S
20241023;100033;708;3;11328191946;S
20241023;100043;708.2;10;11328194212;S
20241023;100043;708;75;11328194213;S
20241023;100043;708;153;11328194214;S
20241023;100043;707;1;11328194215;S
20241023;100043;707;50;11328194216;S
20241023;100043;706.2;25;11328194217;S
20241023;100043;706;1;11328194218;S
20241023;100043;706;14;11328194219;S
20241023;100043;706;30;11328194220;S
20241023;100043;705.8;141;11328194221;S
20241023;100043;706.2;20;11328194274;S
20241023;100043;706.2;20;11328194275;S
20241023;100043;706;15;11328194276;S
20241023;100043;706;2;11328194277;S
20241023;100043;705.8;198;11328194278;S
20241023;100043;705.8;198;11328194279;S
20241023;100043;705.6;1;11328194280;S
20241023;100043;705.6;46;11328194281;S
20241023;100043;705.6;56;11328194287;S
20241023;100043;705.6;56;11328194289;S
20241023;100043;705.6;56;11328194290;S
20241023;100043;705.6;56;11328194292;S
20241023;100043;705.6;56;11328194293;S
20241023;100043;705.6;9;11328194294;S
20241023;100043;705.4;47;11328194295;S
20241023;100043;705.4;56;11328194297;S
20241023;100043;705.4;10;11328194300;S
20241023;100043;705.4;46;11328194301;S
20241023;100051;706.4;1;11328196325;S
20241023;100131;706.4;9;11328203997;S
20241023;100131;705.8;13;11328203998;S
20241023;100131;705.6;8;11328203999;S
20241023;100131;705.6;13;11328204000;S
20241023;100131;705.4;67;11328204001;S
20241023;100131;705.4;15;11328204002;S
20241023;100131;705.2;300;11328204003;S
20241023;100131;705.2;113;11328204004;S
20241023;100131;705.2;113;11328204005;S
20241023;100131;705;1;11328204006;S
20241023;100131;705;90;11328204007;S
20241023;100131;705;113;11328204008;S
20241023;100131;704.8;115;11328204009;S
20241023;100131;704.8;30;11328204010;S
20241023;100132;705.8;1;11328204230;B
20241023;100132;705.8;13;11328204231;B
20241023;100132;705.8;7;11328204232;B
20241023;100132;705.8;7;11328204233;B
20241023;100132;705.8;13;11328204234;B
20241023;100132;706.4;1;11328204235;B
20241023;100132;706.4;14;11328204236;B
20241023;100132;706.4;14;11328204237;B
20241023;100132;706.4;14;11328204238;B
20241023;100132;706.4;14;11328204243;B
20241023;100132;706.4;14;11328204244;B
20241023;100132;706.4;14;11328204245;B
20241023;100132;705.2;16;11328204294;S
20241023;100132;705;4;11328204295;S
20241023;100132;705;85;11328204296;S
20241023;100132;705;20;11328204297;S
20241023;100132;705;20;11328204298;S
20241023;100132;704.8;83;11328204299;S
20241023;100132;704.6;72;11328204300;S
20241023;100134;704.8;17;11328204575;S
20241023;100134;704.6;43;11328204576;S
20241023;100134;704.6;10;11328204577;S
20241023;100145;705.4;2;11328206784;B
20241023;100145;705.4;1;11328206785;B
20241023;100145;706.6;1;11328206786;B
20241023;100145;706.8;21;11328206787;B
20241023;100145;706.8;193;11328206788;B
20241023;100150;704.6;8;11328207732;S
20241023;100150;704.6;2;11328207733;S
20241023;100150;704.6;56;11328207734;S
20241023;100150;706;14;11328207785;B
20241023;100150;706;6;11328207786;B
20241023;100150;706;8;11328207787;B
20241023;100150;706;12;11328207788;B
20241023;100150;706.2;2;11328207789;B
20241023;100155;706.2;4;11328208828;B
20241023;100156;704.8;1;11328209005;S
20241023;100156;704.8;20;11328209006;S
20241023;100156;704.8;11;11328209007;S
20241023;100156;706.2;14;11328209008;B
20241023;100218;705.2;1;11328213414;S
20241023;100218;705;49;11328213415;S
20241023;100229;705;5;11328215463;S
20241023;100229;705.8;14;11328215500;B
20241023;100229;705.8;2;11328215501;B
20241023;100229;706;12;11328215502;B
20241023;100229;706;14;11328215503;B
20241023;100229;706;14;11328215504;B
20241023;100230;706.2;14;11328215692;B
20241023;100230;706.2;14;11328215693;B
20241023;100247;705.2;10;11328218439;S
20241023;100250;705;5;11328218997;S
20241023;100250;705;1;11328218998;S
20241023;100250;705;4;11328218999;S
20241023;100250;706.2;14;11328219127;B
20241023;100250;706.2;6;11328219128;B
20241023;100250;706.2;8;11328219129;B
20241023;100250;706.2;12;11328219132;B
20241023;100250;706.4;2;11328219133;B
20241023;100255;705.8;1;11328219974;B
20241023;100308;705;23;11328222133;S
20241023;100308;705;6;11328222134;S
20241023;100308;705;20;11328222135;S
20241023;100308;705;20;11328222136;S
20241023;100308;704.8;31;11328222137;S
20241023;100309;705.8;14;11328222349;B
20241023;100309;705.8;2;11328222350;B
20241023;100309;706;12;11328222351;B
20241023;100309;706;14;11328222352;B
20241023;100320;704.8;8;11328224482;S
20241023;100320;704.8;3;11328224483;S
20241023;100320;704.8;14;11328224484;S
20241023;100320;704.8;9;11328224485;S
20241023;100320;704.8;16;11328224486;S
20241023;100320;704.8;34;11328224487;S
20241023;100320;704.6;81;11328224488;S
20241023;100321;705.8;14;11328224635;B
20241023;100321;705.8;1;11328224637;B
20241023;100321;705.8;13;11328224638;B
20241023;100328;704.8;10;11328226188;S
20241023;100342;705.6;1;11328228306;B
20241023;100342;705.6;5;11328228386;B
20241023;100342;705.8;9;11328228387;B
20241023;100342;705.8;14;11328228388;B
20241023;100433;704.8;8;11328235904;S
20241023;100434;704.6;20;11328235975;S
20241023;100435;705.6;1;11328236234;B
20241023;100435;705.6;2;11328236235;B
20241023;100435;705.8;10;11328236236;B
20241023;100435;705.8;1;11328236237;B
20241023;100435;705.8;14;11328236242;B
20241023;100435;705.8;6;11328236302;B
20241023;100438;705.8;1;11328236809;B
20241023;100439;705;15;11328236914;S
20241023;100439;704.8;27;11328236915;S
20241023;100450;705.8;152;11328238642;B
20241023;100450;705.8;12;11328238644;S
20241023;100500;705.8;6;11328240183;S
20241023;100513;705.8;9;11328242684;S
20241023;100538;705.8;4;11328247610;S
20241023;100540;705.8;17;11328247896;S
20241023;100540;705.8;9;11328247897;S
20241023;100619;704.4;115;11328257531;S
20241023;100619;704.4;103;11328257532;S
20241023;100619;704.4;20;11328257533;S
20241023;100619;704.2;79;11328257536;S
20241023;100619;704.2;36;11328257538;S
20241023;100619;704.2;34;11328257539;S
20241023;100619;704.4;14;11328257610;B
20241023;100619;704.4;14;11328257611;B
20241023;100619;704.4;14;11328257612;B
20241023;100619;704.4;14;11328257613;B
20241023;100619;704.4;6;11328257616;B
20241023;100619;705.4;8;11328257617;B
20241023;100619;705.4;14;11328257620;B
20241023;100619;705.4;14;11328257621;B
20241023;100619;705.4;14;11328257622;B
20241023;100619;705.4;14;11328257624;B
20241023;100700;705;13;11328266068;B
20241023;100700;705;21;11328266069;B
20241023;100700;705.2;15;11328266070;B
20241023;100700;705.2;13;11328266071;B
20241023;100700;705.4;300;11328266072;B
20241023;100700;705.6;3;11328266073;B
20241023;100700;705.8;3;11328266074;B
20241023;100700;705.8;3;11328266075;B
20241023;100700;705.8;50;11328266076;B
20241023;100700;705.8;120;11328266077;B
20241023;100700;706;22;11328266078;B
20241023;100701;704.6;11;11328266270;S
20241023;100701;704.6;16;11328266271;S
20241023;100701;704.6;3;11328266272;S
20241023;100709;705.4;3;11328267667;B
20241023;100709;705.8;11;11328267668;B
20241023;100709;706;2;11328267669;B
20241023;100709;706;1;11328267670;B
20241023;100709;706;3;11328267671;B
20241023;100709;706;11;11328267672;B
20241023;100709;706;67;11328267673;B
20241023;100710;704.6;10;11328267921;S
20241023;100724;705.8;10;11328270393;B
20241023;100730;704.8;10;11328272261;S
20241023;100742;705.8;10;11328274838;B
20241023;100755;705;20;11328277406;S
20241023;100759;704.6;17;11328278261;S
20241023;100803;704.4;10;11328279130;S
20241023;100803;704.2;40;11328279131;S
20241023;100813;704.2;26;11328281178;S
20241023;100813;704.2;10;11328281179;S
20241023;100813;704;1;11328281180;S
20241023;100813;704;115;11328281181;S
20241023;100813;704;112;11328281182;S
20241023;100813;704;1;11328281183;S
20241023;100813;704;1;11328281184;S
20241023;100813;704;5;11328281185;S
20241023;100813;703.8;29;11328281186;S
20241023;100813;703.8;8;11328281187;S
20241023;100813;703.8;10;11328281198;S
20241023;100818;704.4;3;11328281896;B
20241023;100818;704.4;7;11328281897;B
20241023;100820;704.4;18;11328282823;B
20241023;100821;704.4;32;11328283096;S
20241023;100821;704;18;11328283097;S
20241023;100821;703.8;68;11328283098;S
20241023;100821;703.8;82;11328283099;S
20241023;100823;703.8;30;11328283402;S
20241023;100825;703.8;10;11328283769;B
20241023;100829;703.6;112;11328284346;S
20241023;100829;703.2;15;11328284347;S
20241023;100829;703.2;120;11328284348;S
20241023;100829;703;1;11328284349;S
20241023;100829;703;1;11328284350;S
20241023;100829;703;309;11328284351;S
20241023;100829;703;35;11328284352;S
20241023;100829;703;100;11328284353;S
20241023;100829;703;15;11328284354;S
20241023;100829;702.4;292;11328284355;S
20241023;100829;702.6;25;11328284361;S
20241023;100829;703.2;3;11328284452;S
20241023;100830;703.6;2;11328284487;B
20241023;100830;703.2;1;11328284488;S
20241023;100830;703.2;4;11328284489;S
20241023;100830;703.2;60;11328284508;S
20241023;100831;703.6;10;11328284618;B
20241023;100834;703.6;10;11328285140;B
20241023;100836;703.2;22;11328285449;S
20241023;100836;703.2;20;11328285455;S
20241023;100837;703.6;10;11328285642;B
20241023;100840;703.2;40;11328285947;S
20241023;100840;702.8;17;11328285948;S
20241023;100840;702.6;16;11328285949;S
20241023;100840;702.4;25;11328285950;S
20241023;100842;703.4;10;11328286397;B
20241023;100843;703.4;10;11328286721;B
20241023;100849;703;10;11328287857;B
20241023;100858;702.4;10;11328289256;S
20241023;100858;702.4;10;11328289257;S
20241023;100858;702.4;42;11328289258;S
20241023;100858;702.2;438;11328289259;S
20241023;100859;702.4;1;11328289523;S
20241023;100903;702.8;2;11328290542;B
20241023;100908;702.8;10;11328291782;B
20241023;100908;703;40;11328291796;B
20241023;100919;702.4;2;11328295431;S
20241023;100919;703;10;11328295473;B
20241023;100922;703;10;11328296083;S
20241023;100931;703.2;10;11328298185;B
20241023;100932;703.2;1;11328298441;B
20241023;100935;703.2;10;11328299356;B
20241023;100937;703.2;10;11328299604;B
20241023;100938;703;9;11328299766;S
20241023;100945;703.2;9;11328301521;B
20241023;100945;703.2;1;11328301522;B
20241023;100947;703.2;10;11328302058;B
20241023;100949;703.2;10;11328302550;B
20241023;100951;703.2;1;11328302948;B
20241023;100951;703;2;11328302987;S
20241023;100951;703;49;11328303041;S
20241023;100951;703;25;11328303042;S
20241023;100952;703.2;10;11328303194;B
20241023;100957;703.2;10;11328304468;B
20241023;101000;703.2;10;11328305101;B
20241023;101001;703.2;10;11328305458;B
20241023;101002;703;2;11328305679;S
20241023;101004;703.2;10;11328306108;B
20241023;101014;703;1;11328309294;S
20241023;101017;703;14;11328309901;S
20241023;101028;703;35;11328311784;S
20241023;101028;703;70;11328311811;S
20241023;101029;703;1;11328311927;S
20241023;101031;703;10;11328312171;S
20241023;101052;703.2;2;11328316019;B
20241023;101053;703.2;26;11328316231;B
20241023;101053;703.2;60;11328316232;B
20241023;101053;703.2;70;11328316233;B
20241023;101100;703.4;50;11328318015;B
20241023;101107;703.4;32;11328319227;B
20241023;101111;703.4;2;11328319910;B
20241023;101122;703.2;13;11328321532;S
20241023;101122;703;2;11328321533;S
20241023;101122;702.6;11;11328321534;S
20241023;101122;702.4;5;11328321535;S
20241023;101122;702.4;2;11328321536;S
20241023;101122;702.4;2;11328321537;S
20241023;101141;703.2;10;11328324520;B
20241023;101141;703.4;36;11328324521;B
20241023;101141;703.4;242;11328324522;B
20241023;101153;703.4;100;11328326414;S
20241023;101153;703;20;11328326415;S
20241023;101153;702.8;20;11328326416;S
20241023;101153;702.4;5;11328326417;S
20241023;101153;702.2;62;11328326418;S
20241023;101153;702.2;2;11328326419;S
20241023;101153;702;1;11328326420;S
20241023;101153;702;1;11328326421;S
20241023;101153;702;1;11328326422;S
20241023;101153;702;2;11328326423;S
20241023;101153;702;6;11328326424;S
20241023;101153;702;14;11328326425;S
20241023;101153;702;100;11328326426;S
20241023;101153;702;2;11328326427;S
20241023;101153;701;1;11328326428;S
20241023;101153;701;1;11328326429;S
20241023;101153;701;1;11328326430;S
20241023;101153;701;1;11328326431;S
20241023;101153;701;100;11328326432;S
20241023;101153;700.6;142;11328326433;S
20241023;101153;700.6;396;11328326434;S
20241023;101153;700.4;100;11328326435;S
20241023;101153;700.4;45;11328326436;S
20241023;101153;700.4;30;11328326437;S
20241023;101153;700.2;1;11328326438;S
20241023;101153;700.2;1;11328326439;S
20241023;101153;700.2;500;11328326440;S
20241023;101153;700.2;1;11328326441;S
20241023;101153;700.2;3;11328326442;S
20241023;101153;700.2;1;11328326443;S
20241023;101153;700;1;11328326444;S
20241023;101153;700;500;11328326445;S
20241023;101153;700;1;11328326446;S
20241023;101153;700;1;11328326447;S
20241023;101153;700;2;11328326448;S
20241023;101153;700;15;11328326449;S
20241023;101153;700;130;11328326450;S
20241023;101153;700;20;11328326451;S
20241023;101153;700;25;11328326452;S
20241023;101153;700;100;11328326453;S
20241023;101153;700;4;11328326454;S
20241023;101153;700;50;11328326455;S
20241023;101153;700;1;11328326456;S
20241023;101153;700;3;11328326457;S
20241023;101153;700;2;11328326458;S
20241023;101153;699.8;126;11328326459;S
20241023;101153;699.4;1;11328326460;S
20241023;101153;699;1;11328326461;S
20241023;101153;699;1;11328326462;S
20241023;101153;699;480;11328326463;S
20241023;101153;699;1;11328326464;S
20241023;101153;699;500;11328326465;S
20241023;101153;699;100;11328326466;S
20241023;101153;698;1;11328326467;S
20241023;101153;698;1;11328326468;S
20241023;101153;698;8;11328326469;S
20241023;101153;698;1;11328326470;S
20241023;101153;698;14;11328326471;S
20241023;101153;698;15;11328326472;S
20241023;101153;697.2;1;11328326473;S
20241023;101153;697.2;500;11328326474;S
20241023;101153;697;10;11328326475;S
20241023;101153;697;1;11328326476;S
20241023;101153;697;1;11328326477;S
20241023;101153;696.2;60;11328326478;S
20241023;101153;696.6;142;11328326482;S
20241023;101153;696.4;50;11328326483;S
20241023;101153;696;1;11328326484;S
20241023;101153;696;1;11328326485;S
20241023;101153;696;1;11328326486;S
20241023;101153;696;5;11328326487;S
20241023;101153;696.8;2;11328326490;B
20241023;101153;696.6;25;11328326504;S
20241023;101153;696.6;35;11328326505;S
20241023;101153;700.6;11;11328326527;S
20241023;101153;701.6;11;11328326545;B
20241023;101153;703.2;158;11328326546;B
20241023;101153;700.6;33;11328326547;S
20241023;101154;700.6;13;11328326554;S
20241023;101154;699.2;5;11328326555;S
20241023;101154;698.8;4;11328326556;S
20241023;101154;697.8;28;11328326557;S
20241023;101154;697.8;50;11328326558;S
20241023;101154;700;4;11328326590;B
20241023;101154;702;120;11328326594;S
20241023;101154;702;31;11328326602;S
20241023;101154;702;2;11328326637;S
20241023;101154;702;50;11328326660;S
20241023;101154;703;1;11328326681;B
20241023;101154;702;10;11328326711;S
20241023;101154;702;33;11328326717;S
20241023;101154;700;1;11328326718;S
20241023;101154;699;46;11328326719;S
20241023;101203;701.6;20;11328328015;S
20241023;101203;701.6;5;11328328016;S
20241023;101203;701.4;46;11328328017;S
20241023;101223;701.8;78;11328330735;S
20241023;101223;701.8;5;11328330736;S
20241023;101223;701.6;50;11328330737;S
20241023;101223;701.6;27;11328330738;S
20241023;101223;701.4;27;11328330739;S
20241023;101223;701.2;15;11328330740;S
20241023;101223;701.2;100;11328330741;S
20241023;101223;701.2;4;11328330742;S
20241023;101223;701;694;11328330743;S
20241023;101240;701.4;54;11328332734;S
20241023;101240;701.2;3;11328332735;S
20241023;101240;701.2;37;11328332736;S
20241023;101242;701.2;21;11328332943;S
20241023;101246;701.6;59;11328333623;B
20241023;101247;701.8;48;11328333695;B
20241023;101247;701.8;1;11328333696;B
20241023;101247;702.2;1;11328333737;B
20241023;101250;702.6;1;11328334063;B
20241023;101250;703;1;11328334064;B
20241023;101250;703;8;11328334065;B
20241023;101253;702;3;11328334489;S
20241023;101306;701.8;77;11328336224;S
20241023;101306;701.8;20;11328336225;S
20241023;101306;701.6;69;11328336226;S
20241023;101306;701.6;291;11328336227;S
20241023;101306;701.2;192;11328336228;S
20241023;101306;701.2;100;11328336229;S
20241023;101306;701.2;150;11328336230;S
20241023;101306;701.2;2;11328336231;S
20241023;101306;701;2359;11328336232;S
20241023;101338;701.8;10;11328340728;B
20241023;101349;702.6;7;11328342424;B
20241023;101446;702.6;1;11328350035;B
20241023;101448;702.8;1;11328350467;B
20241023;101456;702.6;1;11328351726;S
20241023;101507;702.6;30;11328353775;B
20241023;101507;702.8;2;11328353776;B
20241023;101507;702.8;27;11328353777;B
20241023;101507;703;3;11328353778;B
20241023;101507;703;5;11328353779;B
20241023;101507;703;27;11328353780;B
20241023;101507;703;40;11328353781;B
20241023;101507;703.2;3;11328353782;B
20241023;101507;703.2;50;11328353783;B
20241023;101507;703.4;1;11328353784;B
20241023;101507;703.4;3;11328353785;B
20241023;101507;703.4;15;11328353786;B
20241023;101507;703.4;396;11328353787;B
20241023;101507;703.6;150;11328353788;B
20241023;101507;703.6;3;11328353789;B
20241023;101507;703.8;300;11328353790;B
20241023;101507;703.8;1;11328353791;B
20241023;101507;703.8;3;11328353792;B
20241023;101507;704;6;11328353793;B
20241023;101508;704;1;11328353863;S
20241023;101511;704.2;1;11328354775;B
20241023;101526;704;1;11328359349;S
20241023;101537;704;123;11328362366;S
20241023;101636;704;51;11328373209;S
20241023;101723;704;13;11328379501;S
20241023;101728;704;10;11328380530;S
20241023;101732;704;2;11328381083;S
20241023;101752;704;55;11328384149;S
20241023;101800;704;248;11328385564;S
20241023;101800;704;1;11328385565;S
20241023;101800;704;1;11328385566;S
20241023;101820;704;50;11328387846;S
20241023;101823;704;2;11328388244;S
20241023;101844;704;100;11328390783;S
20241023;101940;704;1;11328401966;S
20241023;101944;704;169;11328403103;S
20241023;101951;704;100;11328403947;S
20241023;101959;704;89;11328405123;S
20241023;101959;704;211;11328405124;S
20241023;102022;704;39;11328410707;S
20241023;102022;704;1;11328410708;S
20241023;102022;704;10;11328410709;S
20241023;102028;704.2;1;11328414136;B
20241023;102028;704.2;2;11328414137;B
20241023;102029;704.2;3;11328414174;B
20241023;102029;704.2;3;11328414185;B
20241023;102029;704.2;3;11328414224;B
20241023;102029;704.2;3;11328414252;B
20241023;102029;704.2;3;11328414281;B
20241023;102029;704.2;3;11328414304;B
20241023;102029;704.2;3;11328414337;B
20241023;102029;704.2;3;11328414357;B
20241023;102029;704.2;14;11328414368;B
20241023;102034;704.2;2;11328417529;S
20241023;102039;704;100;11328420461;S
20241023;102043;704;174;11328423550;S
20241023;102044;704;45;11328423820;S
20241023;102049;704.2;4;11328426654;B
20241023;102106;704.2;1;11328434688;B
20241023;102145;704;50;11328447131;S
20241023;102216;704;10;11328452483;S
20241023;102245;704;3;11328456107;S
20241023;102251;704;1;11328456786;S
20241023;102259;704;50;11328458208;S
20241023;102321;704;194;11328461705;S
20241023;102321;704;6;11328461706;S
20241023;102335;704;150;11328464385;S
20241023;102453;704.2;5;11328475175;B
20241023;102453;704.2;1;11328475176;B
20241023;102453;704.2;1;11328475177;B
20241023;102453;704.2;43;11328475178;B
20241023;102453;704;1;11328475296;S
20241023;102459;704.2;42;11328476167;B
20241023;102500;704.2;1;11328476414;B
20241023;102607;704;1430;11328486847;S
20241023;102607;704;70;11328486848;S
20241023;102611;704;7;11328487440;S
20241023;102630;704;1;11328490372;S
20241023;102635;704;2;11328491104;S
20241023;102641;704;30;11328491971;S
20241023;102717;704;6;11328496543;S
20241023;102809;704.2;40;11328504303;B
20241023;102814;704.2;36;11328504993;B
20241023;102819;704.2;40;11328505464;B
20241023;102826;704.2;2;11328506329;B
20241023;102827;704.2;15;11328506510;B
20241023;102827;704.2;5;11328506511;B
20241023;102827;704.2;20;11328506512;B
20241023;102835;704.2;40;11328507539;B
20241023;102850;704;100;11328509432;S
20241023;102903;704.2;11;11328511392;B
20241023;102903;704.2;7;11328511393;B
20241023;102903;704.2;10;11328511394;B
20241023;102903;704.2;2;11328511395;B
20241023;102911;704;6;11328512629;S
20241023;102912;704;1;11328512793;S
20241023;102931;704.2;1;11328515220;B
20241023;102931;704.2;4;11328515221;B
20241023;103011;704.2;1;11328520145;S
20241023;103018;704.4;2;11328521048;B
20241023;103018;704.4;15;11328521049;B
20241023;103018;704.4;5;11328521050;B
20241023;103018;704.4;100;11328521051;B
20241023;103018;704.6;5;11328521052;B
20241023;103018;704.6;103;11328521053;B
20241023;103039;704.8;3;11328523522;B
20241023;103039;704.8;3;11328523523;B
20241023;103039;704.8;4;11328523524;B
20241023;103054;704.6;6;11328525429;S
20241023;103056;704.6;4;11328525630;S
20241023;103121;704.6;1;11328528322;B
20241023;103121;704.6;1;11328528323;B
20241023;103121;704.6;1;11328528383;S
20241023;103131;704.6;17;11328529460;S
20241023;103131;704.4;13;11328529461;S
20241023;103353;704.4;4;11328547377;S
20241023;103500;704.6;35;11328556904;B
20241023;103510;704.6;71;11328558364;B
20241023;103510;704.6;3;11328558365;B
20241023;103510;704.6;138;11328558366;B
20241023;103510;704.8;89;11328558367;B
20241023;103548;704.6;1;11328562781;S
20241023;103642;704.6;1;11328570404;S
20241023;103642;704.4;1;11328570405;S
20241023;103730;704.4;9;11328577074;S
20241023;103757;704.4;2;11328580723;S
20241023;103809;704.4;10;11328582197;S
20241023;103820;704.4;1;11328583522;S
20241023;103830;704.4;10;11328584876;S
20241023;103830;704.4;10;11328584877;S
20241023;103830;704;672;11328584878;S
20241023;103837;704;80;11328586192;S
20241023;103840;704;29;11328587119;S
20241023;103847;704;1;11328588032;S
20241023;103848;704;24;11328588545;S
20241023;103918;704;1;11328592959;S
20241023;103934;704;3000;11328594752;S
20241023;104155;704;50;11328618619;S
20241023;104213;704.2;1;11328622702;B
20241023;104239;704;13;11328626178;S
20241023;104239;704;1;11328626179;S
20241023;104416;704;68;11328639746;S
20241023;104446;704;4;11328643747;S
20241023;104451;704.2;249;11328644344;B
20241023;104451;704.2;1;11328644345;B
20241023;104630;704;2;11328657125;S
20241023;104642;704.2;1;11328658713;B
20241023;104647;704.2;5;11328659237;B
20241023;104657;704.2;1;11328660196;B
20241023;104734;704;1;11328664960;S
20241023;104751;704;5;11328666832;S
20241023;104813;704;2;11328668930;S
20241023;104829;704;10;11328670512;S
20241023;104833;704;10;11328671153;S
20241023;104843;704.2;6;11328672286;B
20241023;104843;704.2;4;11328672287;B
20241023;104901;704.2;1;11328674346;B
20241023;104904;704;1;11328674676;S
20241023;105003;704;50;11328682117;S
20241023;105038;704;2;11328686084;S
20241023;105105;704;1;11328690205;S
20241023;105115;704.2;10;11328691996;B
20241023;105115;704.2;35;11328691997;B
20241023;105115;704.4;5;11328691998;B
20241023;105202;704.4;2;11328697619;B
20241023;105313;704;1;11328705323;S
20241023;105316;704;1;11328705647;S
20241023;105322;704.2;1;11328706186;B
20241023;105432;704;4;11328713253;S
20241023;105435;704;2;11328713597;S
20241023;105454;704;1;11328718596;S
20241023;105530;704.2;5;11328757439;B
20241023;105532;704.2;45;11328758884;B
20241023;105532;704.4;1;11328758885;B
20241023;105532;704.4;1;11328758886;B
20241023;105532;704.4;1;11328758887;B
20241023;105532;704.6;1;11328758888;B
20241023;105532;704.6;1;11328758889;B
20241023;105532;704.6;40;11328758890;B
20241023;105532;704.6;53;11328758891;B
20241023;105532;704.8;1;11328758892;B
20241023;105532;704.8;142;11328758893;B
20241023;105532;705;100;11328758894;B
20241023;105532;705;100;11328758895;B
20241023;105532;705;1;11328758896;B
20241023;105532;705;25;11328758897;B
20241023;105532;705;1;11328758898;B
20241023;105532;705;10;11328758899;B
20241023;105532;705;3;11328758900;B
20241023;105532;705;10;11328758901;B
20241023;105532;705;15;11328758902;B
20241023;105614;704.2;5;11328799746;S
20241023;105614;704.2;5;11328799747;S
20241023;105615;704;39;11328800657;S
20241023;105803;704;4;11328924489;S
20241023;105823;704.6;1;11328944164;B
20241023;105834;704;150;11328954004;S
20241023;105902;704;499;11328984886;S
20241023;105902;704;1;11328984887;S
20241023;105910;704;140;11328993083;S
20241023;105917;704.6;34;11329001860;B
20241023;105917;704.6;2;11329001861;B
20241023;105917;704.6;40;11329001862;B
20241023;105917;704.6;20;11329001863;B
20241023;105917;704.8;204;11329001864;B
20241023;105957;704.2;1;11329046738;S
20241023;110040;704.2;2;11329095626;B
20241023;110041;704;5;11329096411;S
20241023;110041;704;48;11329096426;S
20241023;110042;704;1;11329097901;S
20241023;110057;704;6;11329113803;S
20241023;110215;704;40;11329189820;S
20241023;110245;704;100;11329220361;S
20241023;110301;704;10;11329235588;S
20241023;110305;704;8;11329239311;S
20241023;110330;704;100;11329265178;S
20241023;110359;704;110;11329296140;S
20241023;110438;704;2;11329332961;S
20241023;110516;704;50;11329373787;S
20241023;110531;704.2;1;11329389359;B
20241023;110531;704.2;1;11329389360;B
20241023;110601;704;479;11329421282;S
20241023;110601;704;14;11329421283;S
20241023;110601;704;7;11329421284;S
20241023;110608;704;10;11329428538;S
20241023;110838;704;19;11329581450;S
20241023;110843;704.2;1;11329587602;B
20241023;110843;704.2;2;11329587603;B
20241023;110920;704;10;11329624287;S
20241023;110954;704;2;11329656046;S
20241023;111014;704;1;11329673977;S
20241023;111108;704.2;8;11329727822;B
20241023;111116;704.2;15;11329736575;S
20241023;111147;704.2;103;11329768783;S
20241023;111147;704.2;40;11329768784;S
20241023;111147;704.2;302;11329768785;S
20241023;111341;704.4;6;11329867298;S
20241023;111502;704.4;14;11329878133;S
20241023;111546;704.6;1;11329884293;B
20241023;111601;704.4;30;11329886863;S
20241023;111601;704.4;1;11329886864;S
20241023;111601;704.4;1;11329886865;S
20241023;111601;704.4;40;11329886866;S
20241023;111613;704.4;1;11329888590;B
20241023;111615;704.2;79;11329888971;S
20241023;111652;704.4;15;11329894436;B
20241023;111652;704.4;12;11329894524;B
20241023;111711;704.8;10;11329897964;B
20241023;111711;704.8;10;11329897965;B
20241023;111711;705;8;11329897966;B
20241023;111711;705;27;11329897976;B
20241023;111711;705;1;11329897977;B
20241023;111711;705;5;11329897978;B
20241023;111711;705;1;11329897979;B
20241023;111711;705.2;2;11329897980;B
20241023;111711;705.2;3;11329897981;B
20241023;111711;705.2;5;11329897982;B
20241023;111711;705.4;3;11329897983;B
20241023;111711;705.4;6;11329897984;B
20241023;111711;705.4;17;11329897985;B
20241023;111729;705.6;1;11329900980;B
20241023;111811;705.6;3;11329907280;B
20241023;111811;705.6;150;11329907281;B
20241023;111811;705.6;10;11329907282;B
20241023;111811;705.8;3;11329907283;B
20241023;111811;705.8;5;11329907284;B
20241023;111811;705.8;40;11329907285;B
20241023;111811;706;1;11329907286;B
20241023;111811;706;3;11329907287;B
20241023;111811;706;100;11329907288;B
20241023;111811;706;5;11329907289;B
20241023;111811;706;14;11329907290;B
20241023;111811;706;100;11329907291;B
20241023;111811;706;50;11329907292;B
20241023;111811;706.2;3;11329907293;B
20241023;111811;706.2;500;11329907294;B
20241023;111811;706.2;10;11329907295;B
20241023;111811;706.4;3;11329907296;B
20241023;111811;706.6;2;11329907297;B
20241023;111811;706.6;10;11329907298;B
20241023;111811;706.6;5;11329907299;B
20241023;111811;706.8;3;11329907300;B
20241023;111811;706.8;5;11329907301;B
20241023;111811;706.8;10;11329907302;B
20241023;111811;706.8;25;11329907303;B
20241023;111811;707;1;11329907304;B
20241023;111811;707;60;11329907305;B
20241023;111811;707;3;11329907306;B
20241023;111811;707;1;11329907307;B
20241023;111811;707;50;11329907308;B
20241023;111811;707;2;11329907309;B
20241023;111811;707.2;1;11329907310;B
20241023;111811;707.2;3;11329907311;B
20241023;111811;707.2;30;11329907312;B
20241023;111811;707.4;3;11329907313;B
20241023;111811;707.6;3;11329907314;B
20241023;111811;707.6;1;11329907315;B
20241023;111811;707.6;5;11329907316;B
20241023;111811;707.6;10;11329907317;B
20241023;111811;707.6;18;11329907318;B
20241023;111811;707.8;3;11329907319;B
20241023;111811;707.8;396;11329907320;B
20241023;111811;707.8;142;11329907321;B
20241023;111811;708;10;11329907322;B
20241023;111811;708;3;11329907323;B
20241023;111811;708;200;11329907324;B
20241023;111811;708;1;11329907325;B
20241023;111811;708;100;11329907326;B
20241023;111811;708;20;11329907327;B
20241023;111811;708;2;11329907328;B
20241023;111811;708.2;3;11329907329;B
20241023;111811;708.2;113;11329907330;B
20241023;111811;708.4;1;11329907331;B
20241023;111811;708.4;3;11329907332;B
20241023;111811;708.4;5;11329907333;B
20241023;111811;708.4;113;11329907334;B
20241023;111811;708.6;113;11329907335;B
20241023;111811;708.8;521;11329907336;B
20241023;111811;708.8;44;11329907338;B
20241023;111811;708;12;11329907385;B
20241023;111811;706.2;3;11329907494;S
20241023;111818;706.6;16;11329908746;S
20241023;111837;706.6;10;11329912036;B
20241023;111841;706.4;42;11329912671;B
20241023;111846;705.4;4;11329913556;S
20241023;111919;705.8;10;11329918918;S
20241023;112007;705.8;10;11329925812;S
20241023;112026;706;5;11329928343;B
20241023;112027;706.2;15;11329928479;B
20241023;112033;706;3;11329929285;S
20241023;112114;706.2;3;11329935426;S
20241023;112229;706.6;3;11329945909;B
20241023;112313;706;5;11329951944;S
20241023;112313;706;4;11329951945;S
20241023;112358;706.6;4;11329960617;B
20241023;112447;706.6;1;11329968479;B
20241023;112553;705.8;3;11329974412;S
20241023;112756;706;1;11329987956;S
20241023;112824;706;108;11329992162;S
20241023;112847;706;30;11329995394;S
20241023;112856;706;72;11329996105;S
20241023;112919;706;8;11329998366;S
20241023;112930;706;10;11329999651;S
20241023;112938;706;31;11330000414;S
20241023;112958;705;5;11330001997;S
20241023;112958;705;5;11330001998;S
20241023;112958;705;8;11330001999;S
20241023;113256;705.4;6;11330018684;S
20241023;113256;705.4;26;11330018685;S
20241023;113256;705.2;6;11330018686;S
20241023;113256;705.2;40;11330018687;S
20241023;113256;705;43;11330018688;S
20241023;113256;705;148;11330018689;S
20241023;113256;704.8;396;11330018690;S
20241023;113256;704.6;42;11330018691;S
20241023;113256;704.6;293;11330018692;S
20241023;113300;704.6;20;11330018987;S
20241023;113300;704.6;15;11330018988;S
20241023;113451;705.8;1;11330028413;B
20241023;113507;705.8;2;11330029956;B
20241023;113633;705;1;11330037796;S
20241023;113725;705;2;11330042482;S
20241023;113725;705;1;11330042483;S
20241023;113932;704.8;84;11330053406;S
20241023;113932;704.8;40;11330053407;S
20241023;113932;704.6;15;11330053408;S
20241023;113932;704.6;74;11330053409;S
20241023;113932;704.6;13;11330053410;S
20241023;113932;704.4;396;11330053411;S
20241023;113932;704.4;19;11330053412;S
20241023;113932;704.4;13;11330053413;S
20241023;113932;704.2;246;11330053414;S
20241023;113932;704.4;56;11330053487;S
20241023;113939;704.4;13;11330053980;S
20241023;113943;704.4;27;11330054253;S
20241023;113943;704.4;3;11330054254;S
20241023;113943;704.4;9;11330054255;S
20241023;113943;704.2;281;11330054256;S
20241023;113953;704.2;275;11330055182;S
20241023;114005;704.2;253;11330056234;S
20241023;114018;704.2;69;11330057357;S
20241023;114115;705.4;5;11330062799;B
20241023;114234;705.2;10;11330069666;B
20241023;114234;705.4;30;11330069667;B
20241023;114430;705.4;10;11330079571;S
20241023;114430;705;61;11330079572;S
20241023;114430;704.4;29;11330079573;S
20241023;114443;705.2;7;11330080595;B
20241023;114443;705.2;7;11330080606;B
20241023;114443;705.2;7;11330080618;B
20241023;114443;705.4;7;11330080630;B
20241023;114443;705.4;7;11330080645;B
20241023;114443;705.4;7;11330080657;B
20241023;114443;705.4;7;11330080669;B
20241023;114443;705.4;7;11330080677;B
20241023;114443;705.4;7;11330080693;B
20241023;114443;705.4;6;11330080704;B
20241023;114457;704.6;9;11330081917;S
20241023;114457;704.6;40;11330081918;S
20241023;114457;704.6;22;11330081919;S
20241023;114457;704.6;16;11330081920;S
20241023;114457;704.6;13;11330081921;S
20241023;114541;704.4;15;11330086101;S
20241023;114541;704.4;96;11330086102;S
20241023;114541;704.4;40;11330086103;S
20241023;114541;704.4;1;11330086104;S
20241023;114541;704.2;495;11330086105;S
20241023;114549;704.2;53;11330086709;B
20241023;114615;704.2;7;11330088894;S
20241023;114615;704;49;11330088895;S
20241023;114618;704;195;11330089057;S
20241023;114618;704;4;11330089058;S
20241023;114618;704;1;11330089059;S
20241023;114630;704;100;11330090051;S
20241023;114916;704.6;2;11330103302;B
20241023;114916;704.6;2;11330103321;B
20241023;114916;704.6;2;11330103330;B
20241023;114916;704.6;2;11330103335;B
20241023;114916;704.6;2;11330103341;B
20241023;114916;704.6;2;11330103358;B
20241023;114916;704.6;2;11330103377;B
20241023;114916;704.6;1;11330103391;B
20241023;114931;704.8;1;11330104677;B
20241023;115043;704;562;11330110536;S
20241023;115043;704;1;11330110537;S
20241023;115043;704;100;11330110538;S
20241023;115043;704;37;11330110539;S
20241023;115054;704;100;11330111306;S
20241023;115119;704;789;11330113271;S
20241023;115119;704;1;11330113272;S
20241023;115212;704.6;10;11330117948;B
20241023;115445;704.8;1;11330130408;B
20241023;115507;704.8;2;11330132159;B
20241023;115633;704.6;40;11330139219;B
20241023;115633;704.6;20;11330139220;B
20241023;115640;704.8;8;11330139693;B
20241023;115942;704.6;1;11330155103;B
20241023;115952;704.2;3;11330156157;S
20241023;120005;704.2;1;11330158477;S
20241023;120051;704.4;10;11330166945;S
20241023;120110;704.2;132;11330170379;S
20241023;120110;704.2;40;11330170380;S
20241023;120110;704;128;11330170381;S
20241023;120110;704.6;4;11330170383;B
20241023;120140;704.4;1;11330176284;S
20241023;120140;704.4;40;11330176285;S
20241023;120140;704.2;19;11330176286;S
20241023;120405;704.4;2;11330198434;S
20241023;120641;704.6;2;11330218773;B
20241023;120655;704.6;26;11330220457;B
20241023;120822;704.4;1;11330231060;S
20241023;120822;704.2;2;11330231061;S
20241023;120822;704.2;3;11330231062;S
20241023;120850;704.2;10;11330234386;S
20241023;120958;704.4;1;11330242409;S
20241023;121004;704.6;3;11330243110;B
20241023;121013;704.6;1;11330243950;B
20241023;121101;704.6;1;11330249664;B
20241023;121122;704.4;10;11330251951;S
20241023;121209;704.4;5;11330256882;B
20241023;121225;704.4;5;11330259328;B
20241023;121228;704.4;14;11330259848;S
20241023;121228;704.4;7;11330259849;S
20241023;121311;704.6;1;11330267205;B
20241023;121331;704.6;1;11330269276;B
20241023;121336;704.6;1;11330270312;B
20241023;121543;704.6;1;11330289520;B
20241023;121544;704.4;1;11330289616;S
20241023;121550;704.6;1;11330290433;B
20241023;121705;704.6;12;11330302352;B
20241023;121705;704.6;15;11330302353;B
20241023;121705;704.6;23;11330302354;B
20241023;121819;704.4;6;11330310561;S
20241023;121819;704.2;4;11330310562;S
20241023;121852;704.4;1;11330314003;S
20241023;121852;704.2;37;11330314004;S
20241023;121853;704.2;12;11330314114;B
20241023;122047;704.2;9;11330336245;S
20241023;122047;704;61;11330336246;S
20241023;122311;704.6;1;11330357143;B
20241023;122311;704.6;1;11330357255;B
20241023;122436;704;128;11330367704;S
20241023;122514;704.2;2;11330371596;B
20241023;122558;704;1;11330405505;S
20241023;122558;704;20;11330405632;S
20241023;122601;704;1;11330407509;S
20241023;122601;704;1;11330407554;S
20241023;122622;704;20;11330432024;S
20241023;122633;704;2;11330444503;S
20241023;122634;704.2;1;11330445963;B
20241023;122654;704.2;5;11330468858;B
20241023;122737;704;3;11330501440;S
20241023;122738;704.2;1;11330502314;B
20241023;122751;704.2;1;11330504136;B
20241023;123026;704.2;2;11330522094;B
20241023;123105;704.2;16;11330525864;B
20241023;123105;704.2;11;11330525865;B
20241023;123130;704.2;1;11330528052;B
20241023;123130;704.2;19;11330528053;B
20241023;123130;704.4;40;11330528054;B
20241023;123130;704.4;19;11330528055;B
20241023;123130;704.4;50;11330528056;B
20241023;123130;704.6;20;11330528057;B
20241023;123130;704.8;24;11330528058;B
20241023;123158;704.6;6;11330531006;B
20241023;123345;704.8;1;11330543036;B
20241023;123446;704.4;1;11330551521;B
20241023;123734;704;1;11330568666;S
20241023;123734;704;2;11330568667;S
20241023;123734;704;1;11330568668;S
20241023;124121;704;99;11330591117;S
20241023;124121;704;1;11330591118;S
20241023;124248;704;1;11330599737;S
20241023;124248;704;1;11330599738;S
20241023;124248;704;14;11330599739;S
20241023;124248;704;4;11330599740;S
20241023;124321;704;20;11330603125;S
20241023;124338;704;3;11330604587;S
20241023;124427;704;50;11330609039;S
20241023;124434;704.4;1;11330609815;B
20241023;124548;704;3;11330617051;S
20241023;124612;704.4;1;11330619568;B
20241023;124624;704;115;11330620545;S
20241023;124631;704;1;11330621250;S
20241023;124731;704.6;30;11330626410;B
20241023;124731;704.6;20;11330626411;B
20241023;124808;704.8;1;11330631491;B
20241023;124817;704.8;74;11330632295;B
20241023;124817;704.8;2;11330632296;B
20241023;124817;704.8;40;11330632297;B
20241023;125148;704.8;1;11330656737;B
20241023;125148;704.8;1;11330656738;B
20241023;125442;704.6;1;11330678849;S
20241023;125515;704.6;1;11330682418;B
20241023;125754;704.2;1;11330699765;S
20241023;125837;704;23;11330703661;S
20241023;125854;704;10;11330706294;S
20241023;125922;704;50;11330709006;S
20241023;130219;704.6;1;11330738141;B
20241023;130243;704.6;1;11330741041;B
20241023;130243;704.6;27;11330741042;B
20241023;130443;704.2;3;11330755660;S
20241023;130530;704.6;1;11330761141;B
20241023;130738;704.6;1;11330776317;B
20241023;130804;704.8;1;11330780212;S
20241023;131123;704.8;10;11330803527;S
20241023;131225;705;1;11330809561;B
20241023;131225;705;1;11330809562;B
20241023;131225;705.2;1;11330809563;B
20241023;131225;705.2;96;11330809564;B
20241023;131225;705.2;1;11330809565;B
20241023;131250;705.2;15;11330813458;B
20241023;131304;705.2;1;11330815585;B
20241023;131311;704.8;4;11330816197;S
20241023;131311;704.6;18;11330816198;S
20241023;131311;704.4;1;11330816199;S
20241023;131311;704.4;18;11330816200;S
20241023;131311;704.4;40;11330816201;S
20241023;131311;704.2;4;11330816202;S
20241023;131311;704.2;48;11330816203;S
20241023;131311;704;17;11330816204;S
20241023;131355;704.8;1;11330820069;B
20241023;131407;705;1;11330821400;B
20241023;131409;704.2;2;11330821590;S
20241023;131523;704.4;1;11330832053;B
20241023;131714;705.2;2;11330847861;B
20241023;131714;705.4;9;11330847862;B
20241023;131834;705.2;1;11330855172;B
20241023;132147;705;6;11330878481;B
20241023;132147;705.2;4;11330878482;B
20241023;132232;705;6;11330883595;S
20241023;132232;705;2;11330883596;S
20241023;132232;705;4;11330883597;S
20241023;132232;704.8;6;11330883598;S
20241023;132232;704.8;40;11330883599;S
20241023;132232;704.4;10;11330883600;S
20241023;132232;704.2;80;11330883601;S
20241023;132232;704.2;6;11330883602;S
20241023;132232;704;2224;11330883603;S
20241023;132232;704;1;11330883604;S
20241023;132232;704;100;11330883605;S
20241023;132232;704;2;11330883606;S
20241023;132232;704;125;11330883607;S
20241023;132232;703.8;1;11330883608;S
20241023;132232;703.8;1;11330883609;S
20241023;132232;703.6;1;11330883610;S
20241023;132232;703.2;25;11330883611;S
20241023;132232;703;1;11330883612;S
20241023;132232;703;40;11330883613;S
20241023;132232;703;1;11330883614;S
20241023;132232;702.8;1;11330883615;S
20241023;132232;702.8;142;11330883616;S
20241023;132232;702.6;100;11330883617;S
20241023;132232;702.6;100;11330883618;S
20241023;132232;702.6;1;11330883619;S
20241023;132232;702.6;2;11330883620;S
20241023;132232;702.4;15;11330883621;S
20241023;132232;702.2;1120;11330883622;S
20241023;132232;702;1;11330883623;S
20241023;132232;702;1;11330883624;S
20241023;132232;702;25;11330883625;S
20241023;132232;702;10;11330883626;S
20241023;132232;702;87;11330883627;S
20241023;132232;702;20;11330883628;S
20241023;132232;701.4;1;11330883629;S
20241023;132232;701.4;20;11330883630;S
20241023;132232;701.2;100;11330883631;S
20241023;132232;701.2;2;11330883632;S
20241023;132232;701.2;45;11330883633;S
20241023;132232;701.2;5;11330883634;S
20241023;132232;701.2;6;11330883635;S
20241023;132232;701.2;150;11330883636;S
20241023;132232;701.2;2;11330883637;S
20241023;132232;701.2;200;11330883638;S
20241023;132232;701.2;100;11330883639;S
20241023;132232;701;68;11330883640;S
20241023;132232;701.8;1;11330883648;B
20241023;132232;701.8;1;11330883650;B
20241023;132232;701.2;10;11330883656;S
20241023;132232;701.2;112;11330883657;S
20241023;132232;701.2;12;11330883661;S
20241023;132233;701.8;80;11330883698;B
20241023;132233;701.8;1;11330883712;B
20241023;132233;701.6;1;11330883714;S
20241023;132236;701.8;1;11330883987;B
20241023;132240;701.8;10;11330884211;B
20241023;132240;701.8;169;11330884280;B
20241023;132240;701.8;1;11330884281;B
20241023;132240;701.8;25;11330884282;B
20241023;132241;702;140;11330884297;B
20241023;132241;702.8;4;11330884337;B
20241023;132242;702.8;4;11330884374;B
20241023;132243;702.8;27;11330884502;B
20241023;132243;702.8;35;11330884503;B
20241023;132250;703.4;5;11330886205;S
20241023;132250;703.4;1;11330886206;S
20241023;132250;703.4;25;11330886207;S
20241023;132250;703.2;40;11330886208;S
20241023;132250;703.2;34;11330886209;S
20241023;132250;703;5;11330886210;S
20241023;132250;703;34;11330886211;S
20241023;132250;702;142;11330886212;S
20241023;132250;702;16;11330886213;S
20241023;132250;701.8;100;11330886214;S
20241023;132250;701.4;200;11330886215;S
20241023;132250;701.2;1;11330886216;S
20241023;132250;701.2;200;11330886217;S
20241023;132250;701.2;200;11330886218;S
20241023;132250;701.2;10;11330886219;S
20241023;132250;701;7987;11330886220;S
20241023;132251;703.4;3;11330886375;B
20241023;132252;701.2;142;11330886493;S
20241023;132252;701.2;198;11330886494;S
20241023;132257;701.2;102;11330887245;S
20241023;132257;701.2;40;11330887246;S
20241023;132257;701;258;11330887247;S
20241023;132257;701;56;11330887276;S
20241023;132257;701;4;11330887277;S
20241023;132257;701;5;11330887278;S
20241023;132257;701;5;11330887279;S
20241023;132257;701;30;11330887280;S
20241023;132257;701;70;11330887281;S
20241023;132257;701;1;11330887282;S
20241023;132257;701;9;11330887283;S
20241023;132302;701.8;25;11330887899;B
20241023;132422;702;12;11330895530;S
20241023;132513;702.4;5;11330900462;B
20241023;132513;702.4;13;11330900463;B
20241023;132513;702.4;5;11330900464;B
20241023;132513;702.6;25;11330900465;B
20241023;132513;702.8;40;11330900466;B
20241023;132513;702.8;12;11330900467;B
20241023;132526;703;2;11330901424;B
20241023;132526;703;12;11330901425;B
20241023;132538;703.4;1;11330902655;B
20241023;132553;703;18;11330903824;S
20241023;132556;703.4;1;11330904064;B
20241023;132617;703.4;1;11330905972;B
20241023;132635;703.2;1;11330907777;B
20241023;132738;703;1;11330913215;S
20241023;132814;703.4;18;11330917762;B
20241023;132815;703.4;32;11330917866;S
20241023;132843;703;35;11330920200;S
20241023;132911;703.2;1;11330923058;B
20241023;132919;703;32;11330923651;S
20241023;132919;703;2;11330923652;S
20241023;132919;703;22;11330923653;S
20241023;132919;702.8;500;11330923654;S
20241023;132919;702.8;19;11330923655;S
20241023;132919;702.6;40;11330923656;S
20241023;132919;702.2;5;11330923657;S
20241023;132919;702.2;1;11330923658;S
20241023;132919;702;5;11330923659;S
20241023;132919;702;1;11330923660;S
20241023;132919;702;9;11330923661;S
20241023;132919;702;30;11330923662;S
20241023;132919;701.8;75;11330923663;S
20241023;132919;701.8;20;11330923664;S
20241023;132919;701.8;5;11330923665;S
20241023;132919;701.2;142;11330923666;S
20241023;132919;701.2;50;11330923667;S
20241023;132919;701;1;11330923668;S
20241023;132919;701;200;11330923669;S
20241023;132919;701;1;11330923670;S
20241023;132919;701;241;11330923671;S
20241023;132919;701;10;11330923672;S
20241023;132919;701;3;11330923673;S
20241023;132919;701;20;11330923674;S
20241023;132919;701;1;11330923675;S
20241023;132919;701;400;11330923676;S
20241023;132919;701;1;11330923677;S
20241023;132919;701;25;11330923678;S
20241023;132919;700.4;25;11330923679;S
20241023;132919;700.2;1;11330923680;S
20241023;132919;700.2;10;11330923681;S
20241023;132919;700;2;11330923682;S
20241023;132919;700;1;11330923683;S
20241023;132919;700;25;11330923684;S
20241023;132919;700;1;11330923685;S
20241023;132919;700;14;11330923686;S
20241023;132919;700;50;11330923687;S
20241023;132919;700;100;11330923688;S
20241023;132919;700;113;11330923689;S
20241023;132919;700;200;11330923690;S
20241023;132919;700;300;11330923691;S
20241023;132919;699.8;113;11330923692;S
20241023;132919;699.8;1;11330923693;S
20241023;132919;699.6;1;11330923694;S
20241023;132919;699.6;113;11330923695;S
20241023;132919;699;5;11330923696;S
20241023;132919;699;1;11330923697;S
20241023;132919;699;63;11330923698;S
20241023;132919;699.4;4;11330923712;S
20241023;132919;702.4;1;11330923726;B
20241023;132919;702.4;1;11330923759;B
20241023;132920;700;13;11330923851;S
20241023;132927;701.4;25;11330924868;B
20241023;132927;701.4;40;11330924869;B
20241023;132927;701.4;50;11330924870;B
20241023;132944;701.4;35;11330926485;S
20241023;132944;701.4;1;11330926486;S
20241023;132944;701.4;48;11330926487;S
20241023;132944;701.2;16;11330926488;S
20241023;132954;700.6;138;11330927680;S
20241023;132954;700.6;40;11330927681;S
20241023;132954;700.4;2;11330927682;S
20241023;132954;699.4;50;11330927683;S
20241023;132954;699.2;142;11330927684;S
20241023;132954;699.2;2;11330927685;S
20241023;132954;699;7;11330927686;S
20241023;132954;699;150;11330927687;S
20241023;132954;699;1;11330927688;S
20241023;132954;698.8;10;11330927689;S
20241023;132954;698.4;1;11330927690;S
20241023;132954;698.2;1;11330927691;S
20241023;132954;698.2;1;11330927692;S
20241023;132954;698.2;100;11330927693;S
20241023;132954;698.2;20;11330927694;S
20241023;132954;698;51;11330927695;S
20241023;132954;698;50;11330927696;S
20241023;132954;698;160;11330927697;S
20241023;132954;698;10;11330927698;S
20241023;132954;698;1;11330927699;S
20241023;132954;697.8;99;11330927700;S
20241023;132954;697.8;3;11330927701;S
20241023;132954;697.6;444;11330927702;S
20241023;132954;697.4;3;11330927703;S
20241023;132954;697.4;50;11330927704;S
20241023;132954;697.4;10;11330927705;S
20241023;132954;697.4;350;11330927706;S
20241023;132954;697.4;1;11330927707;S
20241023;132954;697.4;103;11330927708;S
20241023;132954;701.2;1;11330927758;B
20241023;132955;701.2;11;11330927759;B
20241023;132955;701.2;2;11330927769;B
20241023;132955;700.6;1;11330927801;S
20241023;132955;700.6;40;11330927802;S
20241023;132956;700;150;11330927970;B
20241023;132957;699.6;54;11330928083;S
20241023;132957;699.4;40;11330928084;S
20241023;133000;699.4;6;11330928395;B
20241023;133007;699.2;25;11330929600;B
20241023;133011;699.6;60;11330930867;S
20241023;133017;699.6;1;11330931881;B
20241023;133022;699.4;100;11330932453;S
20241023;133022;699.4;40;11330932454;S
20241023;133022;699.4;1;11330932455;S
20241023;133022;699.4;18;11330932456;S
20241023;133022;699.4;1;11330932457;S
20241023;133023;699.4;42;11330932482;B
20241023;133023;699.6;8;11330932483;B
20241023;133033;699.6;1;11330933454;B
20241023;133039;699.6;2;11330934179;B
20241023;133045;699.6;22;11330934686;B
20241023;133045;699.8;25;11330934687;B
20241023;133045;699.8;3;11330934688;B
20241023;133050;699.8;1;11330935070;B
20241023;133050;699.8;8;11330935080;B
20241023;133103;699.8;1;11330936254;B
20241023;133110;699.8;10;11330936953;B
20241023;133117;699.8;5;11330937936;B
20241023;133117;699.8;3;11330937937;B
20241023;133123;699.8;22;11330938787;B
20241023;133123;700;25;11330938788;B
20241023;133123;700;3;11330938789;B
20241023;133208;700;5;11330944021;B
20241023;133244;700;20;11330949176;B
20241023;133248;700.2;8;11330950215;S
20241023;133248;700;80;11330950216;S
20241023;133248;700;7;11330950217;S
20241023;133248;700;1;11330950218;S
20241023;133248;700;40;11330950219;S
20241023;133248;699.8;10;11330950220;S
20241023;133248;699.8;42;11330950221;S
20241023;133248;699.6;10;11330950222;S
20241023;133248;699;1;11330950223;S
20241023;133248;699;119;11330950224;S
20241023;133248;699;14;11330950225;S
20241023;133248;698;14;11330950226;S
20241023;133248;698;142;11330950227;S
20241023;133248;697.8;300;11330950228;S
20241023;133248;697.6;3;11330950229;S
20241023;133248;697.6;15;11330950230;S
20241023;133248;697.4;350;11330950231;S
20241023;133248;697.4;7;11330950232;S
20241023;133248;697.2;1;11330950233;S
20241023;133248;697.2;5;11330950234;S
20241023;133248;697.2;1;11330950235;S
20241023;133248;697.2;500;11330950236;S
20241023;133248;697.2;224;11330950237;S
20241023;133248;697.2;11;11330950238;S
20241023;133248;697;100;11330950239;S
20241023;133248;697;60;11330950240;S
20241023;133248;697;4;11330950241;S
20241023;133248;697;50;11330950242;S
20241023;133248;697;2;11330950243;S
20241023;133248;697;2;11330950244;S
20241023;133248;697;800;11330950245;S
20241023;133248;696.8;1;11330950246;S
20241023;133248;696.8;25;11330950247;S
20241023;133248;696.6;1;11330950248;S
20241023;133248;696.6;10;11330950249;S
20241023;133248;696.4;3;11330950250;S
20241023;133248;696.2;1;11330950251;S
20241023;133248;696.2;36;11330950252;S
20241023;133249;700;1;11330950390;B
20241023;133259;698.6;25;11330952250;S
20241023;133300;698.6;25;11330952291;S
20241023;133300;698.6;8;11330952363;S
20241023;133300;698.6;17;11330952364;S
20241023;133300;698.4;25;11330952474;S
20241023;133301;698.4;119;11330952703;S
20241023;133301;698.4;5;11330952704;S
20241023;133301;698.4;33;11330952705;S
20241023;133310;698.2;144;11330954332;S
20241023;133317;699.2;120;11330955091;B
20241023;133317;699.2;40;11330955092;B
20241023;133317;699.4;193;11330955093;B
20241023;133317;699.4;50;11330955094;B
20241023;133317;699.4;29;11330955095;B
20241023;133317;699.6;28;11330955096;B
20241023;133317;699.8;25;11330955097;B
20241023;133317;700.6;15;11330955098;B
20241023;133318;700.2;3;11330955278;B
20241023;133416;699.8;40;11330960994;B
20241023;133416;699.8;6;11330960995;B
20241023;133416;700;224;11330960996;B
20241023;133416;700;21;11330960997;B
20241023;133452;700.2;14;11330964390;B
20241023;133452;700.2;1;11330964391;B
20241023;133452;700.2;160;11330964392;B
20241023;133456;700;20;11330965200;S
20241023;133457;700.2;2;11330965299;B
20241023;133507;700.2;493;11330966041;B
20241023;133507;700.4;7;11330966042;B
20241023;133538;700.4;1;11330968268;B
20241023;133542;700.4;112;11330968639;B
20241023;133542;700.4;40;11330968640;B
20241023;133600;701;50;11330969940;S
20241023;133600;700.8;100;11330969941;S
20241023;133600;701.4;10;11330969945;B
20241023;133612;700.8;2;11330970768;S
20241023;133628;701.2;10;11330971897;B
20241023;133635;701;4;11330972387;B
20241023;133659;701;40;11330974125;B
20241023;133659;701;1;11330974126;B
20241023;133659;701.2;40;11330974127;B
20241023;133659;701.2;1;11330974128;B
20241023;133659;701.2;33;11330974129;B
20241023;133659;701.2;100;11330974130;B
20241023;133659;701.4;50;11330974131;B
20241023;133659;701.4;33;11330974132;B
20241023;133659;701.6;25;11330974133;B
20241023;133659;701.6;20;11330974134;B
20241023;133659;701.6;157;11330974135;B
20241023;133720;700.8;50;11330975923;S
20241023;133730;701;1;11330976990;S
20241023;133751;701.4;392;11330979208;B
20241023;133751;701.4;40;11330979209;B
20241023;133751;701.6;25;11330979210;B
20241023;133751;701.8;86;11330979211;B
20241023;133751;701.8;50;11330979212;B
20241023;133751;701.8;129;11330979216;S
20241023;134143;701.2;10;11331006144;S
20241023;134152;701.6;11;11331007048;B
20241023;134152;701.8;30;11331007049;B
20241023;134152;702;60;11331007050;B
20241023;134152;702;2;11331007051;B
20241023;134152;702;10;11331007052;B
20241023;134152;702;20;11331007053;B
20241023;134152;702;6;11331007054;B
20241023;134152;702;40;11331007055;B
20241023;134152;702.6;20;11331007056;B
20241023;134152;702.6;81;11331007057;B
20241023;134152;702.6;12;11331007058;B
20241023;134152;702.8;396;11331007059;B
20241023;134152;702.8;142;11331007060;B
20241023;134154;702.8;170;11331007154;S
20241023;134238;702.8;142;11331011038;B
20241023;134238;702.8;40;11331011039;B
20241023;134238;702.8;1;11331011040;B
20241023;134238;702.8;24;11331011041;B
20241023;134238;702.8;40;11331011042;B
20241023;134238;703;20;11331011043;B
20241023;134238;703;10;11331011044;B
20241023;134238;703;223;11331011045;B
20241023;134243;702.8;10;11331011384;S
20241023;134313;703;1;11331014038;B
20241023;134313;703;14;11331014039;B
20241023;134436;702.8;2;11331021580;B
20241023;134451;702.8;12;11331022817;B
20241023;134451;703;142;11331022818;B
20241023;134451;703;40;11331022819;B
20241023;134451;703;20;11331022820;B
20241023;134451;703;1;11331022821;B
20241023;134514;703;14;11331026344;S
20241023;134556;703.6;1;11331030880;B
20241023;134557;703.6;2;11331030946;B
20241023;134557;703.8;2;11331030947;B
20241023;134713;703.6;1;11331037982;B
20241023;134936;703.2;2;11331063427;B
20241023;135021;703.2;1;11331066978;B
20241023;135021;703.2;40;11331066979;B
20241023;135044;703.2;9;11331068710;S
20241023;135117;703.2;22;11331071670;S
20241023;135130;703;1;11331072460;B
20241023;135137;703;19;11331072911;B
20241023;135137;703;40;11331072912;B
20241023;135137;703.4;1;11331072913;B
20241023;135137;703.4;13;11331072914;B
20241023;135137;703.6;4;11331072915;B
20241023;135137;703.6;142;11331072916;B
20241023;135137;703.8;385;11331072917;B
20241023;135137;704;3;11331072918;B
20241023;135137;704;14;11331072919;B
20241023;135137;704;1;11331072920;B
20241023;135137;704;7;11331072921;B
20241023;135137;704.2;20;11331072922;B
20241023;135137;704.2;20;11331072923;B
20241023;135137;704.2;2;11331072924;B
20241023;135137;704.4;3;11331072925;B
20241023;135137;704.4;125;11331072926;B
20241023;135137;704.6;1;11331072927;B
20241023;135137;704.8;3;11331072928;B
20241023;135137;705;200;11331072929;B
20241023;135137;705;100;11331072930;B
20241023;135137;705;100;11331072931;B
20241023;135137;705;100;11331072932;B
20241023;135137;705;1;11331072933;B
20241023;135137;705;15;11331072934;B
20241023;135137;705.2;3;11331072935;B
20241023;135137;705.6;3;11331072936;B
20241023;135137;705.6;2;11331072937;B
20241023;135137;705.8;200;11331072938;B
20241023;135137;706;19;11331072939;B
20241023;135137;706;3;11331072940;B
20241023;135137;706;10;11331072941;B
20241023;135137;706;20;11331072942;B
20241023;135137;706;14;11331072943;B
20241023;135137;706;3;11331072944;B
20241023;135137;706;25;11331072945;B
20241023;135137;706;100;11331072946;B
20241023;135137;706;3;11331072947;B
20241023;135137;706.2;1;11331072948;B
20241023;135137;706.4;3;11331072949;B
20241023;135137;706.4;15;11331072950;B
20241023;135137;706.6;1;11331072951;B
20241023;135137;706.6;2;11331072952;B
20241023;135137;706.6;25;11331072953;B
20241023;135137;706.8;3;11331072954;B
20241023;135137;706.8;1;11331072955;B
20241023;135137;706.8;113;11331072956;B
20241023;135137;707;50;11331072957;B
20241023;135137;707;1;11331072958;B
20241023;135137;707;4;11331072959;B
20241023;135137;707;3;11331072960;B
20241023;135137;707;54;11331072961;B
20241023;135137;706.6;10;11331072963;B
20241023;135155;703.4;16;11331074484;S
20241023;135155;703.4;8;11331074485;S
20241023;135302;703.4;2;11331079883;S
20241023;135310;703.4;3;11331080514;B
20241023;135342;703.2;14;11331083559;B
20241023;135342;703.2;28;11331083560;B
20241023;135505;703.6;3;11331090504;B
20241023;135505;703.8;2;11331090505;B
20241023;135505;703.8;40;11331090506;B
20241023;135510;704.2;7;11331090831;B
20241023;135515;704;68;11331092851;S
20241023;135518;704.2;3;11331093025;B
20241023;135550;704;2;11331095379;S
20241023;135714;704.2;1;11331104778;S
20241023;135730;704.2;1;11331106215;S
20241023;135856;704.2;1;11331114082;S
20241023;135856;704;96;11331114083;S
20241023;135938;704;50;11331117672;S
20241023;140023;704.4;2;11331120900;B
20241023;140125;704.4;10;11331124701;B
20241023;140125;704.4;1;11331124702;B
20241023;140125;704.6;285;11331124703;B
20241023;140125;704.8;400;11331124704;B
20241023;140125;705;7;11331124705;B
20241023;140125;705;1;11331124706;B
20241023;140125;705.8;1;11331124707;B
20241023;140125;706.4;2;11331124708;B
20241023;140125;706.4;7;11331124709;B
20241023;140125;706.6;3;11331124710;B
20241023;140125;706.6;20;11331124711;B
20241023;140125;706.6;20;11331124712;B
20241023;140125;706.6;8;11331124713;B
20241023;140125;706.6;2;11331124714;B
20241023;140125;706.6;1;11331124715;B
20241023;140125;706.8;1;11331124716;B
20241023;140125;706.8;20;11331124717;B
20241023;140125;706.8;20;11331124718;B
20241023;140125;706.8;142;11331124719;B
20241023;140125;706.8;300;11331124720;B
20241023;140125;707;46;11331124721;B
20241023;140125;707;7;11331124722;B
20241023;140125;707;100;11331124723;B
20241023;140125;707.2;500;11331124724;B
20241023;140125;707.2;3;11331124725;B
20241023;140125;707.4;1;11331124726;B
20241023;140125;707.6;3;11331124727;B
20241023;140125;707.6;1;11331124728;B
20241023;140125;707.6;100;11331124729;B
20241023;140125;707.6;100;11331124730;B
20241023;140125;707.8;11;11331124731;B
20241023;140125;708;1;11331124732;B
20241023;140125;708;100;11331124733;B
20241023;140125;708;25;11331124734;B
20241023;140125;708;1;11331124735;B
20241023;140125;708;3;11331124736;B
20241023;140125;708;1;11331124737;B
20241023;140125;708;400;11331124738;B
20241023;140125;708;113;11331124739;B
20241023;140125;708;200;11331124740;B
20241023;140125;708.2;1;11331124741;B
20241023;140125;708.2;113;11331124742;B
20241023;140125;708.4;2;11331124743;B
20241023;140125;708.4;1;11331124744;B
20241023;140125;708.4;3;11331124745;B
20241023;140125;708.4;300;11331124746;B
20241023;140125;708.4;113;11331124747;B
20241023;140125;708.6;10;11331124748;B
20241023;140125;708.6;2;11331124749;B
20241023;140125;708.6;113;11331124750;B
20241023;140125;708.8;1;11331124751;B
20241023;140125;708.8;2;11331124752;B
20241023;140125;708.8;283;11331124753;B
20241023;140125;708.8;3;11331124754;B
20241023;140125;708.8;1;11331124755;B
20241023;140125;708.8;71;11331124756;B
20241023;140125;708.8;113;11331124757;B
20241023;140125;709;6;11331124758;B
20241023;140125;709;10;11331124759;B
20241023;140125;709;2;11331124760;B
20241023;140125;709;100;11331124761;B
20241023;140125;709;10;11331124762;B
20241023;140125;709;20;11331124763;B
20241023;140125;709;25;11331124764;B
20241023;140125;709;2;11331124765;B
20241023;140125;709;1;11331124766;B
20241023;140125;709;25;11331124767;B
20241023;140125;709;25;11331124768;B
20241023;140125;709;113;11331124769;B
20241023;140125;709.2;1;11331124770;B
20241023;140125;709.2;1;11331124771;B
20241023;140125;709.2;30;11331124772;B
20241023;140125;709.2;500;11331124773;B
20241023;140125;709.2;3;11331124774;B
20241023;140125;709.2;2;11331124775;B
20241023;140125;709.2;10;11331124776;B
20241023;140125;709.2;3;11331124777;B
20241023;140125;709.2;12;11331124778;B
20241023;140125;708.6;142;11331124814;B
20241023;140125;708.8;8;11331124815;B
20241023;140142;707;142;11331126432;B
20241023;140142;707.2;500;11331126433;B
20241023;140142;708;96;11331126434;B
20241023;140142;708.2;50;11331126435;B
20241023;140142;708.8;2;11331126436;B
20241023;140142;708.8;11;11331126437;B
20241023;140142;708.8;1;11331126438;B
20241023;140142;708.8;1;11331126439;B
20241023;140142;708.8;3;11331126440;B
20241023;140142;709;10;11331126441;B
20241023;140142;709.2;101;11331126442;B
20241023;140142;709.2;51;11331126443;B
20241023;140142;709.4;1;11331126444;B
20241023;140142;709.4;15;11331126445;B
20241023;140142;709.4;2;11331126446;B
20241023;140142;709.4;200;11331126447;B
20241023;140142;709.4;113;11331126448;B
20241023;140142;709.6;1;11331126449;B
20241023;140142;709.6;2;11331126450;B
20241023;140142;709.6;3;11331126451;B
20241023;140142;709.6;113;11331126452;B
20241023;140142;709.8;2;11331126453;B
20241023;140142;709.8;26;11331126454;B
20241023;140142;709.8;1;11331126455;B
20241023;140142;709.8;1;11331126456;B
20241023;140142;709.8;1;11331126457;B
20241023;140142;709.8;2;11331126458;B
20241023;140142;709.8;113;11331126459;B
20241023;140142;710;2;11331126460;B
20241023;140142;710;1;11331126461;B
20241023;140142;710;1;11331126462;B
20241023;140142;710;1;11331126463;B
20241023;140142;710;100;11331126464;B
20241023;140142;710;100;11331126465;B
20241023;140142;710;100;11331126466;B
20241023;140142;710;10;11331126467;B
20241023;140142;710;25;11331126468;B
20241023;140142;710;34;11331126469;B
20241023;140142;710;15;11331126470;B
20241023;140142;710;3;11331126471;B
20241023;140142;710;100;11331126472;B
20241023;140142;710;20;11331126473;B
20241023;140142;710;15;11331126474;B
20241023;140142;710;1;11331126475;B
20241023;140142;710;16;11331126476;B
20241023;140142;710;25;11331126477;B
20241023;140142;710;2;11331126478;B
20241023;140142;710;5;11331126479;B
20241023;140142;710;1;11331126480;B
20241023;140142;710;50;11331126481;B
20241023;140142;710;3;11331126482;B
20241023;140142;710;113;11331126483;B
20241023;140142;710.2;2;11331126484;B
20241023;140142;710.2;43;11331126485;B
20241023;140142;710.2;113;11331126486;B
20241023;140142;710.4;1;11331126487;B
20241023;140142;710.4;2;11331126488;B
20241023;140142;710.4;1;11331126489;B
20241023;140142;710.4;3;11331126490;B
20241023;140142;710.4;87;11331126491;B
20241023;140142;710.4;113;11331126492;B
20241023;140142;710.4;200;11331126493;B
20241023;140142;710.6;7;11331126494;B
20241023;140142;710.6;2;11331126495;B
20241023;140142;710.6;100;11331126496;B
20241023;140142;710.6;113;11331126497;B
20241023;140142;710.8;2;11331126498;B
20241023;140142;710.8;1000;11331126499;B
20241023;140142;710.8;113;11331126500;B
20241023;140142;711;2;11331126501;B
20241023;140142;711;20;11331126502;B
20241023;140142;711;1;11331126503;B
20241023;140142;711;1;11331126504;B
20241023;140142;711;309;11331126505;B
20241023;140142;711;458;11331126506;B
20241023;140142;710.8;2;11331126540;B
20241023;140142;710.2;14;11331126560;S
20241023;140145;710.2;86;11331127024;S
20241023;140151;708.2;25;11331127802;B
20241023;140152;708;86;11331127865;B
20241023;140217;707.2;1;11331130446;S
20241023;140221;707.4;1;11331130772;S
20241023;140233;707.4;60;11331131972;S
20241023;140239;707.6;48;11331132455;B
20241023;140239;707.6;1;11331132457;S
20241023;140239;707.4;18;11331132458;S
20241023;140239;707.2;24;11331132480;S
20241023;140246;707.2;1;11331132961;B
20241023;140246;707.2;3;11331132962;B
20241023;140246;707.2;13;11331132965;S
20241023;140247;707;25;11331133029;S
20241023;140248;707;1;11331133121;B
20241023;140255;706.8;25;11331133523;S
20241023;140255;706.6;42;11331133524;S
20241023;140307;707;1;11331134427;B
20241023;140307;707;1;11331134428;B
20241023;140307;707;15;11331134429;B
20241023;140307;707.2;15;11331134452;B
20241023;140307;707.2;10;11331134453;B
20241023;140404;707.2;8;11331139284;B
20241023;140411;707;3;11331139893;S
20241023;140445;708;3;11331145280;B
20241023;140636;707.8;108;11331152491;B
20241023;140636;707.8;50;11331152492;B
20241023;140636;708;7;11331152493;B
20241023;140636;708;51;11331152494;B
20241023;140636;708;40;11331152495;B
20241023;140636;708;16;11331152496;B
20241023;140636;708.2;50;11331152497;B
20241023;140636;708.2;2;11331152498;B
20241023;140806;707.8;2;11331161888;S
20241023;140817;707.8;10;11331162598;S
20241023;141002;708;2;11331169681;B
20241023;141002;708;28;11331169682;B
20241023;141107;707.8;10;11331173704;S
20241023;141132;707.8;10;11331175414;S
20241023;141223;707.8;2;11331179044;S
20241023;141223;707.8;2;11331179045;S
20241023;141302;707.2;1;11331181001;S
20241023;141302;707.2;13;11331181002;S
20241023;141304;707;3;11331181202;S
20241023;141311;707;9;11331181635;S
20241023;141337;706.8;4;11331184193;S
20241023;141337;706.8;4;11331184194;S
20241023;141440;706.6;25;11331192661;S
20241023;141605;706.6;1;11331198642;B
20241023;141914;706.6;1;11331214298;B
20241023;142027;706.6;1;11331222334;B
20241023;142128;705.4;5;11331238354;S
20241023;142149;706.2;1;11331239864;B
20241023;142401;706;1;11331252734;S
20241023;142449;706;24;11331255233;S
20241023;142449;706;1;11331255234;S
20241023;142449;706;7;11331255235;S
20241023;142703;706;6;11331267448;B
20241023;142723;706;1;11331268385;B
20241023;142724;706;5;11331268428;B
20241023;142757;705.8;1;11331270710;S
20241023;142918;706;3;11331276433;B
20241023;142920;705.8;1;11331276547;S
20241023;143024;705.8;5;11331284822;S
20241023;143104;705.8;1;11331287276;S
20241023;143129;705.8;1;11331290313;S
20241023;143309;705.8;5;11331302123;S
20241023;143319;706;119;11331303886;B
20241023;143329;706;1;11331305795;B
20241023;143624;705.8;11;11331321058;S
20241023;143624;705.8;5;11331321059;S
20241023;143624;705.8;5;11331321060;S
20241023;143722;705.4;6;11331328678;B
20241023;143742;705.4;1;11331330292;B
20241023;143751;705.4;2;11331331276;S
20241023;143840;705;3;11331336501;S
20241023;143840;705;2;11331336502;S
20241023;144014;705;1;11331346220;S
20241023;144125;705.2;10;11331358834;B
20241023;144125;705.2;40;11331358835;B
20241023;144128;705.2;50;11331359365;S
20241023;144217;705;1;11331367288;S
20241023;144346;705;2;11331374069;S
20241023;144405;705;1;11331375170;S
20241023;144637;705.4;1;11331390064;B
20241023;144637;705.6;1;11331390065;B
20241023;144708;705.6;2;11331391822;B
20241023;144840;705.4;5;11331396758;S
20241023;144840;705.4;5;11331396759;S
20241023;144840;705.2;1;11331396760;S
20241023;144840;705.2;5;11331396761;S
20241023;144840;705.2;20;11331396762;S
20241023;144840;705.2;33;11331396763;S
20241023;145158;705.2;100;11331411788;S
20241023;145200;705.8;26;11331411889;B
20241023;145200;706;132;11331411890;B
20241023;145200;706;2;11331411891;B
20241023;145200;706;16;11331411892;B
20241023;145200;706;40;11331411893;B
20241023;145200;706.4;18;11331411894;B
20241023;145200;706.8;9;11331411895;B
20241023;145200;706.8;44;11331411896;B
20241023;145200;707;3;11331411897;B
20241023;145200;707;40;11331411898;B
20241023;145200;707;1;11331411899;B
20241023;145200;707;1;11331411900;B
20241023;145200;707;142;11331411901;B
20241023;145200;707.2;500;11331411902;B
20241023;145200;707.6;1;11331411903;B
20241023;145200;707.6;3;11331411904;B
20241023;145200;707.8;1;11331411905;B
20241023;145200;708;2;11331411906;B
20241023;145200;708;10;11331411907;B
20241023;145200;708;50;11331411908;B
20241023;145200;708;100;11331411909;B
20241023;145200;708;17;11331411910;B
20241023;145200;708;1;11331411911;B
20241023;145200;708;50;11331411912;B
20241023;145200;708.6;1;11331411913;B
20241023;145200;708.6;52;11331411914;B
20241023;145200;708.8;155;11331411915;B
20241023;145200;709;6;11331411916;B
20241023;145200;709;19;11331411917;B
20241023;145200;709;300;11331411918;B
20241023;145200;709;1;11331411919;B
20241023;145200;709;145;11331411920;B
20241023;145200;709.2;500;11331411921;B
20241023;145200;709.4;6;11331411922;B
20241023;145200;709.8;6;11331411923;B
20241023;145200;710;1;11331411924;B
20241023;145200;710;15;11331411925;B
20241023;145200;710;40;11331411926;B
20241023;145200;710;20;11331411927;B
20241023;145200;710.2;6;11331411928;B
20241023;145200;710.2;20;11331411929;B
20241023;145200;710.2;20;11331411930;B
20241023;145200;710.4;10;11331411931;B
20241023;145200;710.4;30;11331411932;B
20241023;145200;710.4;10;11331411933;B
20241023;145200;710.4;20;11331411934;B
20241023;145200;710.6;10;11331411935;B
20241023;145200;710.6;1;11331411936;B
20241023;145200;710.6;6;11331411937;B
20241023;145200;710.6;350;11331411938;B
20241023;145200;710.8;14;11331411939;B
20241023;145200;710.8;5;11331411940;B
20241023;145200;710.8;100;11331411941;B
20241023;145200;710.8;100;11331411942;B
20241023;145200;710.8;100;11331411943;B
20241023;145200;710.8;75;11331411944;B
20241023;145200;710.8;25;11331411945;B
20241023;145200;710.8;25;11331411946;B
20241023;145200;711;60;11331411947;B
20241023;145200;711;1;11331411948;B
20241023;145200;711;35;11331411949;B
20241023;145200;711;3;11331411950;B
20241023;145200;711;300;11331411951;B
20241023;145200;711;6;11331411952;B
20241023;145200;711;919;11331411953;B
20241023;145200;711;6;11331411954;B
20241023;145200;711;1;11331411955;B
20241023;145200;711.2;2;11331411956;B
20241023;145200;711.2;2;11331411957;B
20241023;145200;711.2;262;11331411958;B
20241023;145207;709.4;260;11331412460;B
20241023;145207;709.4;40;11331412461;B
20241023;145211;709.6;48;11331412708;B
20241023;145211;709.6;40;11331412709;B
20241023;145211;710.2;3;11331412710;B
20241023;145211;710.4;216;11331412711;B
20241023;145211;711;142;11331412712;B
20241023;145211;711.2;238;11331412713;B
20241023;145211;711.2;15;11331412714;B
20241023;145211;711.4;2;11331412715;B
20241023;145211;711.4;1;11331412716;B
20241023;145211;711.6;2;11331412717;B
20241023;145211;711.6;1;11331412718;B
20241023;145211;711.6;1;11331412719;B
20241023;145211;711.6;26;11331412720;B
20241023;145211;711.8;2;11331412721;B
20241023;145211;711.8;2;11331412722;B
20241023;145211;711.8;10;11331412723;B
20241023;145211;711.8;100;11331412724;B
20241023;145211;712;150;11331412725;B
20241023;145211;712;2;11331412726;B
20241023;145211;712;1;11331412727;B
20241023;145211;712;2;11331412728;B
20241023;145211;712;1;11331412729;B
20241023;145211;712;130;11331412730;B
20241023;145211;712;60;11331412731;B
20241023;145211;712.2;2;11331412732;B
20241023;145211;712.2;113;11331412733;B
20241023;145211;712.4;2;11331412734;B
20241023;145211;712.4;2;11331412735;B
20241023;145211;712.4;3;11331412736;B
20241023;145211;712.4;1;11331412737;B
20241023;145211;712.4;113;11331412738;B
20241023;145211;712.6;100;11331412739;B
20241023;145211;712.6;2;11331412740;B
20241023;145211;712.6;34;11331412741;B
20241023;145211;712.6;113;11331412742;B
20241023;145211;712.8;10;11331412743;B
20241023;145211;712.8;2;11331412744;B
20241023;145211;712.8;1;11331412745;B
20241023;145211;712.8;11;11331412746;B
20241023;145211;713;1;11331412747;B
20241023;145211;713;100;11331412748;B
20241023;145211;713;15;11331412749;B
20241023;145211;713;1;11331412750;B
20241023;145211;713.2;1;11331412751;B
20241023;145211;713.2;1;11331412752;B
20241023;145211;713.2;100;11331412753;B
20241023;145211;713.4;2;11331412754;B
20241023;145211;713.4;7;11331412755;B
20241023;145211;713.4;100;11331412756;B
20241023;145211;713.6;1;11331412757;B
20241023;145211;713.6;1;11331412758;B
20241023;145211;713.6;1;11331412759;B
20241023;145211;713.6;1;11331412760;B
20241023;145211;713.6;1;11331412761;B
20241023;145211;713.6;1;11331412762;B
20241023;145211;713.6;1;11331412763;B
20241023;145211;713.6;1;11331412764;B
20241023;145211;713.6;2;11331412765;B
20241023;145211;713.6;2;11331412766;B
20241023;145211;713.6;250;11331412767;B
20241023;145211;713.6;1;11331412768;B
20241023;145211;713.6;1;11331412769;B
20241023;145211;713.6;100;11331412770;B
20241023;145211;713.8;2;11331412771;B
20241023;145211;713.8;5;11331412772;B
20241023;145211;713.8;100;11331412773;B
20241023;145211;713.8;15;11331412774;B
20241023;145211;713.8;400;11331412775;B
20241023;145211;713.8;350;11331412776;B
20241023;145211;714;50;11331412777;B
20241023;145211;714;1;11331412778;B
20241023;145211;714;1;11331412779;B
20241023;145211;714;50;11331412780;B
20241023;145211;714;174;11331412781;B
20241023;145211;714;1000;11331412782;B
20241023;145211;714;35;11331412783;B
20241023;145211;714.2;421;11331412784;B
20241023;145211;714;25;11331412785;B
20241023;145211;714;35;11331412786;B
20241023;145212;713.4;6;11331412822;S
20241023;145212;713.4;2;11331412828;S
20241023;145212;713;2;11331412829;B
20241023;145212;713;40;11331412830;B
20241023;145212;713.6;2;11331412831;B
20241023;145212;713.6;76;11331412832;B
20241023;145212;710.8;2;11331412833;S
20241023;145212;713.4;2;11331412846;B
20241023;145212;713.4;142;11331412847;B
20241023;145212;713.6;176;11331412848;B
20241023;145212;713.8;48;11331412849;B
20241023;145212;714;100;11331412850;B
20241023;145212;714.2;79;11331412851;B
20241023;145212;714.6;175;11331412852;B
20241023;145212;714.8;9;11331412853;B
20241023;145212;714.8;1;11331412854;B
20241023;145212;714.8;26;11331412855;B
20241023;145212;715;4;11331412856;B
20241023;145212;715;100;11331412857;B
20241023;145212;715;30;11331412858;B
20241023;145212;715;4;11331412859;B
20241023;145212;715;25;11331412860;B
20241023;145212;715;12;11331412861;B
20241023;145212;715;30;11331412862;B
20241023;145212;715;10;11331412863;B
20241023;145212;715;5;11331412864;B
20241023;145212;715;1;11331412865;B
20241023;145212;715;1;11331412866;B
20241023;145212;715;1;11331412867;B
20241023;145212;715;50;11331412868;B
20241023;145212;715;3;11331412869;B
20241023;145212;715;100;11331412870;B
20241023;145212;715;2;11331412871;B
20241023;145212;715.2;3;11331412872;B
20241023;145212;715.4;5;11331412873;B
20241023;145212;715.6;1;11331412874;B
20241023;145212;715.6;175;11331412875;B
20241023;145212;716;9;11331412876;B
20241023;145212;716;46;11331412877;B
20241023;145212;716;100;11331412878;B
20241023;145212;716;1;11331412879;B
20241023;145212;716;400;11331412880;B
20241023;145212;716.2;500;11331412881;B
20241023;145212;716.4;3;11331412883;B
20241023;145212;716.4;2;11331412886;B
20241023;145212;716.4;12;11331412887;B
20241023;145212;716.2;10;11331412894;S
20241023;145212;716.2;5;11331412895;S
20241023;145212;716.4;80;11331412896;B
20241023;145212;716.4;3;11331412897;B
20241023;145212;716.4;27;11331412898;B
20241023;145212;716.2;9;11331412900;S
20241023;145212;710.4;41;11331412901;S
20241023;145212;716.4;13;11331412902;B
20241023;145212;716.4;14;11331412903;B
20241023;145212;716.4;15;11331412904;B
20241023;145212;716.6;193;11331412905;B
20241023;145212;716.6;57;11331412906;B
20241023;145212;717;20;11331412907;B
20241023;145212;717;1;11331412908;B
20241023;145212;717;5;11331412909;B
20241023;145212;717;1;11331412910;B
20241023;145212;717;20;11331412911;B
20241023;145212;717;1;11331412912;B
20241023;145212;717;125;11331412913;B
20241023;145212;716.6;17;11331412915;S
20241023;145213;710.2;4;11331412922;S
20241023;145213;712;10;11331412923;B
20241023;145213;712;293;11331412925;B
20241023;145213;716.8;7;11331412926;B
20241023;145213;716.8;135;11331412928;B
20241023;145213;717;45;11331412929;B
20241023;145213;712;5;11331412931;B
20241023;145213;712.2;2;11331412933;S
20241023;145213;712.2;1;11331412934;S
20241023;145213;712.2;41;11331412937;S
20241023;145213;716.2;44;11331412940;B
20241023;145213;716.4;5;11331412941;B
20241023;145213;716.4;1;11331412942;B
20241023;145213;712.6;30;11331412953;S
20241023;145213;716.4;10;11331412959;B
20241023;145213;714.6;1;11331412965;B
20241023;145213;715;100;11331412966;B
20241023;145213;716.4;29;11331412967;B
20241023;145213;716.8;120;11331412968;B
20241023;145213;715.8;30;11331412969;B
20241023;145213;716;70;11331412970;B
20241023;145213;716;5;11331412972;B
20241023;145213;712.8;5;11331412973;S
20241023;145213;712.8;1;11331412974;S
20241023;145214;715;20;11331412990;B
20241023;145214;715;40;11331412991;B
20241023;145214;715;1;11331412992;B
20241023;145214;716;10;11331412994;B
20241023;145214;716;15;11331413018;B
20241023;145214;716;20;11331413019;B
20241023;145218;714.8;1;11331413195;S
20241023;145219;713.6;16;11331413230;S
20241023;145219;713.6;120;11331413231;S
20241023;145219;713.6;3;11331413232;S
20241023;145219;714.8;5;11331413236;B
20241023;145219;714.8;4;11331413237;B
20241023;145219;715;1;11331413238;B
20241023;145219;715.6;20;11331413239;B
20241023;145219;716.2;2;11331413240;B
20241023;145219;716.2;4;11331413241;B
20241023;145219;716.4;34;11331413242;B
20241023;145221;713.8;20;11331413407;S
20241023;145221;713.4;50;11331413408;S
20241023;145227;713.2;99;11331414164;S
20241023;145227;712.8;100;11331414165;S
20241023;145227;712.6;175;11331414166;S
20241023;145227;712.4;126;11331414167;S
20241023;145228;712.4;63;11331414218;S
20241023;145228;712;9;11331414219;S
20241023;145242;712.2;1;11331414870;S
20241023;145246;712.4;10;11331415134;S
20241023;145247;712.4;20;11331415327;S
20241023;145249;712.6;1;11331415426;B
20241023;145257;712.6;19;11331415829;S
20241023;145257;712.6;15;11331415830;S
20241023;145257;712.6;50;11331415831;S
20241023;145257;712.6;5;11331415832;S
20241023;145257;712.4;170;11331415833;S
20241023;145257;712.4;16;11331415834;S
20241023;145257;712.2;1;11331415835;S
20241023;145257;712.2;16;11331415836;S
20241023;145257;712;100;11331415837;S
20241023;145257;712;8;11331415838;S
20241023;145258;713.2;2;11331415989;B
20241023;145305;712.2;10;11331416400;S
20241023;145306;712.2;10;11331416481;S
20241023;145306;712.2;50;11331416482;S
20241023;145306;712;10;11331416483;S
20241023;145309;712;3;11331416614;S
20241023;145309;712;29;11331416628;S
20241023;145309;712;1;11331416629;S
20241023;145313;712;8;11331416804;S
20241023;145313;712;50;11331416805;S
20241023;145313;712;20;11331416806;S
20241023;145313;712;50;11331416807;S
20241023;145313;712;12;11331416808;S
20241023;145313;711.8;10;11331416809;S
20241023;145319;711.8;20;11331417178;S
20241023;145319;711.8;5;11331417186;S
20241023;145329;712.8;2;11331417703;B
20241023;145334;712.2;4;11331418022;S
20241023;145334;712;23;11331418023;S
20241023;145336;712;27;11331418206;S
20241023;145336;712;50;11331418207;S
20241023;145341;711.8;1;11331418600;S
20241023;145345;711.8;1;11331418885;S
20241023;145349;711.8;1;11331419138;S
20241023;145351;711.8;47;11331419264;S
20241023;145351;711.2;3;11331419265;S
20241023;145352;711.2;10;11331419295;S
20241023;145357;711.4;5;11331419661;S
20241023;145359;711.4;2;11331419714;S
20241023;145402;711.4;1;11331419846;S
20241023;145411;711.6;100;11331420437;S
20241023;145411;711.4;12;11331420438;S
20241023;145411;711.4;9;11331420439;S
20241023;145411;711.4;2;11331420440;S
20241023;145411;711.2;37;11331420441;S
20241023;145411;711;10;11331420442;S
20241023;145411;710.8;1;11331420443;S
20241023;145411;710.8;50;11331420444;S
20241023;145411;710.8;29;11331420445;S
20241023;145422;710.8;5;11331421390;S
20241023;145445;711;7;11331423188;B
20241023;145447;710.8;2;11331423265;S
20241023;145451;711;3;11331423524;B
20241023;145455;710.8;1;11331423901;S
20241023;145459;711;90;11331424259;B
20241023;145459;711;10;11331424260;B
20241023;145504;711;2;11331424582;B
20241023;145524;711;100;11331425872;B
20241023;145535;711;130;11331426624;B
20241023;145535;711;120;11331426625;B
20241023;145535;711;84;11331426658;B
20241023;145535;710.8;20;11331426661;S
20241023;145535;710.8;50;11331426662;S
20241023;145535;710.8;30;11331426663;S
20241023;145535;710.8;50;11331426664;S
20241023;145555;711;1;11331428245;B
20241023;145600;711;8;11331428590;B
20241023;145603;711;100;11331428755;B
20241023;145609;711;100;11331429250;B
20241023;145616;711;100;11331429801;B
20241023;145623;711;8;11331430329;B
20241023;145645;711.2;1;11331431681;S
20241023;145649;711.6;12;11331431956;B
20241023;145649;711.8;40;11331431957;B
20241023;145649;711.8;13;11331431958;B
20241023;145649;712;285;11331431959;B
20241023;145651;712;180;11331432050;B
20241023;145651;712;2;11331432051;B
20241023;145651;712;18;11331432052;B
20241023;145653;712;82;11331432153;B
20241023;145653;712;18;11331432154;B
20241023;145703;712.2;1;11331432830;B
20241023;145713;712.2;9;11331433393;B
20241023;145714;712.2;14;11331433415;S
20241023;145715;712.2;40;11331433493;B
20241023;145723;712;13;11331434316;B
20241023;145723;712.2;251;11331434317;B
20241023;145726;712.2;96;11331434572;B
20241023;145728;712;100;11331434711;S
20241023;145759;712.2;99;11331437027;B
20241023;145759;712.2;74;11331437028;B
20241023;145839;711.4;1;11331439593;S
20241023;145839;711.2;1;11331439594;S
20241023;145839;711.2;2;11331439595;S
20241023;145839;711.2;21;11331439596;S
20241023;145839;711;35;11331439597;S
20241023;145858;711;57;11331440766;S
20241023;145858;711;40;11331440767;S
20241023;145858;711;3;11331440768;S
20241023;145907;711;1;11331441384;B
20241023;145907;711.4;40;11331441385;B
20241023;145907;711.6;9;11331441386;B
20241023;145922;710.6;1;11331442192;S
20241023;145922;710.6;1;11331442193;S
20241023;145922;710.6;68;11331442194;S
20241023;145936;710.8;3;11331442908;S
20241023;145936;710.8;2;11331442909;S
20241023;145941;710.8;1;11331443159;S
20241023;145941;710.6;19;11331443160;S
20241023;150047;710;10;11331449535;S
20241023;150048;710.4;20;11331449649;B
20241023;150048;710.6;28;11331449650;B
20241023;150048;710.6;5;11331449653;B
20241023;150104;710;15;11331451177;S
20241023;150104;710;7;11331451178;S
20241023;150146;710;1;11331454635;S
20241023;150232;710;1;11331457314;S
20241023;150401;710;2;11331463873;B
20241023;150420;710;1;11331465097;B
20241023;150505;710;7;11331467958;B
20241023;150505;710;13;11331467959;B
20241023;150505;710;81;11331467960;B
20241023;150553;710;59;11331472194;B
20241023;150553;710;423;11331472195;B
20241023;150553;710;1;11331472196;B
20241023;150553;710;150;11331472197;B
20241023;150553;710.2;3;11331472198;B
20241023;150553;710.2;16;11331472199;B
20241023;150553;710.4;51;11331472200;B
20241023;150553;710.4;19;11331472201;B
20241023;150553;710.4;8;11331472202;B
20241023;150553;710.4;41;11331472203;B
20241023;150553;710.6;20;11331472204;B
20241023;150553;711;2;11331472205;B
20241023;150553;711.2;141;11331472206;B
20241023;150553;711.8;142;11331472207;B
20241023;150553;711.8;150;11331472208;B
20241023;150553;711.8;93;11331472209;B
20241023;150553;712;500;11331472210;B
20241023;150553;712;1;11331472211;B
20241023;150553;712;50;11331472212;B
20241023;150553;712;400;11331472213;B
20241023;150553;712.2;680;11331472214;B
20241023;150553;712.8;2;11331472215;B
20241023;150553;712.8;1;11331472216;B
20241023;150553;713;47;11331472217;B
20241023;150608;712;140;11331473272;S
20241023;150728;712.2;1;11331477711;S
20241023;150746;712.2;5;11331478915;S
20241023;150800;712.2;3;11331479766;S
20241023;150813;712.2;10;11331480441;S
20241023;150909;712.6;15;11331484473;B
20241023;150909;712.8;2;11331484474;B
20241023;150909;712.8;1;11331484475;B
20241023;150909;712.8;200;11331484476;B
20241023;150909;713;3;11331484477;B
20241023;150909;713;200;11331484478;B
20241023;150909;713;10;11331484479;B
20241023;150909;713.2;1;11331484480;B
20241023;150909;713.2;2;11331484481;B
20241023;150909;713.2;30;11331484482;B
20241023;150909;714;1;11331484483;B
20241023;150909;714;35;11331484484;B
20241023;150910;712.8;50;11331484517;S
20241023;150910;712.8;21;11331484518;S
20241023;150910;712.6;29;11331484519;S
20241023;150910;713.8;19;11331484535;B
20241023;150910;713.8;142;11331484536;B
20241023;150910;713.8;29;11331484537;B
20241023;150910;714;15;11331484538;B
20241023;150910;714;1;11331484539;B
20241023;150910;714;15;11331484540;B
20241023;150910;714;100;11331484541;B
20241023;150910;714;2;11331484542;B
20241023;150910;714.2;50;11331484543;B
20241023;150910;714.4;1;11331484544;B
20241023;150910;714.6;26;11331484545;B
20241023;150936;713.2;10;11331485940;S
20241023;151028;713.2;1;11331491043;S
20241023;151045;712.8;1;11331492034;S
20241023;151055;713.2;6;11331492567;B
20241023;151107;712.8;9;11331493397;S
20241023;151113;713.2;1;11331493721;B
20241023;151128;712.8;1;11331494770;S
20241023;151134;712.8;2;11331495139;S
20241023;151134;712.8;87;11331495151;S
20241023;151134;712.8;100;11331495152;S
20241023;151155;712.4;20;11331496388;S
20241023;151155;712.4;20;11331496389;S
20241023;151155;712.4;20;11331496390;S
20241023;151155;712.4;40;11331496391;S
20241023;151155;712.2;1;11331496392;S
20241023;151155;712.2;40;11331496393;S
20241023;151155;712.2;20;11331496394;S
20241023;151155;712;50;11331496395;S
20241023;151155;712;1;11331496396;S
20241023;151155;712;20;11331496397;S
20241023;151216;711.8;1;11331497593;S
20241023;151216;711.8;1;11331497594;S
20241023;151218;711.6;1;11331498010;S
20241023;151218;711.6;9;11331498011;S
20241023;151221;711.6;10;11331498173;S
20241023;151231;711.6;1;11331498615;S
20241023;151232;711.6;9;11331498661;B
20241023;151301;711.2;75;11331500696;S
20241023;151301;711.2;25;11331500697;S
20241023;151307;711;10;11331501076;S
20241023;151401;711.6;1;11331506780;B
20241023;151426;711.8;5;11331508131;B
20241023;151448;711.4;30;11331509325;B
20241023;151542;711.8;3;11331511905;B
20241023;151542;711.8;10;11331511906;B
20241023;151647;712;10;11331516086;B
20241023;151703;711.8;10;11331516976;B
20241023;151711;711.2;16;11331517358;S
20241023;151713;711.4;3;11331517463;S
20241023;151718;712;1;11331517708;B
20241023;151740;711.2;35;11331518973;S
20241023;151740;711.2;40;11331518974;S
20241023;151740;711;5;11331518975;S
20241023;151740;711;2;11331518976;S
20241023;151740;711;33;11331518977;S
20241023;151740;710.8;1;11331518978;S
20241023;151740;710.6;396;11331518979;S
20241023;151740;710.6;142;11331518980;S
20241023;151740;710.6;387;11331518981;S
20241023;151740;710.4;42;11331518982;S
20241023;151740;710.4;159;11331518983;S
20241023;151740;710.2;1;11331518984;S
20241023;151740;710.2;25;11331518985;S
20241023;151740;710;400;11331518986;S
20241023;151740;709.8;27;11331518987;S
20241023;151740;709.8;1;11331518988;S
20241023;151740;709.6;25;11331518989;S
20241023;151740;709.4;1;11331518990;S
20241023;151740;709.4;1;11331518991;S
20241023;151740;709.4;25;11331518992;S
20241023;151740;709.2;25;11331518993;S
20241023;151740;709.2;41;11331518994;S
20241023;151740;709.2;396;11331518995;S
20241023;151740;709;25;11331518996;S
20241023;151740;709;10;11331518997;S
20241023;151740;709;500;11331518998;S
20241023;151740;709;1;11331518999;S
20241023;151740;708.6;1;11331519000;S
20241023;151740;708.6;100;11331519001;S
20241023;151740;708.6;100;11331519002;S
20241023;151740;708.6;100;11331519003;S
20241023;151740;707.2;100;11331519004;S
20241023;151740;707;113;11331519005;S
20241023;151740;707;113;11331519006;S
20241023;151740;706.8;700;11331519007;S
20241023;151740;706.8;113;11331519008;S
20241023;151740;706.8;113;11331519009;S
20241023;151740;706.6;113;11331519010;S
20241023;151740;706.6;113;11331519011;S
20241023;151740;706.4;113;11331519012;S
20241023;151740;706.4;113;11331519013;S
20241023;151740;706.2;11;11331519014;S
20241023;151740;706.2;113;11331519015;S
20241023;151740;706.2;113;11331519016;S
20241023;151740;706;12;11331519017;S
20241023;151740;706.8;142;11331519022;S
20241023;151740;706.8;14;11331519023;S
20241023;151740;706.6;144;11331519024;S
20241023;151740;706.6;45;11331519025;S
20241023;151740;706.4;44;11331519026;S
20241023;151740;706.2;11;11331519027;S
20241023;151740;706.4;4;11331519032;S
20241023;151745;708.4;17;11331519219;S
20241023;151746;708.6;1;11331519257;B
20241023;151757;708.2;14;11331520113;S
20241023;151758;708.2;18;11331520148;B
20241023;151804;708.4;50;11331520547;B
20241023;151812;708.4;216;11331520969;B
20241023;151812;708.2;434;11331520997;B
20241023;151815;710.6;200;11331521194;B
20241023;151826;710;40;11331521794;B
20241023;151826;710;1;11331521795;B
20241023;151826;711.2;152;11331521796;B
20241023;151917;710.6;2;11331525296;B
20241023;151922;708.6;10;11331525828;S
20241023;152011;709.2;10;11331528533;S
20241023;152049;710.2;3;11331530682;B
20241023;152138;709.2;2;11331532887;S
20241023;152138;709.2;4;11331532888;S
20241023;152138;709.2;1;11331532889;S
20241023;153218;709.4;40;11331713732;S
20241023;153218;709.4;5;11331713733;S
20241023;153218;709.2;1;11331713734;S
20241023;153218;709.2;2;11331713735;S
20241023;153218;709.2;5;11331713736;S
20241023;153218;709;43;11331713737;S
20241023;153218;709;84;11331713738;S
20241023;153218;708.6;8;11331713739;S
20241023;153218;708.6;1;11331713740;S
20241023;153218;708.6;1;11331713741;S
20241023;153218;708.4;10;11331713742;S
20241023;153218;708.4;50;11331713743;S
20241023;153218;708;74;11331713744;S
20241023;153218;707.6;10;11331713745;S
20241023;153218;707.6;10;11331713746;S
20241023;153218;707.6;10;11331713747;S
20241023;153218;707.6;352;11331713748;S
20241023;153218;707.6;142;11331713749;S
20241023;153218;707.4;10;11331713750;S
20241023;153218;707.4;500;11331713751;S
20241023;153218;707.2;1;11331713752;S
20241023;153218;707.2;1;11331713753;S
20241023;153218;707.2;10;11331713754;S
20241023;153218;707.2;10;11331713755;S
20241023;153218;707.2;10;11331713756;S
20241023;153218;707.2;10;11331713757;S
20241023;153218;707;10;11331713758;S
20241023;153218;707;10;11331713759;S
20241023;153218;706.6;10;11331713760;S
20241023;153218;706.6;10;11331713761;S
20241023;153218;706.4;100;11331713762;S
20241023;153218;706.4;10;11331713763;S
20241023;153218;706.4;10;11331713764;S
20241023;153218;706.4;10;11331713765;S
20241023;153218;706.4;350;11331713766;S
20241023;153218;706.2;87;11331713767;S
20241023;153218;706.2;500;11331713768;S
20241023;153218;706.2;100;11331713769;S
20241023;153218;706;538;11331713770;S
20241023;153218;706;100;11331713771;S
20241023;153218;706;500;11331713772;S
20241023;153218;706;16;11331713773;S
20241023;153218;706;113;11331713774;S
20241023;153218;706;113;11331713775;S
20241023;153218;705.8;113;11331713776;S
20241023;153218;705.8;113;11331713777;S
20241023;153218;705.6;50;11331713778;S
20241023;153218;705.6;113;11331713779;S
20241023;153218;705.6;113;11331713780;S
20241023;153218;705.4;111;11331713781;S
20241023;153219;708.6;10;11331713846;S
20241023;153219;708.6;40;11331713847;S
20241023;153219;708.4;1;11331713848;S
20241023;153231;708;174;11331714611;S
20241023;153231;708;40;11331714612;S
20241023;153249;708.6;1;11331715848;S
20241023;153249;708.6;40;11331715849;S
20241023;153345;707.6;86;11331719658;S
20241023;153411;708;3;11331721539;S
20241023;153520;708.2;3;11331727069;S
20241023;153520;708.2;19;11331727070;S
20241023;153520;708.2;13;11331727071;S
20241023;153746;707.6;1;11331736498;S
20241023;153746;707.6;11;11331736499;S
20241023;154008;707.2;1;11331749253;B
20241023;154009;707.2;1;11331749441;S
20241023;154016;707.2;1;11331749883;S
20241023;154016;707.2;2;11331749884;S
20241023;154016;707.2;40;11331749885;S
20241023;154016;707;37;11331749886;S
20241023;154023;707;1;11331750404;S
20241023;154033;707;2;11331751269;S
20241023;154049;707;1;11331752461;B
20241023;154138;707;41;11331755212;B
20241023;154142;707;11;11331755423;B
20241023;154142;707;1;11331755424;B
20241023;154149;707;8;11331755988;S
20241023;154210;707.2;3;11331757251;S
20241023;154216;707.4;1;11331757572;B
20241023;154218;707.4;1;11331757664;S
20241023;154308;708;1;11331761030;B
20241023;154506;707.8;1;11331769609;S
20241023;154506;707.8;3;11331769610;S
20241023;154525;707.8;37;11331771006;B
20241023;154612;707.4;1;11331774443;S
20241023;154740;707.4;10;11331780241;S
20241023;154746;707.8;9;11331780526;B
20241023;154746;707.8;1;11331780527;B
20241023;154754;707.4;37;11331781073;S
20241023;154754;707.4;1;11331781074;S
20241023;154754;707.2;40;11331781075;S
20241023;154754;707.2;5;11331781076;S
20241023;154754;707;40;11331781077;S
20241023;154754;707;6;11331781078;S
20241023;154754;706.6;1;11331781079;S
20241023;154754;706.6;1;11331781080;S
20241023;154754;706;72;11331781081;S
20241023;154754;705.6;50;11331781082;S
20241023;154754;705.4;10;11331781083;S
20241023;154754;705.4;3;11331781084;S
20241023;154754;705.4;1;11331781085;S
20241023;154754;705.2;37;11331781086;S
20241023;154754;705.2;142;11331781087;S
20241023;154754;705;18;11331781088;S
20241023;154754;705;1;11331781089;S
20241023;154754;705;458;11331781090;S
20241023;154754;705;12;11331781091;S
20241023;154754;705;100;11331781092;S
20241023;154754;705;10;11331781093;S
20241023;154754;704.8;1;11331781094;S
20241023;154754;704.6;10;11331781095;S
20241023;154754;704.4;7;11331781096;S
20241023;154754;704.2;100;11331781097;S
20241023;154754;704.2;30;11331781098;S
20241023;154754;704;5;11331781099;S
20241023;154754;704;73;11331781100;S
20241023;154801;706;2;11331781392;S
20241023;154801;706;48;11331781393;S
20241023;155115;706.6;1;11331795233;B
20241023;155145;706.2;1;11331797154;S
20241023;155252;706.4;1;11331801130;S
20241023;155301;706.6;1;11331803073;B
20241023;155319;706.4;3;11331804234;S
20241023;155405;706.6;1;11331812233;B
20241023;155424;706.4;1;11331830069;S
20241023;155458;706.4;4;11331864345;S
20241023;155711;706.6;1;11331942976;S
20241023;155804;707;3;11331946161;B
20241023;155952;706.8;14;11331953176;S
20241023;155952;706.8;2;11331953177;S
20241023;160115;706.8;5;11331961400;S
20241023;160126;706.8;10;11331962276;S
20241023;160137;707;20;11331963587;B
20241023;160157;706.6;2;11331964912;S
20241023;160157;706.6;1;11331964913;S
20241023;160157;706.6;1;11331964914;S
20241023;160157;706.6;42;11331964915;S
20241023;160157;706.6;40;11331964916;S
20241023;160200;706.4;75;11331965198;S
20241023;160201;706.4;28;11331965238;S
20241023;160201;706.4;3;11331965239;S
20241023;160256;706.4;4;11331971249;B
20241023;160257;706.4;4;11331971261;B
20241023;160257;706.4;4;11331971272;B
20241023;160257;706.4;4;11331971295;B
20241023;160257;706.4;3;11331971306;B
20241023;160259;706.6;419;11331971523;B
20241023;160259;707;2;11331971524;B
20241023;160259;707;2;11331971525;B
20241023;160259;707;14;11331971526;B
20241023;160259;707.2;17;11331971527;B
20241023;160259;708;3;11331971528;B
20241023;160259;708.2;25;11331971529;B
20241023;160259;708.4;3;11331971530;B
20241023;160259;708.8;3;11331971531;B
20241023;160259;709;1;11331971532;B
20241023;160259;709.2;3;11331971533;B
20241023;160259;709.2;1;11331971534;B
20241023;160259;709.6;3;11331971535;B
20241023;160259;709.8;142;11331971536;B
20241023;160259;710;3;11331971537;B
20241023;160259;710;15;11331971538;B
20241023;160259;710;25;11331971539;B
20241023;160259;710;30;11331971540;B
20241023;160259;710;20;11331971541;B
20241023;160300;710;17;11331971667;S
20241023;160301;710.2;10;11331971710;B
20241023;160301;710.2;3;11331971711;B
20241023;160301;710.2;7;11331971712;B
20241023;160308;710;22;11331972290;S
20241023;160320;710;1;11331973634;S
20241023;160348;710;1;11331976221;S
20241023;160441;710.2;2;11331981032;B
20241023;160441;710.2;1;11331981045;B
20241023;160519;710.2;1;11331984868;S
20241023;160540;710.4;2;11331987652;B
20241023;160540;710.4;1;11331987664;B
20241023;160540;710.4;1;11331987665;B
20241023;160540;710.4;1;11331987679;B
20241023;160540;710.4;1;11331987680;B
20241023;160540;710.4;2;11331987686;B
20241023;160540;710.4;2;11331987691;B
20241023;160540;710.4;2;11331987704;B
20241023;160540;710.4;2;11331987723;B
20241023;160540;710.4;2;11331987745;B
20241023;160540;710.4;2;11331987754;B
20241023;160540;710.4;1;11331987757;B
20241023;160655;710;138;11331998500;S
20241023;160753;710;10;11332004147;S
20241023;160804;710;10;11332005143;S
20241023;160827;710;1;11332007405;S
20241023;160852;710;1;11332009636;S
20241023;160914;710;6;11332011809;S
20241023;160923;710.2;5;11332012557;B
20241023;161137;710;30;11332024759;S
20241023;161209;710;69;11332027423;S
20241023;161225;710;7;11332028579;S
20241023;161225;710;59;11332028580;S
20241023;161226;710.2;1;11332028615;B
20241023;161226;710.2;1;11332028616;B
20241023;161331;710.2;3;11332033902;S
20241023;161500;710.2;6;11332039548;S
20241023;161512;710.2;4;11332040413;S
20241023;161526;710.4;10;11332041271;B
20241023;161526;710.4;1;11332041272;B
20241023;161526;710.4;89;11332041273;B
20241023;161718;710.4;4;11332049391;B
20241023;161727;710.4;1;11332050109;B
20241023;161746;710.4;1;11332051264;B
20241023;161824;710.2;30;11332053943;S
20241023;161848;710.2;3;11332055744;S
20241023;161852;710.2;3;11332056031;S
20241023;161954;710.4;1;11332059734;B
20241023;162017;710.2;15;11332061288;S
20241023;162301;710.4;4;11332077931;B
20241023;162323;710.4;1;11332079278;B
20241023;162428;710.2;1;11332082942;S
20241023;162432;710.2;11;11332083101;S
20241023;162529;710.4;3;11332086548;B
20241023;162529;710.4;4;11332086549;B
20241023;162640;710.2;1;11332091327;S
20241023;162640;710.2;1;11332091328;S
20241023;162653;710;393;11332092640;S
20241023;162743;710;2;11332096083;S
20241023;162744;710;21;11332096173;S
20241023;162803;710;126;11332097490;S
20241023;162820;710;36;11332098295;S
20241023;162828;710;30;11332098816;S
20241023;162836;710;150;11332099288;S
20241023;162842;710;1;11332099918;S
20241023;162842;710;126;11332099919;S
20241023;162857;710;56;11332101183;S
20241023;162857;710;1;11332101184;S
20241023;162857;710;116;11332101185;S
20241023;162857;710;400;11332101256;S
20241023;162858;710;148;11332101300;S
20241023;162858;710;1;11332101301;S
20241023;162858;710;1;11332101302;S
20241023;162904;710.2;1;11332101694;B
20241023;162909;710;1;11332101927;S
20241023;162909;710;1;11332101995;S
20241023;162922;710;3;11332102833;S
20241023;162931;710.2;3;11332103432;B
20241023;163053;710;16;11332110109;S
20241023;163114;710;134;11332111491;S
20241023;163114;710;45;11332111492;S
20241023;163135;710;14;11332112575;S
20241023;163156;710;20;11332113761;S
20241023;163354;710;80;11332119913;S
20241023;163427;710;13;11332121937;S
20241023;163438;710.2;4;11332122613;B
20241023;163558;710;5;11332127461;S
20241023;163714;710;2;11332132700;S
20241023;163918;710.2;10;11332138834;B
20241023;163918;710.2;1;11332138835;B
20241023;163918;710.2;69;11332138836;B
20241023;163929;710;1;11332139821;S
20241023;164144;710.2;11;11332146972;B
20241023;164144;710.4;135;11332146973;B
20241023;164144;710.4;1;11332146974;B
20241023;164144;710.6;1;11332146975;B
20241023;164144;710.8;3;11332146976;B
20241023;164144;710.8;10;11332146977;B
20241023;164144;710.8;1;11332146978;B
20241023;164144;710.8;84;11332146979;B
20241023;164144;711;1000;11332146980;B
20241023;164144;711;5;11332146981;B
20241023;164144;711;10;11332146982;B
20241023;164144;711;3;11332146983;B
20241023;164144;711;1;11332146984;B
20241023;164144;711;50;11332146985;B
20241023;164158;711.2;3;11332147682;B
20241023;164158;711.2;2;11332147683;B
20241023;164158;711.4;1;11332147684;B
20241023;164158;711.4;50;11332147685;B
20241023;164158;711.6;3;11332147686;B
20241023;164158;711.8;3;11332147687;B
20241023;164158;711.8;10;11332147688;B
20241023;164158;711.8;42;11332147689;B
20241023;164158;712;36;11332147690;B
20241023;164308;711.2;1;11332150953;S
20241023;164418;711.2;1;11332155081;S
20241023;164519;711;260;11332158264;S
20241023;164519;711;40;11332158265;S
20241023;164521;711.4;1;11332158336;B
20241023;164605;711.6;3;11332160570;B
20241023;164729;711.4;1;11332164893;B
20241023;164855;711.2;19;11332204746;B
20241023;164917;711.2;10;11332206665;S
20241023;164923;711.4;6;11332206943;B
20241023;164956;711.2;1;11332208752;B
20241023;165003;711.4;53;11332209148;B
20241023;165003;711.4;3;11332209149;B
20241023;165003;711.8;9;11332209150;B
20241023;165003;711.8;40;11332209151;B
