<DATE>;<TIME>;<LAST>;<VOL>;<ID>;<OPER>
20240923;095951;673.4;5;11210589488;S
20240923;095951;673.4;1;11210589489;B
20240923;095951;673.4;17;11210589490;B
20240923;095951;673.4;13;11210589491;B
20240923;095951;673.4;5;11210589492;B
20240923;095951;673.4;114;11210589493;B
20240923;095951;673.4;20;11210589494;B
20240923;095951;673.4;2;11210589495;S
20240923;095951;673.4;1;11210589496;B
20240923;095951;673.4;130;11210589497;S
20240923;095951;673.4;1;11210589498;S
20240923;095951;673.4;5;11210589499;B
20240923;095951;673.4;15;11210589500;S
20240923;095951;673.4;136;11210589501;B
20240923;095951;673.4;6;11210589502;S
20240923;095951;673.4;5;11210589503;S
20240923;095951;673.4;5;11210589504;S
20240923;095951;673.4;40;11210589505;B
20240923;095951;673.4;1;11210589506;B
20240923;095951;673.4;2;11210589507;S
20240923;095951;673.4;25;11210589508;B
20240923;095951;673.4;16;11210589509;S
20240923;100000;673.6;20;11210594371;B
20240923;100001;673.6;74;11210595589;B
20240923;100001;673.6;3;11210595668;B
20240923;100001;674.8;2;11210595750;B
20240923;100001;675;1;11210595751;B
20240923;100001;675;1;11210595792;B
20240923;100002;675;1;11210596520;B
20240923;100002;675;3;11210596521;B
20240923;100002;675;22;11210596943;B
20240923;100002;675.2;8;11210596944;B
20240923;100002;675.2;3;11210596945;B
20240923;100002;675.2;35;11210596965;B
20240923;100003;675;1;11210598738;B
20240923;100004;675;1;11210599605;B
20240923;100004;675.2;12;11210599606;B
20240923;100004;676.2;1;11210599607;B
20240923;100004;676.4;1;11210599643;B
20240923;100004;676.4;2;11210600010;S
20240923;100004;676.6;1;11210600326;B
20240923;100004;676.6;14;11210600327;B
20240923;100004;676.8;29;11210600328;B
20240923;100004;677;3;11210600329;B
20240923;100004;677;29;11210600330;B
20240923;100004;677.4;1;11210600331;B
20240923;100004;678;2;11210600332;B
20240923;100004;678.6;19;11210600333;B
20240923;100004;678.8;2;11210600334;B
20240923;100004;676.4;1;11210600672;S
20240923;100004;678.8;44;11210600730;B
20240923;100004;678.8;1;11210600748;B
20240923;100004;678.8;3;11210600753;B
20240923;100004;679;1;11210600754;B
20240923;100004;679;2;11210600755;B
20240923;100004;679.2;2;11210600756;B
20240923;100004;679.2;29;11210600757;B
20240923;100004;679.4;1;11210600758;B
20240923;100004;679.4;1;11210600759;B
20240923;100004;679.4;1;11210600760;B
20240923;100004;679.4;29;11210600761;B
20240923;100004;679.4;3;11210600762;B
20240923;100004;679.6;5;11210600763;B
20240923;100004;679.6;23;11210600764;B
20240923;100004;676.4;236;11210600768;S
20240923;100004;676.2;64;11210600769;S
20240923;100005;676.6;1;11210601300;S
20240923;100005;679.6;1;11210603080;B
20240923;100005;679.6;3;11210603482;B
20240923;100005;678.2;160;11210603607;S
20240923;100005;676.8;100;11210603608;S
20240923;100005;676.8;27;11210603609;S
20240923;100005;676.6;13;11210603610;S
20240923;100005;676.6;6;11210603618;S
20240923;100006;679.4;5;11210604044;B
20240923;100006;679.6;2;11210604045;B
20240923;100006;679.6;31;11210604046;B
20240923;100006;679.6;100;11210604056;B
20240923;100006;679.8;1;11210604155;B
20240923;100006;679.8;2;11210604177;B
20240923;100006;679.4;1;11210604593;B
20240923;100006;679.2;1;11210605564;B
20240923;100007;677.4;1;11210607899;S
20240923;100007;679.4;8;11210610491;B
20240923;100008;679.4;1;11210610976;B
20240923;100008;678.6;2;11210612576;S
20240923;100008;678.6;1;11210614104;S
20240923;100009;679.8;1;11210614713;B
20240923;100009;678.6;1;11210614960;S
20240923;100009;678.6;2;11210614979;S
20240923;100009;678.6;1;11210614999;S
20240923;100009;678.6;1;11210615017;S
20240923;100009;679.8;4;11210617436;B
20240923;100009;678.6;6;11210617447;S
20240923;100009;678.4;14;11210617448;S
20240923;100011;679.6;1;11210620993;B
20240923;100011;678.4;1;11210620995;S
20240923;100011;678.4;2;11210621195;S
20240923;100012;678.4;2;11210623194;S
20240923;100012;679.6;74;11210624597;B
20240923;100013;679.8;1;11210626395;B
20240923;100013;679.8;2;11210626398;B
20240923;100013;679.8;1;11210626406;B
20240923;100014;678.4;1;11210627584;S
20240923;100016;678.4;11;11210628857;S
20240923;100018;679.6;11;11210629497;B
20240923;100027;678.4;31;11210633716;S
20240923;100029;678.4;5;11210634693;S
20240923;100037;678.4;3;11210639123;S
20240923;100037;677.6;2;11210639124;S
20240923;100053;677.6;1;11210646963;B
20240923;100054;678.4;1;11210647606;B
20240923;100054;678.4;1;11210647607;B
20240923;100055;677.6;9;11210648088;S
20240923;100055;677.4;1;11210648089;S
20240923;100055;677.4;199;11210648090;S
20240923;100100;677.2;11;11210650356;S
20240923;100101;677.2;10;11210650942;S
20240923;100102;677.2;2;11210651206;S
20240923;100121;677.4;10;11210660243;B
20240923;100122;677.2;5;11210660689;S
20240923;100123;677.4;1;11210661064;B
20240923;100125;677;2;11210662161;S
20240923;100144;677;10;11210670538;S
20240923;100145;677;1;11210670823;S
20240923;100152;677.4;30;11210674127;B
20240923;100152;677.4;1;11210674128;B
20240923;100158;677.4;4;11210676222;S
20240923;100201;678.2;48;11210677621;B
20240923;100201;678.4;1;11210677622;B
20240923;100201;678.8;109;11210677623;B
20240923;100201;679;100;11210677624;B
20240923;100201;679;95;11210677625;B
20240923;100201;679.2;47;11210677626;B
20240923;100202;679;2;11210678250;B
20240923;100207;679;5;11210680203;B
20240923;100207;679;37;11210680576;B
20240923;100210;678.4;20;11210681595;B
20240923;100218;678.4;30;11210685195;B
20240923;100222;678.8;40;11210687019;B
20240923;100226;678.8;1;11210689025;B
20240923;100227;678.8;3;11210689218;B
20240923;100230;678.6;1;11210690346;S
20240923;100230;678.4;2;11210690347;S
20240923;100230;678.8;6;11210690661;B
20240923;100233;679;33;11210691674;B
20240923;100233;679.2;177;11210691675;B
20240923;100245;679.2;1;11210696878;B
20240923;100255;679;3;11210701706;S
20240923;100300;679;47;11210704179;B
20240923;100300;679.2;315;11210704180;B
20240923;100300;679.4;1;11210704181;B
20240923;100300;679.6;13;11210704182;B
20240923;100300;680;1;11210704183;B
20240923;100300;680;3;11210704184;B
20240923;100300;680;7;11210704185;B
20240923;100300;680;25;11210704186;B
20240923;100300;680;29;11210704187;B
20240923;100300;680;59;11210704188;B
20240923;100301;679;10;11210704335;B
20240923;100301;680;41;11210704415;B
20240923;100301;680;5;11210704416;B
20240923;100301;680;5;11210704507;S
20240923;100301;680.2;29;11210704508;B
20240923;100301;680.2;29;11210704509;B
20240923;100301;680.4;29;11210704510;B
20240923;100301;680.4;29;11210704511;B
20240923;100301;680.6;24;11210704512;B
20240923;100301;680;45;11210704632;S
20240923;100301;680.4;16;11210704712;B
20240923;100301;680.6;5;11210704713;B
20240923;100301;680.6;21;11210704714;B
20240923;100301;680.6;8;11210704715;B
20240923;100301;680.6;22;11210704716;B
20240923;100301;680.6;12;11210704717;B
20240923;100301;680.6;71;11210704718;B
20240923;100301;680.8;2;11210704719;B
20240923;100301;680.8;3;11210704720;B
20240923;100301;680.8;14;11210704725;B
20240923;100301;680;2;11210704727;S
20240923;100302;680.8;12;11210704920;B
20240923;100302;680.8;2;11210704921;B
20240923;100302;680;5;11210704940;S
20240923;100302;680;17;11210704975;S
20240923;100302;680;23;11210705175;B
20240923;100302;680.8;27;11210705176;B
20240923;100302;680.8;49;11210705177;B
20240923;100302;680.6;8;11210705235;B
20240923;100302;680.8;1;11210705236;B
20240923;100302;681;10;11210705237;B
20240923;100302;681;10;11210705238;B
20240923;100302;681;1;11210705239;B
20240923;100302;681;1;11210705240;B
20240923;100302;681;21;11210705241;B
20240923;100303;680.8;4;11210705439;B
20240923;100303;681;8;11210705440;B
20240923;100303;681;1;11210705441;B
20240923;100303;681.2;29;11210705442;B
20240923;100303;681.2;24;11210705443;B
20240923;100303;681.2;18;11210705536;B
20240923;100303;681.4;27;11210705537;B
20240923;100303;681.4;2;11210705538;B
20240923;100303;681.4;26;11210705539;B
20240923;100303;681.6;10;11210705540;B
20240923;100303;681.6;2;11210705541;B
20240923;100303;681.6;3;11210705542;B
20240923;100303;681.6;15;11210705768;B
20240923;100303;681.6;29;11210705769;B
20240923;100303;681.8;29;11210705770;B
20240923;100303;681.8;12;11210705771;B
20240923;100303;682;25;11210705772;B
20240923;100303;682;5;11210705773;B
20240923;100303;682.2;2;11210705774;B
20240923;100303;682.2;2;11210705775;B
20240923;100303;682.4;2;11210705776;B
20240923;100303;682.4;1;11210705777;B
20240923;100303;682.6;98;11210705778;B
20240923;100303;682.4;2;11210705796;B
20240923;100303;682.4;34;11210705797;B
20240923;100304;682.2;1;11210705844;B
20240923;100304;682.4;8;11210705845;B
20240923;100304;682.6;66;11210705846;B
20240923;100304;682.6;3;11210705848;B
20240923;100304;682;1;11210705860;B
20240923;100304;682.6;2;11210705861;B
20240923;100304;681.4;3;11210705868;S
20240923;100304;682.6;43;11210705883;B
20240923;100304;682.8;1;11210705884;B
20240923;100304;683;5;11210705885;B
20240923;100304;683.6;2;11210705936;B
20240923;100304;683.8;8;11210705937;B
20240923;100304;683.8;42;11210705938;B
20240923;100304;684;1;11210705939;B
20240923;100304;684;15;11210705940;B
20240923;100304;684.2;22;11210705953;B
20240923;100304;684;15;11210705977;S
20240923;100304;684.2;78;11210706079;B
20240923;100304;684.4;3;11210706080;B
20240923;100304;684.6;50;11210706081;B
20240923;100304;684.6;2;11210706082;B
20240923;100304;684.6;1;11210706083;B
20240923;100304;684.8;66;11210706084;B
20240923;100304;684.6;8;11210706085;B
20240923;100304;684.6;16;11210706087;B
20240923;100304;684.6;2;11210706095;B
20240923;100304;684.6;14;11210706098;B
20240923;100304;684.6;1;11210706099;B
20240923;100304;684.6;1;11210706101;B
20240923;100304;684.6;50;11210706103;B
20240923;100304;684;1;11210706144;S
20240923;100304;684;33;11210706299;S
20240923;100304;684.8;61;11210706334;B
20240923;100305;684;3;11210706373;S
20240923;100305;684;300;11210706387;S
20240923;100305;684;50;11210706390;S
20240923;100305;684;1;11210706398;S
20240923;100305;684.8;33;11210706403;B
20240923;100305;684.8;98;11210706410;B
20240923;100305;684.8;90;11210706435;B
20240923;100305;684.4;1;11210706443;S
20240923;100305;684.8;17;11210706503;B
20240923;100305;684.4;1;11210706514;S
20240923;100305;684.8;100;11210706533;B
20240923;100305;684.8;20;11210706545;B
20240923;100305;684.8;15;11210706546;B
20240923;100305;684.4;1;11210706565;S
20240923;100305;685;1;11210706567;B
20240923;100305;684.4;1;11210706600;S
20240923;100305;685;1;11210706677;B
20240923;100305;685;25;11210706678;B
20240923;100305;685;10;11210706679;B
20240923;100305;685;19;11210706680;B
20240923;100305;684.4;179;11210706687;S
20240923;100305;684.4;50;11210706688;S
20240923;100305;684.2;96;11210706689;S
20240923;100305;684;139;11210706690;S
20240923;100305;684;100;11210706691;S
20240923;100305;684;300;11210706692;S
20240923;100305;683.8;5;11210706693;S
20240923;100305;683.8;10;11210706694;S
20240923;100305;683.8;10;11210706695;S
20240923;100305;683.8;111;11210706696;S
20240923;100305;684;20;11210706700;S
20240923;100306;684.8;14;11210706832;B
20240923;100306;684.8;5;11210706833;B
20240923;100306;685;11;11210706834;B
20240923;100306;684;20;11210706836;S
20240923;100306;684;15;11210706838;S
20240923;100306;685;70;11210706992;B
20240923;100306;685;1;11210706993;B
20240923;100306;685;30;11210706994;B
20240923;100306;685.2;9;11210707347;S
20240923;100307;684;1;11210707873;S
20240923;100312;685;2;11210710004;B
20240923;100312;685.8;29;11210710005;B
20240923;100312;685.8;149;11210710006;B
20240923;100312;685.8;50;11210710007;B
20240923;100312;686;1;11210710008;B
20240923;100312;686;100;11210710009;B
20240923;100312;686;100;11210710010;B
20240923;100312;686;30;11210710011;B
20240923;100312;686.2;2;11210710012;B
20240923;100312;686.4;6;11210710013;B
20240923;100312;686.8;121;11210710014;B
20240923;100312;686.8;100;11210710015;B
20240923;100312;687;1;11210710016;B
20240923;100312;687;77;11210710017;B
20240923;100312;687;100;11210710018;B
20240923;100312;687;25;11210710019;B
20240923;100312;687.2;25;11210710020;B
20240923;100312;687.4;50;11210710021;B
20240923;100312;687.4;3;11210710022;B
20240923;100312;687.4;25;11210710023;B
20240923;100312;687.4;300;11210710024;B
20240923;100312;687.6;25;11210710025;B
20240923;100312;687.8;1;11210710026;B
20240923;100312;687.8;25;11210710027;B
20240923;100312;688;20;11210710028;B
20240923;100312;688;1;11210710029;B
20240923;100312;688;1;11210710030;B
20240923;100312;688;1;11210710031;B
20240923;100312;688;100;11210710032;B
20240923;100312;688;225;11210710033;B
20240923;100312;684.8;15;11210710223;S
20240923;100312;684.8;2;11210710347;S
20240923;100312;685.2;27;11210710492;S
20240923;100313;685.6;27;11210710497;B
20240923;100313;685.8;11;11210710498;B
20240923;100313;686.4;1;11210710499;B
20240923;100313;687;15;11210710500;B
20240923;100313;687.4;5;11210710501;B
20240923;100313;687.4;11;11210710502;B
20240923;100313;685.6;360;11210710535;S
20240923;100313;685.4;100;11210710536;S
20240923;100313;684.4;40;11210710537;S
20240923;100313;685.4;1;11210710713;B
20240923;100313;684.8;5;11210710755;S
20240923;100313;685.4;1;11210710770;B
20240923;100313;686.2;100;11210710771;B
20240923;100313;686.6;149;11210710772;B
20240923;100313;686.8;257;11210710773;B
20240923;100313;687;45;11210710774;B
20240923;100313;687.2;96;11210710775;B
20240923;100313;688;875;11210710776;B
20240923;100313;688;25;11210710777;B
20240923;100313;688;8;11210710778;B
20240923;100313;688.2;25;11210710779;B
20240923;100313;688.6;1;11210710780;B
20240923;100313;689;2;11210710781;B
20240923;100313;689;1;11210710782;B
20240923;100313;689;100;11210710783;B
20240923;100313;689.6;1;11210710784;B
20240923;100313;689.8;500;11210710785;B
20240923;100313;690;1;11210710786;B
20240923;100313;690;1;11210710787;B
20240923;100313;690;1;11210710788;B
20240923;100313;690;10;11210710789;B
20240923;100313;690;3;11210710790;B
20240923;100313;690;25;11210710791;B
20240923;100313;690;34;11210710792;B
20240923;100313;690.2;1;11210710793;B
20240923;100313;690.8;1;11210710794;B
20240923;100313;691;1;11210710795;B
20240923;100313;691.2;72;11210710796;B
20240923;100313;692;1;11210710797;B
20240923;100313;692.6;5;11210710798;B
20240923;100313;693.4;1;11210710799;B
20240923;100313;694;1;11210710800;B
20240923;100313;694;15;11210710801;B
20240923;100313;694.4;1;11210710802;B
20240923;100313;694.8;1;11210710803;B
20240923;100313;694.8;71;11210710804;B
20240923;100313;695;1;11210710805;B
20240923;100313;695;10;11210710806;B
20240923;100313;695;5;11210710807;B
20240923;100313;695;15;11210710808;B
20240923;100313;695;10;11210710809;B
20240923;100313;695;25;11210710810;B
20240923;100313;695.8;1;11210710811;B
20240923;100313;696;1;11210710812;B
20240923;100313;686.4;1;11210710813;B
20240923;100313;686.2;46;11210710866;B
20240923;100313;686.2;8;11210710887;B
20240923;100314;686;4;11210710921;S
20240923;100314;686;304;11210710956;S
20240923;100314;686;50;11210710957;S
20240923;100314;686;100;11210710958;S
20240923;100314;686;46;11210710959;S
20240923;100314;686.4;150;11210710984;B
20240923;100314;688.6;50;11210710985;B
20240923;100314;688.6;99;11210710992;B
20240923;100314;688.8;282;11210710993;B
20240923;100314;689;5;11210710994;B
20240923;100314;689;10;11210710995;B
20240923;100314;689.4;108;11210710996;B
20240923;100314;689.4;46;11210710997;B
20240923;100314;690;2;11210710998;B
20240923;100314;690;30;11210710999;B
20240923;100314;691;154;11210711000;B
20240923;100314;691.2;131;11210711002;S
20240923;100314;691.2;10;11210711003;S
20240923;100314;691.2;8;11210711004;S
20240923;100314;691.2;50;11210711006;S
20240923;100314;691.2;100;11210711008;S
20240923;100314;691.2;2;11210711012;S
20240923;100314;691.2;6;11210711022;S
20240923;100314;691.2;10;11210711036;S
20240923;100314;691.2;113;11210711062;S
20240923;100314;691.6;46;11210711063;B
20240923;100314;691.8;36;11210711064;B
20240923;100314;692;2;11210711107;S
20240923;100314;692;8;11210711118;S
20240923;100314;692.6;1;11210711142;B
20240923;100314;693;11;11210711143;B
20240923;100314;693;2;11210711144;B
20240923;100314;693;7;11210711147;B
20240923;100314;694.2;4;11210711148;B
20240923;100314;694.6;11;11210711149;B
20240923;100314;692;5;11210711150;S
20240923;100314;694.6;5;11210711152;B
20240923;100314;694.6;5;11210711153;B
20240923;100314;694.4;55;11210711162;B
20240923;100314;692.2;2;11210711176;S
20240923;100314;692.2;5;11210711224;S
20240923;100314;692.2;1;11210711228;S
20240923;100314;692.2;1;11210711262;S
20240923;100314;692.2;26;11210711267;S
20240923;100314;692.2;15;11210711277;S
20240923;100314;692.2;46;11210711278;S
20240923;100314;692.2;54;11210711279;S
20240923;100314;692;96;11210711280;S
20240923;100315;692.6;2;11210711396;B
20240923;100315;693.2;4;11210711397;B
20240923;100315;692;15;11210711402;S
20240923;100315;692;2;11210711405;S
20240923;100315;692;126;11210711419;S
20240923;100315;692;55;11210711422;S
20240923;100315;692;16;11210711451;S
20240923;100315;692;50;11210711472;S
20240923;100315;692;5;11210711475;S
20240923;100315;692;5;11210711496;S
20240923;100315;692;30;11210711508;S
20240923;100315;692;3;11210711509;S
20240923;100315;691.8;10;11210711524;S
20240923;100315;691.2;40;11210711525;S
20240923;100315;691.2;220;11210711586;S
20240923;100315;691.2;20;11210711587;S
20240923;100315;691.2;11;11210711654;S
20240923;100315;691.2;1;11210711680;S
20240923;100315;691.2;32;11210711742;S
20240923;100316;691.2;20;11210711798;S
20240923;100316;691.8;1;11210711988;B
20240923;100316;691.2;50;11210712112;S
20240923;100317;691.8;20;11210712385;B
20240923;100318;691.8;18;11210712856;B
20240923;100319;691.2;10;11210712999;S
20240923;100321;691.2;50;11210713904;S
20240923;100321;691.2;130;11210713905;S
20240923;100322;691.2;55;11210714446;B
20240923;100324;687.8;50;11210715073;B
20240923;100325;690.2;50;11210715855;B
20240923;100326;690;1;11210716178;B
20240923;100328;687.8;1;11210717207;S
20240923;100328;687.2;9;11210717208;S
20240923;100331;687.2;1;11210718471;S
20240923;100332;687.6;19;11210718616;S
20240923;100336;689.4;30;11210720913;B
20240923;100337;689.8;10;11210721310;B
20240923;100341;689.4;5;11210723252;B
20240923;100344;689.6;1;11210724578;B
20240923;100344;689.4;2;11210724600;S
20240923;100346;689.4;3;11210725366;S
20240923;100351;688;2;11210728020;S
20240923;100351;688;12;11210728079;S
20240923;100351;687.8;88;11210728080;S
20240923;100355;687.8;8;11210729582;S
20240923;100355;687.6;7;11210729583;S
20240923;100355;687.4;85;11210729584;S
20240923;100355;687.4;2;11210730063;S
20240923;100357;689;25;11210731110;S
20240923;100358;687.6;1;11210731674;S
20240923;100358;688.8;2;11210731715;B
20240923;100400;687.8;5;11210732395;B
20240923;100401;688.8;2;11210733060;B
20240923;100404;687.4;1;11210734415;S
20240923;100405;687.4;2;11210734702;S
20240923;100405;688.8;3;11210734786;B
20240923;100410;687.4;18;11210737339;S
20240923;100410;687.4;3;11210737403;B
20240923;100410;687.4;79;11210737405;B
20240923;100411;687.4;5;11210737590;S
20240923;100413;689;1;11210738580;B
20240923;100413;689;1;11210738581;B
20240923;100413;689;11;11210738582;B
20240923;100413;689.4;1;11210738583;B
20240923;100415;688.8;1;11210739685;S
20240923;100420;689;3;11210741787;B
20240923;100420;689.2;96;11210741788;B
20240923;100420;689.2;11;11210741789;B
20240923;100420;689.4;14;11210741790;B
20240923;100420;689.4;6;11210741791;B
20240923;100420;689.4;7;11210741792;B
20240923;100420;689.6;4;11210741793;B
20240923;100420;690;10;11210741794;B
20240923;100420;690;10;11210741795;B
20240923;100420;690;10;11210741796;B
20240923;100420;690;69;11210741797;B
20240923;100420;690.2;134;11210741798;B
20240923;100420;690;7;11210741868;B
20240923;100422;689;1;11210742690;B
20240923;100425;690.2;150;11210743989;B
20240923;100427;689.6;100;11210745254;S
20240923;100427;689.6;50;11210745255;S
20240923;100428;689;7;11210745629;B
20240923;100431;688.6;7;11210746805;S
20240923;100431;688.4;43;11210746806;S
20240923;100431;689;20;11210746865;B
20240923;100431;688.4;1;11210746948;S
20240923;100432;688.4;2;11210747348;S
20240923;100437;688.6;7;11210749334;S
20240923;100437;688.4;34;11210749335;S
20240923;100437;689;20;11210749338;B
20240923;100438;688.4;1;11210749356;S
20240923;100438;688.4;6;11210749597;S
20240923;100443;689;3;11210751723;B
20240923;100443;689;1;11210751724;B
20240923;100446;688.6;1;11210752713;S
20240923;100449;689.4;2;11210754123;B
20240923;100451;689;500;11210754862;B
20240923;100453;688.6;50;11210755414;S
20240923;100455;688.8;24;11210756354;B
20240923;100458;688.8;149;11210757621;B
20240923;100458;689;1;11210757622;B
20240923;100458;689;29;11210757743;B
20240923;100509;689;14;11210761621;B
20240923;100510;688.2;1;11210762017;S
20240923;100511;688.4;5;11210762177;B
20240923;100511;689;2;11210762494;B
20240923;100513;688.2;1;11210762866;S
20240923;100513;688;6;11210762867;S
20240923;100513;688.8;10;11210763043;B
20240923;100514;688;4;11210763440;S
20240923;100516;688.8;66;11210764048;B
20240923;100516;689;74;11210764049;B
20240923;100520;688.2;1;11210765424;S
20240923;100521;689;20;11210765788;B
20240923;100524;688.4;1;11210767090;S
20240923;100524;688.2;9;11210767091;S
20240923;100524;688;103;11210767096;S
20240923;100524;687.8;40;11210767097;S
20240923;100524;687.4;10;11210767098;S
20240923;100524;687.2;3;11210767099;S
20240923;100524;687.2;44;11210767100;S
20240923;100525;687.4;1;11210767280;S
20240923;100532;688.8;1;11210769648;B
20240923;100534;688.8;2;11210770690;B
20240923;100536;688.8;1;11210771232;B
20240923;100551;688.8;1;11210776500;B
20240923;100555;688;1;11210777796;S
20240923;100557;688.8;6;11210778428;B
20240923;100558;688.8;1;11210778693;B
20240923;100601;688.8;1;11210779656;B
20240923;100605;688.2;1;11210780767;S
20240923;100605;687.8;9;11210780768;S
20240923;100612;687;24;11210783179;S
20240923;100613;687.8;40;11210783205;B
20240923;100613;687.8;1;11210783206;B
20240923;100613;688.6;40;11210783207;B
20240923;100613;688.8;1;11210783208;B
20240923;100613;688.8;149;11210783209;B
20240923;100613;688.8;1;11210783210;B
20240923;100613;689;360;11210783211;B
20240923;100613;689;30;11210783212;B
20240923;100613;689.4;1;11210783213;B
20240923;100613;689.8;1;11210783214;B
20240923;100613;689.8;87;11210783215;B
20240923;100613;690;44;11210783216;B
20240923;100613;690;9;11210783247;B
20240923;100613;690;21;11210783248;B
20240923;100614;687.8;100;11210783706;S
20240923;100616;688.8;3;11210784232;S
20240923;100616;688.8;2;11210784279;S
20240923;100630;689.6;9;11210788914;B
20240923;100630;689.8;14;11210788915;B
20240923;100631;689.8;1;11210788977;B
20240923;100631;690;9;11210788978;B
20240923;100632;690;10;11210789391;B
20240923;100632;690;91;11210789392;B
20240923;100642;690;3;11210793189;B
20240923;100644;690;6;11210793911;B
20240923;100644;690;1;11210793912;B
20240923;100644;690;1;11210793913;B
20240923;100644;690.2;16;11210793914;B
20240923;100644;690.2;1;11210793915;B
20240923;100644;690.2;1;11210793916;B
20240923;100644;690.2;1;11210793917;B
20240923;100644;690.2;1;11210793918;B
20240923;100644;690.2;1;11210793919;B
20240923;100644;690.2;1;11210793920;B
20240923;100644;690.2;1;11210793921;B
20240923;100644;690.2;18;11210793922;B
20240923;100650;689.2;1;11210795995;S
20240923;100650;689;1;11210795996;S
20240923;100652;689;1;11210796559;S
20240923;100652;689;1;11210796758;S
20240923;100659;690.2;2;11210799335;B
20240923;100702;690.4;1;11210800778;B
20240923;100716;689.6;4;11210805746;S
20240923;100716;689.6;92;11210805861;S
20240923;100716;689.6;3;11210805862;S
20240923;100716;689.2;14;11210805863;S
20240923;100716;689.2;9;11210805864;S
20240923;100716;689;66;11210805865;S
20240923;100716;689;49;11210805866;S
20240923;100716;688.8;15;11210805867;S
20240923;100716;688;3;11210805868;S
20240923;100716;687.8;1;11210805869;S
20240923;100716;687.8;148;11210805870;S
20240923;100717;687.8;10;11210805912;S
20240923;100719;689;1;11210806690;S
20240923;100728;689;50;11210809946;B
20240923;100728;689.2;96;11210809947;B
20240923;100728;690;149;11210809948;B
20240923;100728;690.2;80;11210809949;B
20240923;100728;690.4;50;11210809950;B
20240923;100728;690.6;353;11210809951;B
20240923;100728;690.8;22;11210809952;B
20240923;100729;689.2;1;11210810311;S
20240923;100729;689;7;11210810312;S
20240923;100730;689.2;50;11210810346;S
20240923;100730;689;26;11210810347;S
20240923;100730;688.2;24;11210810348;S
20240923;100730;688;6;11210810655;S
20240923;100733;689.6;1;11210811257;B
20240923;100733;690.4;1;11210811378;B
20240923;100733;690.4;1;11210811379;B
20240923;100734;689.2;1;11210811775;S
20240923;100734;688.6;3;11210811776;S
20240923;100736;688.4;5;11210812341;S
20240923;100744;690.2;1;11210815014;B
20240923;100745;690.2;2;11210815098;B
20240923;100745;690;50;11210815456;B
20240923;100745;690.6;149;11210815457;B
20240923;100745;690.8;1;11210815458;B
20240923;100746;688;1;11210815654;S
20240923;100752;689;1;11210817305;S
20240923;100808;689;1;11210821981;B
20240923;100810;689;4;11210822829;B
20240923;100818;688.2;12;11210825591;S
20240923;100821;688;25;11210826511;S
20240923;100821;689;2;11210826521;B
20240923;100827;687.2;5;11210828478;S
20240923;100827;688.4;5;11210828562;B
20240923;100832;688.4;7;11210830447;B
20240923;100832;688.6;3;11210830448;B
20240923;100833;687.2;5;11210830802;S
20240923;100836;687;3;11210831642;S
20240923;100836;687.2;34;11210831744;S
20240923;100838;687.2;16;11210832446;S
20240923;100838;687;14;11210832447;S
20240923;100843;687;9;11210833805;S
20240923;100843;687;1;11210833806;B
20240923;100843;687;3;11210833865;S
20240923;100843;688.2;14;11210833866;B
20240923;100843;688.4;26;11210833867;B
20240923;100843;688.8;5;11210833868;B
20240923;100843;686.6;3;11210833870;S
20240923;100843;686.6;2;11210833874;S
20240923;100843;686.6;3;11210833881;S
20240923;100843;686.6;2;11210833915;S
20240923;100843;686.2;12;11210833916;S
20240923;100843;686.2;15;11210833917;S
20240923;100843;686.2;30;11210833919;S
20240923;100843;686.2;3;11210833920;S
20240923;100843;686.2;1;11210833923;S
20240923;100843;686.2;4;11210833925;S
20240923;100843;686.2;11;11210833926;S
20240923;100843;686.2;4;11210833927;S
20240923;100843;686.2;4;11210833929;S
20240923;100843;686.2;2;11210833930;S
20240923;100843;686.2;2;11210833932;S
20240923;100843;686.2;4;11210833933;S
20240923;100843;686.2;5;11210833934;S
20240923;100843;686.2;4;11210833935;S
20240923;100843;686.2;1;11210833936;S
20240923;100843;686.2;5;11210833937;S
20240923;100843;686.2;7;11210833939;S
20240923;100843;686.2;4;11210833941;S
20240923;100843;686.2;4;11210833942;S
20240923;100843;686.2;2;11210833945;S
20240923;100843;686.2;8;11210833946;S
20240923;100843;686.2;4;11210833948;S
20240923;100843;687.2;6;11210834116;B
20240923;100844;686.4;18;11210834402;S
20240923;100844;686.2;82;11210834403;S
20240923;100845;687.2;1;11210834619;B
20240923;100847;686.2;1;11210835436;S
20240923;100847;686.2;5;11210835437;S
20240923;100847;686.4;13;11210835439;S
20240923;100847;686.4;9;11210835440;S
20240923;100847;686.4;2;11210835441;S
20240923;100847;686.4;4;11210835442;S
20240923;100847;686.4;9;11210835443;S
20240923;100847;686.4;3;11210835444;S
20240923;100847;686.4;3;11210835445;S
20240923;100847;686.4;4;11210835446;S
20240923;100847;686.4;2;11210835447;S
20240923;100847;686.4;1;11210835449;S
20240923;100847;686.4;4;11210835450;S
20240923;100847;686.4;1;11210835453;S
20240923;100847;686.4;1;11210835455;S
20240923;100847;686.4;4;11210835457;S
20240923;100847;686.4;2;11210835458;S
20240923;100847;686.4;5;11210835459;S
20240923;100847;686.4;5;11210835461;S
20240923;100847;686.4;15;11210835468;S
20240923;100847;686.4;5;11210835470;S
20240923;100850;687.2;18;11210836448;B
20240923;100852;686.8;5;11210836988;S
20240923;100853;687.2;1;11210837377;S
20240923;100854;687;1;11210837471;S
20240923;100855;688.6;1;11210837808;B
20240923;100855;688.8;6;11210837809;B
20240923;100855;689;13;11210837810;B
20240923;100855;689;5;11210837811;B
20240923;100855;689.4;18;11210837812;B
20240923;100855;689.4;21;11210837813;B
20240923;100855;689.6;149;11210837814;B
20240923;100855;689.8;97;11210837815;B
20240923;100855;690;1;11210837816;B
20240923;100855;690;100;11210837817;B
20240923;100855;690;89;11210837818;B
20240923;100907;687.2;5;11210841459;S
20240923;100907;687;14;11210841670;S
20240923;100907;686.6;11;11210841671;S
20240923;100910;687.6;2;11210842488;S
20240923;100910;687.6;2;11210842489;S
20240923;100910;687.6;1;11210842490;S
20240923;100911;687.6;1;11210842693;S
20240923;100911;687.6;2;11210842694;S
20240923;100911;687.4;2;11210842695;S
20240923;100911;687.2;23;11210842696;S
20240923;100913;689.4;1;11210843137;B
20240923;100915;689.4;3;11210843692;B
20240923;100917;687.8;3;11210844562;S
20240923;100925;687.6;2;11210847144;S
20240923;100925;687.4;2;11210847145;S
20240923;100925;687.4;2;11210847146;S
20240923;100925;687.4;38;11210847147;S
20240923;100929;688;5;11210848030;S
20240923;100929;688;1;11210848109;S
20240923;100930;688;4;11210848456;S
20240923;100933;686.2;2;11210849852;S
20240923;100947;687.4;10;11210853755;S
20240923;100952;687.8;4;11210854792;B
20240923;100955;687.8;20;11210855458;B
20240923;101000;687.8;1;11210856649;B
20240923;101004;687.2;10;11210857776;S
20240923;101007;687.2;1;11210858745;S
20240923;101014;687.6;29;11210860358;B
20240923;101015;687.2;5;11210860576;S
20240923;101015;687;25;11210860577;S
20240923;101015;687;56;11210860578;S
20240923;101015;686.8;73;11210860579;S
20240923;101015;686.8;11;11210860580;S
20240923;101015;686.4;1;11210860581;S
20240923;101015;686.4;12;11210860582;S
20240923;101015;686.4;100;11210860583;S
20240923;101015;686.2;5;11210860584;S
20240923;101015;686.2;300;11210860585;S
20240923;101015;686;27;11210860586;S
20240923;101015;686;85;11210860587;B
20240923;101023;686.2;6;11210863038;S
20240923;101023;686;10;11210863039;S
20240923;101024;686;8;11210863224;S
20240923;101024;686;8;11210863225;B
20240923;101028;686.4;5;11210864260;S
20240923;101028;686.2;45;11210864261;S
20240923;101029;686.2;3;11210864552;S
20240923;101029;687.2;2;11210864559;B
20240923;101029;687.6;21;11210864560;B
20240923;101029;687.6;14;11210864561;B
20240923;101029;687.8;3;11210864562;B
20240923;101031;686.4;19;11210864981;S
20240923;101046;687.8;1;11210869584;B
20240923;101052;686.6;1;11210871291;B
20240923;101056;686.6;14;11210872299;B
20240923;101057;686.6;35;11210872640;B
20240923;101125;687.2;1;11210879454;S
20240923;101125;687.2;4;11210879455;S
20240923;101125;687;5;11210879456;S
20240923;101130;687.6;10;11210880684;B
20240923;101130;687.8;17;11210880685;B
20240923;101130;687.8;2;11210880686;B
20240923;101130;687.8;1;11210880687;B
20240923;101130;687.8;1;11210880688;B
20240923;101130;687.8;2;11210880689;B
20240923;101130;687.8;2;11210880690;B
20240923;101137;687.6;20;11210882480;S
20240923;101137;687.6;3;11210882481;S
20240923;101137;687;2;11210882482;S
20240923;101145;687;9;11210884860;S
20240923;101154;687.6;1;11210886852;S
20240923;101154;687.2;24;11210886853;S
20240923;101154;687;4;11210886854;S
20240923;101154;687;3;11210886855;S
20240923;101154;687;52;11210886856;S
20240923;101154;687;18;11210886857;S
20240923;101154;686.8;48;11210886858;S
20240923;101200;687.2;4;11210888517;S
20240923;101200;687;1;11210888518;S
20240923;101203;687.8;10;11210889493;B
20240923;101211;687.2;3;11210891658;S
20240923;101211;687;9;11210891659;S
20240923;101221;687.6;1;11210894594;S
20240923;101221;687.2;3;11210894595;S
20240923;101221;687;6;11210894596;S
20240923;101226;688;12;11210895771;B
20240923;101226;688;8;11210895772;B
20240923;101227;687.2;3;11210896023;S
20240923;101227;687;16;11210896024;S
20240923;101227;687;21;11210896025;B
20240923;101238;687.4;1;11210898962;S
20240923;101255;687.2;1;11210903362;S
20240923;101255;687;2;11210903363;S
20240923;101255;686.6;1;11210903364;S
20240923;101255;686.4;3;11210903365;S
20240923;101306;686.6;1;11210906388;S
20240923;101318;686.6;6;11210909847;S
20240923;101318;686.4;7;11210909848;S
20240923;101318;686.4;1;11210909849;S
20240923;101319;686.4;17;11210909935;S
20240923;101319;686.2;1;11210909936;S
20240923;101319;686.2;17;11210909937;S
20240923;101331;686.6;3;11210913189;S
20240923;101331;686.4;7;11210913190;S
20240923;101337;687.6;1;11210914673;B
20240923;101345;686.2;50;11210917123;S
20240923;101356;687.2;14;11210920397;B
20240923;101358;686.2;4;11210921202;S
20240923;101359;687.2;23;11210921804;B
20240923;101359;687.4;4;11210921805;B
20240923;101359;687.4;53;11210921806;B
20240923;101417;687.4;14;11210926625;B
20240923;101444;687.4;1;11210933855;B
20240923;101445;687;2;11210934034;S
20240923;101445;686.8;1;11210934035;S
20240923;101446;686.8;1;11210934357;B
20240923;101456;686.8;12;11210937417;B
20240923;101507;686.8;5;11210942071;S
20240923;101509;686.8;50;11210942855;S
20240923;101514;686.8;2;11210944919;S
20240923;101521;687.2;16;11210948531;B
20240923;101521;687.2;5;11210948532;B
20240923;101521;687.4;16;11210948533;B
20240923;101521;687.6;1;11210948534;B
20240923;101521;687.6;38;11210948535;B
20240923;101521;687.8;1;11210948536;B
20240923;101521;687.8;50;11210948537;B
20240923;101521;688;273;11210948538;B
20240923;101528;687;4;11210951796;S
20240923;101530;687;10;11210952975;S
20240923;101532;686.8;31;11210953779;S
20240923;101532;686.6;69;11210953780;S
20240923;101537;687.6;1;11210956298;B
20240923;101537;687.8;14;11210956299;B
20240923;101537;687.8;3;11210956300;S
20240923;101542;687.8;6;11210958449;S
20240923;101545;687.8;10;11210959745;S
20240923;101548;688;1;11210960825;B
20240923;101553;688;5;11210963415;B
20240923;101555;687.8;50;11210963909;S
20240923;101557;687.8;2;11210965043;S
20240923;101615;687;1;11210972735;S
20240923;101628;687.6;1;11210978164;B
20240923;101628;687.6;4;11210978165;B
20240923;101637;687.6;1;11210981327;B
20240923;101637;687.6;11;11210981328;B
20240923;101637;687.8;98;11210981329;B
20240923;101637;687.8;2;11210981330;B
20240923;101637;687.8;50;11210981331;B
20240923;101637;688;221;11210981332;B
20240923;101637;688.2;24;11210981333;B
20240923;101637;688.2;1;11210981334;B
20240923;101637;688.2;28;11210981335;B
20240923;101639;688.2;9;11210982194;B
20240923;101643;688.2;20;11210983509;B
20240923;101643;688.2;10;11210983510;B
20240923;101643;688.2;16;11210983800;S
20240923;101659;688.2;6;11210989520;B
20240923;101659;688.2;1;11210989521;B
20240923;101705;688.4;5;11210991391;B
20240923;101705;688.4;100;11210991392;B
20240923;101705;688.4;9;11210991393;B
20240923;101705;688.8;4;11210991394;B
20240923;101705;689;135;11210991395;B
20240923;101705;689;200;11210991396;B
20240923;101705;689;30;11210991397;B
20240923;101705;689;20;11210991398;B
20240923;101708;687.8;10;11210992374;S
20240923;101717;688;4;11210995422;S
20240923;101717;688;46;11210995423;S
20240923;101727;687.8;5;11210999592;S
20240923;101729;687.8;50;11211000185;S
20240923;101735;687.8;41;11211002166;S
20240923;101746;687.6;1;11211005940;B
20240923;101753;686.8;1;11211008332;S
20240923;101753;686.8;5;11211008333;S
20240923;101753;686.6;450;11211008334;S
20240923;101758;686.6;44;11211009833;B
20240923;101758;686.6;8;11211009834;B
20240923;101758;687.4;143;11211009835;B
20240923;101758;687.6;14;11211009836;B
20240923;101758;687.6;54;11211009837;B
20240923;101758;687.6;46;11211009838;B
20240923;101758;687.6;100;11211009839;B
20240923;101758;687.8;59;11211009840;B
20240923;101758;687.8;32;11211010136;S
20240923;101801;687.8;1;11211011153;S
20240923;101804;687.8;1;11211012077;S
20240923;101805;687.8;60;11211012581;S
20240923;101806;688;1;11211012843;B
20240923;101806;688;3;11211012844;B
20240923;101808;688;1;11211013283;B
20240923;101810;688;51;11211014160;B
20240923;101812;687.8;1;11211014756;S
20240923;101815;687.8;33;11211015607;S
20240923;101816;687.8;18;11211016144;S
20240923;101818;687.8;200;11211016711;S
20240923;101829;687.8;9;11211020320;S
20240923;101832;687.8;50;11211021347;S
20240923;101834;688;1;11211022038;B
20240923;101839;687.8;3;11211023482;S
20240923;101839;687.8;9;11211023484;S
20240923;101839;687.8;15;11211023485;S
20240923;101840;687.8;5;11211023897;S
20240923;101847;687.8;12;11211026080;S
20240923;101850;687.8;50;11211027064;S
20240923;101852;687.8;4;11211027776;S
20240923;101856;687.8;90;11211029064;S
20240923;101900;687.8;50;11211030419;S
20240923;101910;687.8;4;11211034005;S
20240923;101915;687.8;50;11211035507;S
20240923;101923;687.8;150;11211038773;S
20240923;101923;687.8;21;11211038775;S
20240923;101923;687.8;1;11211038783;S
20240923;101927;687.6;8;11211040458;B
20240923;101937;686;2;11211044537;S
20240923;101945;686.2;1;11211047574;S
20240923;101946;686;1;11211047940;S
20240923;102002;685.8;8;11211054353;S
20240923;102002;685.8;10;11211054354;S
20240923;102002;685.8;9;11211054355;S
20240923;102002;685.8;20;11211054356;S
20240923;102002;685.8;2;11211054357;S
20240923;102002;685.6;1;11211054358;S
20240923;102006;685.8;4;11211056013;S
20240923;102010;685.8;10;11211057402;B
20240923;102010;685.8;3;11211057728;B
20240923;102013;685.8;6;11211058766;B
20240923;102020;685.8;1;11211062043;B
20240923;102022;685.8;10;11211064243;B
20240923;102037;685.8;80;11211078444;B
20240923;102053;685.4;40;11211092975;S
20240923;102057;685.4;1;11211096300;S
20240923;102104;685.4;4;11211102542;S
20240923;102106;685.8;1;11211104173;B
20240923;102111;685.8;1;11211108566;B
20240923;102112;685.4;1;11211109118;S
20240923;102118;685.8;10;11211115671;B
20240923;102119;685.8;1;11211115995;B
20240923;102123;685.4;1;11211120112;S
20240923;102123;685;3;11211120113;S
20240923;102125;685;7;11211121495;S
20240923;102125;685;1;11211121496;S
20240923;102125;685;25;11211121497;S
20240923;102125;685;12;11211121498;S
20240923;102125;685;53;11211121499;S
20240923;102125;685;15;11211121500;S
20240923;102125;685;2;11211121501;S
20240923;102125;685;2;11211121502;S
20240923;102125;684.8;10;11211121503;S
20240923;102125;684.8;16;11211121504;S
20240923;102125;684.8;7;11211121505;S
20240923;102126;685.6;3;11211122421;B
20240923;102135;685.6;1;11211130622;B
20240923;102142;684.8;1;11211136495;B
20240923;102147;684.4;24;11211141223;S
20240923;102152;685;1;11211145793;B
20240923;102208;685;3;11211158947;B
20240923;102208;685;3;11211158948;B
20240923;102208;685;2;11211158949;B
20240923;102233;684.4;1;11211181516;S
20240923;102234;685;1;11211182383;B
20240923;102237;684.4;1;11211185734;S
20240923;102239;684.4;2;11211187227;S
20240923;102253;684.4;8;11211199679;S
20240923;102253;684.4;1;11211199680;S
20240923;102253;684.8;3;11211199923;B
20240923;102254;684.4;146;11211200839;S
20240923;102256;684.4;6;11211201814;S
20240923;102256;684.4;1;11211201815;S
20240923;102305;684.2;15;11211210610;S
20240923;102305;684.2;21;11211210611;S
20240923;102305;684.2;36;11211210822;S
20240923;102308;684.2;15;11211213225;S
20240923;102308;684.2;30;11211213226;S
20240923;102308;684.2;27;11211213227;S
20240923;102308;684;87;11211213228;S
20240923;102308;684;20;11211213229;S
20240923;102308;684;40;11211213230;S
20240923;102308;683.8;189;11211213231;S
20240923;102308;683.6;20;11211213232;S
20240923;102308;683.6;29;11211213233;S
20240923;102308;683.6;49;11211213234;S
20240923;102308;683.6;27;11211213235;S
20240923;102309;683.6;7;11211213937;S
20240923;102312;684.4;10;11211216751;B
20240923;102314;684;11;11211218818;S
20240923;102314;684;59;11211218819;S
20240923;102329;684.4;7;11211228976;B
20240923;102333;684.4;5;11211230499;B
20240923;102336;684.2;1;11211231444;S
20240923;102336;684;1;11211231589;S
20240923;102337;684;40;11211232226;S
20240923;102337;684;23;11211232227;S
20240923;102337;683.8;10;11211232228;S
20240923;102342;683.6;19;11211233966;S
20240923;102342;683.6;40;11211233967;S
20240923;102342;683.4;50;11211233968;S
20240923;102342;683.4;29;11211233969;S
20240923;102342;683.4;149;11211233970;S
20240923;102342;683.4;36;11211233971;S
20240923;102342;683.2;51;11211233972;S
20240923;102342;684.2;1;11211234163;B
20240923;102349;683.8;40;11211236916;B
20240923;102349;683.8;1;11211236927;B
20240923;102352;683.8;9;11211237856;B
20240923;102352;684.2;1;11211237857;B
20240923;102401;684.2;3;11211241178;B
20240923;102415;684.2;1;11211245930;B
20240923;102429;684.2;1;11211250959;B
20240923;102434;684.2;2;11211252892;B
20240923;102447;684;3;11211257393;S
20240923;102447;684.2;3;11211257395;B
20240923;102452;684.4;2;11211259221;B
20240923;102457;684.4;50;11211261300;B
20240923;102457;684.4;23;11211261301;B
20240923;102541;684.2;1;11211277033;S
20240923;102551;684;36;11211280194;S
20240923;102551;684;36;11211280241;S
20240923;102554;684;1;11211281211;S
20240923;102625;684;7;11211291231;S
20240923;102625;684;1;11211291232;S
20240923;102625;683.6;40;11211291233;S
20240923;102625;683.6;12;11211291234;S
20240923;102625;683.4;149;11211291235;S
20240923;102625;683.4;321;11211291236;S
20240923;102625;683.2;389;11211291237;S
20240923;102625;683.2;29;11211291238;S
20240923;102625;683.2;10;11211291239;S
20240923;102625;683.2;73;11211291240;S
20240923;102625;683;23;11211291241;S
20240923;102625;683;365;11211291242;S
20240923;102625;683;281;11211291243;S
20240923;102626;683;6;11211291438;S
20240923;102626;683;29;11211291439;S
20240923;102626;683;1;11211291440;S
20240923;102626;683;23;11211291441;S
20240923;102630;683.4;1;11211292681;B
20240923;102648;683;23;11211298584;S
20240923;102652;683;25;11211299628;S
20240923;102652;683;1;11211299629;S
20240923;102652;683;74;11211299630;S
20240923;102656;683;1;11211301103;S
20240923;102658;682.8;1;11211301698;S
20240923;102658;682.8;3;11211301699;S
20240923;102701;683;1;11211302395;B
20240923;102701;683.4;9;11211302396;B
20240923;102724;684;1;11211309251;B
20240923;102724;684;7;11211309252;B
20240923;102727;683;2;11211310164;S
20240923;102727;683;2;11211310165;S
20240923;102743;683.6;5;11211314360;B
20240923;102802;683.8;2;11211319049;B
20240923;102807;683;5;11211320552;S
20240923;102807;683;40;11211320553;S
20240923;102807;683;149;11211320554;S
20240923;102807;682.8;26;11211320555;S
20240923;102807;682.8;30;11211320556;S
20240923;102807;682.8;14;11211320557;S
20240923;102807;682.6;29;11211320558;S
20240923;102807;682.6;2;11211320559;S
20240923;102807;682.6;205;11211320560;S
20240923;102816;682.6;1;11211322679;S
20240923;102816;682.6;1;11211322680;S
20240923;102816;682.6;188;11211322681;S
20240923;102816;682.4;29;11211322682;S
20240923;102816;682.4;2;11211322683;S
20240923;102816;682.4;16;11211322684;S
20240923;102816;682.4;40;11211322685;S
20240923;102816;682.4;54;11211322686;S
20240923;102816;682.2;29;11211322687;S
20240923;102816;682.2;100;11211322688;S
20240923;102816;682;20;11211322689;S
20240923;102816;682;6;11211322690;S
20240923;102816;682;14;11211322691;S
20240923;102851;683;5;11211331807;B
20240923;102904;683;45;11211334757;B
20240923;102904;683;40;11211334758;B
20240923;102904;683.2;15;11211334759;B
20240923;102921;682.6;2;11211338627;S
20240923;102921;682.6;1;11211338628;S
20240923;102956;682.6;6;11211347228;S
20240923;102956;682.2;149;11211347229;S
20240923;102956;682.2;8;11211347230;S
20240923;102956;682;15;11211347231;S
20240923;102956;682;200;11211347232;S
20240923;102956;682;10;11211347233;S
20240923;102956;682;2;11211347234;S
20240923;102956;682;3;11211347235;S
20240923;102956;682;5;11211347236;S
20240923;102956;682;5;11211347237;S
20240923;102956;681.8;29;11211347238;S
20240923;102956;681.8;48;11211347239;S
20240923;102956;681.6;376;11211347240;S
20240923;102956;681.6;1;11211347241;S
20240923;102956;681.6;1;11211347242;S
20240923;102956;681.6;32;11211347271;B
20240923;103000;681.6;3;11211348224;B
20240923;103006;681.2;11;11211349820;S
20240923;103006;681.2;66;11211349821;S
20240923;103006;681;20;11211349822;S
20240923;103006;681;1;11211349823;S
20240923;103006;681;8;11211349824;S
20240923;103007;682.4;5;11211349960;B
20240923;103018;681.8;1;11211352430;B
20240923;103018;681.8;1;11211352431;B
20240923;103018;681.8;1;11211352432;B
20240923;103018;681.8;1;11211352433;B
20240923;103018;681.8;1;11211352434;B
20240923;103039;681.8;1;11211357851;B
20240923;103055;681.8;1;11211362066;B
20240923;103104;682;100;11211364593;B
20240923;103104;682.2;9;11211364594;B
20240923;103107;681.8;3;11211366162;S
20240923;103156;682;1;11211379966;B
20240923;103156;682;1;11211380112;B
20240923;103156;682.2;16;11211380113;B
20240923;103156;682.4;33;11211380114;B
20240923;103157;681.6;1;11211380390;S
20240923;103157;681.6;1;11211380391;S
20240923;103225;682.6;11;11211388042;B
20240923;103225;682.6;40;11211388043;B
20240923;103225;682.8;10;11211388044;B
20240923;103225;682.8;39;11211388045;S
20240923;103231;681.6;16;11211389937;S
20240923;103248;682;1;11211395077;S
20240923;103308;682;4;11211400816;S
20240923;103338;682.8;5;11211409862;B
20240923;103338;682.8;1;11211409991;B
20240923;103339;682.8;5;11211410230;B
20240923;103340;682.8;5;11211410552;B
20240923;103341;682.8;5;11211410754;B
20240923;103342;682.8;5;11211410933;B
20240923;103343;682.8;5;11211411028;B
20240923;103343;682.8;5;11211411246;B
20240923;103345;683;5;11211411727;B
20240923;103401;682.6;434;11211416385;B
20240923;103401;682.8;14;11211416386;B
20240923;103401;682.8;16;11211416387;B
20240923;103401;683;20;11211416388;B
20240923;103401;683;40;11211416389;B
20240923;103401;683;217;11211416532;B
20240923;103402;683;109;11211416868;B
20240923;103402;683;40;11211416869;B
20240923;103403;683;54;11211417506;B
20240923;103403;683;1;11211417707;B
20240923;103404;683.6;5;11211418005;B
20240923;103404;683.6;40;11211418006;B
20240923;103404;683.6;11;11211418007;B
20240923;103431;683.6;1;11211424505;S
20240923;103431;683.6;1;11211424633;B
20240923;103439;683;1;11211426159;S
20240923;103444;683.4;3;11211427355;B
20240923;103446;683.4;1;11211427868;B
20240923;103450;683.4;10;11211428851;B
20240923;103507;683.4;5;11211433118;B
20240923;103509;683.4;5;11211433578;B
20240923;103511;683.4;2;11211434122;B
20240923;103513;683.2;18;11211434550;S
20240923;103513;683;2;11211434551;S
20240923;103538;683;8;11211441040;S
20240923;103539;683;4;11211441299;S
20240923;103550;683.4;1;11211444112;B
20240923;103602;683.4;1;11211449201;B
20240923;103609;683.4;7;11211450805;B
20240923;103621;683;4;11211453539;S
20240923;103636;683.4;65;11211457719;B
20240923;103636;683.4;8;11211457720;B
20240923;103657;683.4;1;11211463080;B
20240923;103715;683.4;15;11211467669;B
20240923;103803;683.6;10;11211478118;B
20240923;103908;683.6;1;11211492551;B
20240923;103930;683.6;4;11211497696;S
20240923;103930;683.4;16;11211497697;S
20240923;103930;683.4;36;11211497698;S
20240923;104002;684;1;11211505441;B
20240923;104002;684;4;11211505442;B
20240923;104003;684;92;11211505601;B
20240923;104003;684.2;1;11211505602;B
20240923;104003;684.2;1;11211505603;B
20240923;104003;684.2;200;11211505604;B
20240923;104003;684.2;13;11211505605;B
20240923;104003;684.4;2;11211505606;B
20240923;104003;684.4;1;11211505607;B
20240923;104003;684.4;1;11211505608;B
20240923;104003;684.6;16;11211505609;B
20240923;104003;684.6;1;11211505610;B
20240923;104003;684.8;1;11211505611;B
20240923;104003;684.8;26;11211505612;B
20240923;104003;685;10;11211505613;B
20240923;104003;685;22;11211505614;B
20240923;104003;685;100;11211505615;B
20240923;104003;685.2;3;11211505616;B
20240923;104003;685.2;36;11211505617;B
20240923;104003;685.4;418;11211505618;B
20240923;104003;685.6;56;11211505619;B
20240923;104027;685.4;4;11211512047;B
20240923;104027;685.4;6;11211512048;B
20240923;104027;685.6;11;11211512049;B
20240923;104027;685.6;6;11211512050;B
20240923;104027;685.6;40;11211512051;B
20240923;104027;685.8;50;11211512052;B
20240923;104027;686;33;11211512053;B
20240923;104032;684.6;2;11211513288;S
20240923;104035;684.8;1;11211514015;S
20240923;104038;685.2;3;11211514874;S
20240923;104052;686;29;11211518839;B
20240923;104052;686;2;11211518840;B
20240923;104052;686;29;11211518841;B
20240923;104052;686;50;11211518842;B
20240923;104052;686;500;11211518843;B
20240923;104052;686;40;11211518844;B
20240923;104052;686.2;5;11211518845;B
20240923;104052;686.6;13;11211518846;B
20240923;104052;686.8;1;11211518847;B
20240923;104052;686.8;4;11211518848;B
20240923;104052;686.8;400;11211518849;B
20240923;104052;686.8;168;11211518850;B
20240923;104052;686.8;2;11211518851;B
20240923;104052;687;150;11211518852;B
20240923;104052;687.4;1;11211518853;B
20240923;104052;687.4;3;11211518854;B
20240923;104052;687.4;3;11211518855;B
20240923;104052;687.4;1;11211518856;B
20240923;104052;687.4;149;11211518857;B
20240923;104052;687.6;25;11211518858;B
20240923;104052;687.6;425;11211518859;B
20240923;104103;686.8;5;11211522197;S
20240923;104103;686.6;10;11211522198;S
20240923;104114;687.2;10;11211525395;B
20240923;104119;687.4;2;11211526518;B
20240923;104119;687.4;40;11211526519;B
20240923;104119;687.6;158;11211526520;B
20240923;104119;687.4;7;11211526631;B
20240923;104119;687.6;417;11211526632;B
20240923;104119;687.6;26;11211526633;B
20240923;104119;687.8;50;11211526634;B
20240923;104122;687.8;1;11211527566;S
20240923;104124;687.8;2;11211528070;S
20240923;104127;687.8;4;11211528796;S
20240923;104128;687.8;1;11211529081;S
20240923;104128;687.8;2;11211529119;S
20240923;104132;688;144;11211530101;B
20240923;104132;688;1;11211530102;B
20240923;104132;688;7;11211530103;B
20240923;104132;688;15;11211530104;B
20240923;104132;688;40;11211530105;B
20240923;104133;688;24;11211530265;S
20240923;104138;688.2;10;11211531648;B
20240923;104141;688;1;11211532279;S
20240923;104145;688.2;12;11211533291;B
20240923;104146;688.2;8;11211533649;S
20240923;104153;688.2;1;11211535372;S
20240923;104159;688.2;2;11211537018;S
20240923;104159;688.2;1;11211537030;S
20240923;104206;688.2;26;11211538522;S
20240923;104206;688.2;24;11211538523;S
20240923;104207;688.4;1;11211538834;B
20240923;104216;688.4;7;11211541067;B
20240923;104217;688;2;11211541104;S
20240923;104228;688.4;5;11211544121;B
20240923;104228;688.4;6;11211544122;B
20240923;104228;688.4;17;11211544123;B
20240923;104228;688.4;5;11211544124;B
20240923;104228;688.6;55;11211544125;B
20240923;104228;688.8;2;11211544126;B
20240923;104228;688.8;1;11211544127;B
20240923;104228;688.8;9;11211544128;B
20240923;104237;688;160;11211546145;S
20240923;104244;688.2;1;11211547682;B
20240923;104253;688.8;3;11211550258;B
20240923;104255;688.4;1;11211550673;B
20240923;104301;688.4;10;11211552269;B
20240923;104305;688;1;11211553169;S
20240923;104309;688;10;11211554041;S
20240923;104312;688.2;40;11211554588;B
20240923;104312;688.2;3;11211554589;B
20240923;104327;688.2;23;11211558278;B
20240923;104327;688.2;27;11211558279;B
20240923;104328;688.2;1;11211558492;B
20240923;104341;688;18;11211561501;S
20240923;104350;688;77;11211563788;S
20240923;104350;688;23;11211563789;S
20240923;104352;688;6;11211564152;S
20240923;104352;688;1;11211564153;S
20240923;104352;688;43;11211564154;S
20240923;104354;688.2;12;11211564658;B
20240923;104354;688.2;1;11211564659;B
20240923;104354;688.2;50;11211564660;B
20240923;104354;688.2;23;11211564661;B
20240923;104354;688.4;214;11211564662;B
20240923;104405;687.8;13;11211567330;S
20240923;104418;687.8;49;11211570617;S
20240923;104419;687.8;50;11211571074;S
20240923;104424;687.8;6;11211572203;S
20240923;104424;687.8;22;11211572205;S
20240923;104424;687.8;3;11211572206;S
20240923;104501;688;14;11211580661;B
20240923;104501;688;40;11211580662;B
20240923;104501;688.4;16;11211580663;B
20240923;104518;687.8;25;11211584467;B
20240923;104518;687.8;40;11211584468;B
20240923;104518;688;100;11211584469;B
20240923;104518;688.4;15;11211584470;B
20240923;104518;688.4;3;11211584471;B
20240923;104518;688.4;15;11211584472;B
20240923;104518;688.4;2;11211584473;B
20240923;104518;688.4;9;11211584474;B
20240923;104518;688.6;244;11211584475;B
20240923;104518;688.8;28;11211584476;B
20240923;104518;689;50;11211584477;B
20240923;104518;689;5;11211584478;B
20240923;104518;689;1;11211584479;B
20240923;104518;689;2;11211584480;B
20240923;104518;689.8;20;11211584481;B
20240923;104518;689.8;3;11211584482;B
20240923;104518;689.8;3;11211584483;B
20240923;104518;690;2;11211584484;B
20240923;104518;690;19;11211584485;B
20240923;104518;690;1;11211584486;B
20240923;104518;690;25;11211584487;B
20240923;104518;690;5;11211584488;B
20240923;104518;690;15;11211584489;B
20240923;104518;690;2;11211584490;B
20240923;104518;690;6;11211584491;B
20240923;104518;690;5;11211584492;B
20240923;104518;690.2;5;11211584493;B
20240923;104518;690.2;209;11211584494;B
20240923;104518;690.2;149;11211584495;B
20240923;104518;690.4;1;11211584496;B
20240923;104518;690.4;1;11211584497;B
20240923;104518;690.4;200;11211584498;B
20240923;104518;690.6;290;11211584499;B
20240923;104522;687.6;5;11211585411;S
20240923;104535;687.6;1;11211588066;S
20240923;104536;687.6;20;11211588359;S
20240923;104542;688;2;11211589415;B
20240923;104542;688;1;11211589416;B
20240923;104602;688;10;11211594096;S
20240923;104628;688.2;2;11211600105;S
20240923;104628;688;3;11211600106;S
20240923;104630;688.2;2;11211600457;S
20240923;104634;689;5;11211601339;B
20240923;104644;688;3;11211603704;S
20240923;104646;688;3;11211604183;S
20240923;104703;688.2;1;11211608348;S
20240923;104710;688;1;11211610343;S
20240923;104710;688;10;11211610344;S
20240923;104710;688;7;11211610345;S
20240923;104710;687.8;34;11211610346;S
20240923;104722;688.6;2;11211613329;B
20240923;104737;688.6;12;11211616688;B
20240923;104737;688.8;24;11211616689;B
20240923;104746;688.8;1;11211618527;B
20240923;104755;688.8;2;11211620507;B
20240923;104810;689;17;11211623609;B
20240923;104810;689.2;6;11211623610;B
20240923;104810;689.4;27;11211623611;B
20240923;104825;689;10;11211627731;S
20240923;104825;688.8;20;11211627732;S
20240923;104826;689.8;12;11211627969;B
20240923;104826;689.8;40;11211627970;B
20240923;104826;690;16;11211627971;B
20240923;104826;690.2;2;11211627972;B
20240923;104826;690.2;24;11211627973;B
20240923;104826;690.4;149;11211627974;B
20240923;104826;690.4;457;11211627975;B
20240923;104836;690;50;11211630022;B
20240923;104836;690;40;11211630023;B
20240923;104836;690.2;20;11211630024;B
20240923;104836;690.4;90;11211630025;B
20240923;104843;690;8;11211631522;B
20240923;104843;690;40;11211631523;B
20240923;104843;690.2;21;11211631524;B
20240923;104843;690.2;1;11211631525;B
20240923;104843;690.4;130;11211631526;B
20240923;104848;689.4;5;11211632932;S
20240923;104857;689.2;2;11211634970;B
20240923;104906;689.2;23;11211637276;B
20240923;104906;689.2;7;11211637277;B
20240923;104909;689.2;3;11211638041;S
20240923;104910;689.4;1;11211638286;B
20240923;104916;689.4;100;11211639448;B
20240923;104921;689.4;4;11211640543;B
20240923;104923;689.4;200;11211640972;B
20240923;104936;689.2;2;11211643825;S
20240923;104938;689.4;4;11211644416;B
20240923;104944;689.2;4;11211646265;S
20240923;104947;689.2;3;11211646873;S
20240923;104949;689.4;1;11211647337;B
20240923;105002;689.4;3;11211650004;B
20240923;105022;689.4;5;11211654163;B
20240923;105022;689.4;1;11211654164;B
20240923;105022;690;1;11211654165;B
20240923;105022;690;24;11211654166;B
20240923;105022;690;2;11211654167;B
20240923;105022;690;1;11211654168;B
20240923;105029;690.2;3;11211655563;B
20240923;105038;690;16;11211657383;S
20240923;105102;690;3;11211662955;B
20240923;105105;690;31;11211663430;B
20240923;105105;690;16;11211663431;B
20240923;105105;690;150;11211663432;B
20240923;105110;690.2;5;11211664973;B
20240923;105119;690.2;17;11211667090;B
20240923;105131;690.4;4;11211669416;B
20240923;105138;690.2;1;11211671351;S
20240923;105153;690.2;2;11211674316;S
20240923;105155;690.2;25;11211674806;S
20240923;105203;690.2;12;11211676538;S
20240923;105226;690.4;1;11211681666;B
20240923;105230;690;3;11211682510;S
20240923;105230;690;5;11211682511;S
20240923;105237;689.6;1;11211683815;S
20240923;105245;690;47;11211685504;B
20240923;105245;690;15;11211685505;B
20240923;105245;690;5;11211685506;B
20240923;105245;690.4;318;11211685507;B
20240923;105245;690.4;2;11211685508;B
20240923;105247;690.4;13;11211685827;S
20240923;105247;690.2;12;11211685828;S
20240923;105315;689.8;2;11211691927;S
20240923;105322;689.8;93;11211693110;S
20240923;105322;689.6;36;11211693111;S
20240923;105322;689.6;3;11211693112;S
20240923;105322;689.6;40;11211693113;S
20240923;105322;689.6;24;11211693114;S
20240923;105322;689.2;25;11211693115;S
20240923;105355;690.2;1;11211705295;B
20240923;105419;690.2;2;11211713731;B
20240923;105424;690;10;11211714975;B
20240923;105427;690;3;11211715787;B
20240923;105432;690;4;11211716610;B
20240923;105435;690;78;11211717327;B
20240923;105435;690;11;11211717328;B
20240923;105435;690;40;11211717329;B
20240923;105435;690.2;2;11211717330;B
20240923;105435;690.4;100;11211717331;B
20240923;105435;690.4;1;11211717332;B
20240923;105435;690.4;5;11211717333;B
20240923;105435;690.6;163;11211717334;B
20240923;105441;690.6;250;11211718960;B
20240923;105441;690.6;97;11211718962;B
20240923;105442;690.6;3;11211719186;B
20240923;105444;690.6;2;11211719467;B
20240923;105444;690.6;10;11211719468;B
20240923;105444;690.6;2;11211719469;B
20240923;105444;690.6;200;11211719470;B
20240923;105444;690.6;24;11211719471;B
20240923;105444;690.6;2;11211719472;B
20240923;105444;690.8;10;11211719473;B
20240923;105444;690.8;20;11211719557;B
20240923;105444;690.8;20;11211719622;B
20240923;105454;690.8;41;11211721572;B
20240923;105454;690.8;1;11211721573;B
20240923;105454;691.2;2;11211721574;B
20240923;105454;691.2;1;11211721575;B
20240923;105455;691.2;1;11211721792;S
20240923;105508;691.6;1;11211725009;B
20240923;105518;691.6;4;11211727224;B
20240923;105523;691.6;25;11211729027;B
20240923;105523;691.6;3;11211729028;B
20240923;105523;691.6;1;11211729029;B
20240923;105523;691.8;17;11211729030;B
20240923;105523;692;50;11211729031;B
20240923;105523;692;1;11211729032;B
20240923;105523;692;1;11211729033;B
20240923;105523;692.2;5;11211729034;B
20240923;105523;692.6;50;11211729035;B
20240923;105523;692.6;2;11211729036;B
20240923;105523;692.8;1;11211729037;B
20240923;105523;692.8;4;11211729038;B
20240923;105523;692.8;1;11211729039;B
20240923;105523;693;5;11211729040;B
20240923;105523;693;34;11211729041;B
20240923;105524;693;2;11211729070;B
20240923;105524;692.4;33;11211729473;B
20240923;105524;692.6;16;11211729474;B
20240923;105525;693;64;11211729520;B
20240923;105525;693;8;11211729521;B
20240923;105525;693;26;11211729522;B
20240923;105525;693;60;11211729523;B
20240923;105525;693;8;11211729524;B
20240923;105525;693;1;11211729525;B
20240923;105525;693.2;36;11211729526;B
20240923;105525;693.2;18;11211729527;B
20240923;105525;693.6;1;11211729528;B
20240923;105525;693.8;3;11211729529;B
20240923;105525;693.8;5;11211729530;B
20240923;105525;693.8;1;11211729531;B
20240923;105525;693.8;149;11211729532;B
20240923;105525;693.8;5;11211729533;B
20240923;105525;694;100;11211729534;B
20240923;105525;694;1;11211729535;B
20240923;105525;694;1;11211729536;B
20240923;105525;694;20;11211729537;B
20240923;105525;694;2;11211729538;B
20240923;105525;694;71;11211729539;B
20240923;105525;692.8;3;11211729639;S
20240923;105525;694;179;11211729715;B
20240923;105525;694.2;2;11211729716;B
20240923;105525;694.2;11;11211729717;B
20240923;105525;694.4;5;11211729718;B
20240923;105525;694.4;149;11211729719;B
20240923;105526;694.4;1;11211729748;S
20240923;105526;694.4;20;11211729795;S
20240923;105526;694.4;20;11211729873;S
20240923;105527;694.6;1;11211730289;B
20240923;105528;694.4;25;11211730489;S
20240923;105529;694.6;1;11211730852;B
20240923;105535;694.4;25;11211732588;S
20240923;105537;694.4;50;11211733279;S
20240923;105538;694.6;4;11211733452;B
20240923;105538;694.6;2;11211733453;B
20240923;105538;694.6;144;11211733454;B
20240923;105546;694.4;25;11211735925;S
20240923;105546;694.4;45;11211736009;S
20240923;105546;694.4;12;11211736010;S
20240923;105550;694;1;11211736874;S
20240923;105552;694.4;1;11211737447;B
20240923;105555;694.2;50;11211738493;B
20240923;105555;694.4;41;11211738494;B
20240923;105555;694.4;3;11211738495;B
20240923;105555;694.4;76;11211738496;B
20240923;105555;694.4;13;11211738497;B
20240923;105555;694.4;37;11211738641;B
20240923;105555;694.6;13;11211738642;B
20240923;105600;694.4;1;11211739875;B
20240923;105604;694;1;11211741181;S
20240923;105610;693.4;25;11211743221;S
20240923;105613;693;7;11211744142;S
20240923;105613;693;1;11211744167;S
20240923;105622;693.2;5;11211746861;B
20240923;105639;693.2;1;11211751833;S
20240923;105641;693.2;10;11211752462;S
20240923;105641;693.6;2;11211752578;B
20240923;105641;694;1;11211752579;B
20240923;105641;694;64;11211752580;B
20240923;105642;694.4;1;11211752696;B
20240923;105644;694.4;2;11211753888;B
20240923;105644;694.6;48;11211753889;B
20240923;105652;694;2;11211757902;S
20240923;105658;694;2;11211765105;S
20240923;105658;694.4;1;11211765167;B
20240923;105700;694;20;11211766980;S
20240923;105702;694;25;11211768454;S
20240923;105702;694.4;2;11211769217;B
20240923;105708;694.4;5;11211774634;B
20240923;105716;694.2;1;11211782591;S
20240923;105717;694.4;1;11211784304;B
20240923;105729;694.2;1;11211795756;S
20240923;105731;694.2;3;11211798240;S
20240923;105734;694.4;1;11211801252;B
20240923;105736;694.2;2;11211803819;S
20240923;105744;694.2;13;11211811629;S
20240923;105744;694.2;7;11211811630;S
20240923;105745;694.2;2;11211812558;S
20240923;105746;694;25;11211813799;S
20240923;105747;694;9;11211814125;S
20240923;105747;693.8;8;11211814126;S
20240923;105753;693.2;1;11211819215;S
20240923;105753;693.2;16;11211819413;S
20240923;105753;693;20;11211819414;S
20240923;105753;693;596;11211819415;S
20240923;105753;693;39;11211819416;S
20240923;105811;692.8;1;11211834844;B
20240923;105821;692.6;50;11211844086;S
20240923;105824;692.8;1;11211846189;B
20240923;105841;692.6;25;11211861170;S
20240923;105849;692.6;25;11211868434;S
20240923;105849;692.6;50;11211869063;S
20240923;105852;692.8;1;11211872260;B
20240923;105901;692.6;1;11211881679;S
20240923;105901;692.6;1;11211881680;S
20240923;105906;692.6;1;11211886889;S
20240923;105914;692.8;1;11211895289;B
20240923;105914;693;2;11211895290;B
20240923;105945;692.6;17;11211927283;S
20240923;110000;692.6;5;11211942395;S
20240923;110003;693;1;11211945791;B
20240923;110006;692.6;10;11211949711;S
20240923;110017;693;10;11211961251;B
20240923;110050;692.8;5;11211995496;S
20240923;110050;692.8;20;11211995497;S
20240923;110102;693;60;11212009446;B
20240923;110110;693;5;11212017274;B
20240923;110111;692.6;40;11212017843;S
20240923;110116;692.6;2;11212022707;S
20240923;110120;693;100;11212026286;B
20240923;110121;692.6;4;11212027048;S
20240923;110123;692.6;15;11212028837;S
20240923;110127;692.6;3;11212032110;S
20240923;110224;692.8;26;11212085182;S
20240923;110224;692.6;1;11212085183;S
20240923;110224;692.6;4;11212085184;S
20240923;110224;692.6;1;11212085185;S
20240923;110224;692.6;8;11212085186;S
20240923;110224;692.6;1;11212085187;S
20240923;110224;692.6;40;11212085188;S
20240923;110228;692.6;4;11212089712;B
20240923;110257;692.6;4;11212120195;B
20240923;110259;692.2;1;11212122166;S
20240923;110300;692.2;15;11212122870;S
20240923;110316;692.2;1;11212139941;B
20240923;110322;692.2;3;11212146315;B
20240923;110331;692.2;3;11212155728;S
20240923;110343;692;1;11212168569;S
20240923;110343;692;4;11212168570;S
20240923;110343;692.2;28;11212169565;S
20240923;110343;692.2;34;11212169566;S
20240923;110439;692.2;2;11212227548;S
20240923;110447;692.4;5;11212234133;B
20240923;110447;692.6;10;11212234134;B
20240923;110447;692.6;1;11212234135;B
20240923;110447;692.6;29;11212234136;B
20240923;110447;692.6;55;11212234184;S
20240923;110447;692.6;4;11212234185;S
20240923;110447;692.6;40;11212234186;S
20240923;110507;692.4;1;11212251358;B
20240923;110507;692.8;2;11212251359;B
20240923;110507;692.8;5;11212251360;B
20240923;110507;693;2;11212251361;B
20240923;110535;693;1;11212277459;B
20240923;110545;692.4;33;11212289025;S
20240923;110545;692.4;12;11212289026;S
20240923;110556;692.8;1;11212298919;B
20240923;110558;692.4;2;11212301941;B
20240923;110558;692.8;4;11212301942;B
20240923;110558;693;14;11212301943;B
20240923;110600;693;92;11212303391;B
20240923;110605;692.4;1;11212309023;S
20240923;110607;692.6;1;11212311207;S
20240923;110613;692.6;1;11212316901;S
20240923;110626;693;13;11212329928;B
20240923;110643;692.8;1;11212348815;B
20240923;110645;692.8;1;11212350949;B
20240923;110701;692.8;1;11212366763;B
20240923;110709;692.4;2;11212375736;S
20240923;110711;692.4;3;11212377671;S
20240923;110711;692.4;22;11212377672;S
20240923;110834;692.6;3;11212456090;S
20240923;110849;692.8;1;11212468668;B
20240923;110852;692.6;15;11212471831;S
20240923;110852;692.4;6;11212471832;S
20240923;110852;692.4;40;11212471833;S
20240923;110852;692;42;11212471834;S
20240923;110852;692;43;11212471918;B
20240923;110914;691.6;1;11212494892;S
20240923;110915;691.4;1;11212495723;S
20240923;110916;692;3;11212497313;B
20240923;110927;692;15;11212509587;B
20240923;110928;691.4;1;11212509993;S
20240923;110933;691.8;1;11212514805;B
20240923;110935;692;1;11212516844;B
20240923;110945;691.8;1;11212526846;B
20240923;111016;691.4;25;11212558696;S
20240923;111021;691.4;12;11212564657;S
20240923;111021;691.4;2;11212564658;S
20240923;111026;691;3;11212569602;S
20240923;111026;690.8;95;11212569603;S
20240923;111026;690.8;12;11212569604;S
20240923;111026;690.6;1;11212569605;S
20240923;111026;690.4;8;11212569606;S
20240923;111026;690.2;42;11212569607;S
20240923;111026;690.2;99;11212569608;S
20240923;111026;690;3;11212569609;S
20240923;111026;690;10;11212569610;S
20240923;111026;690;149;11212569611;S
20240923;111026;689.8;14;11212569612;S
20240923;111026;689.8;300;11212569613;S
20240923;111026;689.4;1;11212569614;S
20240923;111026;689.4;400;11212569615;S
20240923;111026;689.4;22;11212569616;S
20240923;111026;689;3;11212569617;S
20240923;111026;688.8;228;11212569618;S
20240923;111026;688.8;50;11212569619;S
20240923;111026;688.2;1;11212569620;S
20240923;111026;688.2;430;11212569621;S
20240923;111026;688;1;11212569622;S
20240923;111026;688;128;11212569623;S
20240923;111027;690.6;11;11212570787;S
20240923;111029;690.4;1;11212572611;B
20240923;111029;690;1;11212573076;S
20240923;111032;688.6;90;11212575380;S
20240923;111032;688.6;10;11212575381;S
20240923;111035;688.6;1;11212578568;S
20240923;111036;688.6;100;11212579863;S
20240923;111138;690.2;3;11212639356;B
20240923;111140;690;2;11212640115;S
20240923;111140;690.2;24;11212640322;B
20240923;111140;690.2;12;11212640326;S
20240923;111143;690.2;4;11212643340;S
20240923;111147;690.2;1;11212646540;B
20240923;111152;690.2;2;11212650736;S
20240923;111202;690.4;60;11212658970;B
20240923;111202;690.6;12;11212658971;B
20240923;111202;690.8;36;11212658972;B
20240923;111202;691.4;1;11212658973;B
20240923;111202;691.4;128;11212658974;B
20240923;111202;691.6;1;11212658975;B
20240923;111202;691.8;215;11212658976;B
20240923;111202;692;35;11212658977;B
20240923;111202;692;12;11212658978;B
20240923;111221;690.8;100;11212678012;S
20240923;111246;691.6;16;11212701657;B
20240923;111303;690.8;20;11212717822;S
20240923;111414;691.2;1;11212789741;S
20240923;111414;691.2;2;11212789798;S
20240923;111445;691.6;150;11212820188;B
20240923;111549;691.4;4;11212876509;S
20240923;111549;691.2;23;11212876510;S
20240923;111555;691.6;14;11212883116;B
20240923;111637;691.4;1;11212911071;B
20240923;111637;691.6;34;11212911072;B
20240923;111641;691.2;22;11212911995;S
20240923;111641;691.2;40;11212911996;S
20240923;111641;691;38;11212911997;S
20240923;111718;691.4;5;11212919802;S
20240923;111759;691.6;66;11212928647;B
20240923;111806;691.6;3;11212930154;B
20240923;111806;691.6;2;11212930168;B
20240923;111806;691.6;1;11212930169;B
20240923;111808;691.6;1;11212930683;B
20240923;111811;691.6;3;11212931160;B
20240923;111811;691.6;3;11212931255;B
20240923;111811;691.6;3;11212931272;B
20240923;111812;691.6;27;11212931526;B
20240923;111812;691.6;4;11212931527;B
20240923;111812;691.8;2;11212931528;B
20240923;111812;691.8;19;11212931529;B
20240923;111812;692;88;11212931530;B
20240923;111812;692;5;11212931531;B
20240923;111812;692.2;2;11212931532;B
20240923;111812;692.4;100;11212931533;B
20240923;111812;692.4;100;11212931534;B
20240923;111812;692.6;1;11212931535;B
20240923;111812;692.6;107;11212931536;B
20240923;111812;692.8;4;11212931537;B
20240923;111812;692.8;2;11212931538;B
20240923;111812;692.8;1;11212931539;B
20240923;111812;692.8;400;11212931540;B
20240923;111812;692.8;6;11212931541;B
20240923;111812;692.8;50;11212931542;B
20240923;111812;692.8;100;11212931543;B
20240923;111812;693;5;11212931544;B
20240923;111812;693;5;11212931545;B
20240923;111812;693;2;11212931546;B
20240923;111812;693;100;11212931547;B
20240923;111812;693.6;22;11212931548;B
20240923;111812;693.8;2;11212931549;B
20240923;111812;693.8;100;11212931550;B
20240923;111812;693.8;95;11212931551;B
20240923;111812;694;1;11212931552;B
20240923;111812;694;3;11212931553;B
20240923;111812;694.2;16;11212931554;B
20240923;111812;694.2;50;11212931555;B
20240923;111812;694.2;81;11212931556;B
20240923;111812;692.4;19;11212931594;S
20240923;111812;692.4;24;11212931595;S
20240923;111818;694.2;30;11212933125;B
20240923;111847;694;10;11212939259;B
20240923;111847;694;15;11212939282;B
20240923;111848;693.4;5;11212939644;S
20240923;111848;693.4;5;11212939645;S
20240923;111848;693.2;14;11212939646;S
20240923;111848;693.2;11;11212939647;S
20240923;111853;693.4;2;11212941136;S
20240923;111857;693.4;3;11212941968;S
20240923;111913;694;2;11212946070;B
20240923;111913;693.4;5;11212946130;S
20240923;111913;693.4;5;11212946131;S
20240923;111913;693.4;5;11212946135;B
20240923;111913;693.4;5;11212946137;B
20240923;111913;693.4;5;11212946139;B
20240923;111913;693.4;5;11212946141;B
20240923;111913;693.4;5;11212946147;B
20240923;111913;693.4;5;11212946148;B
20240923;111913;693.4;5;11212946151;B
20240923;111913;693.4;5;11212946153;B
20240923;111913;693.4;5;11212946158;B
20240923;111913;693.4;5;11212946160;B
20240923;111913;693.4;5;11212946168;B
20240923;111913;693.4;5;11212946169;B
20240923;111913;693.4;5;11212946173;B
20240923;111913;693.4;1;11212946175;B
20240923;111914;693.4;5;11212946182;B
20240923;111914;693.4;4;11212946210;B
20240923;111914;693.4;2;11212946386;B
20240923;111923;692.6;6;11212948424;S
20240923;112008;692.6;10;11212958032;S
20240923;112042;692.8;6;11212966366;S
20240923;112108;692.8;94;11212975504;S
20240923;112108;692.6;40;11212975505;S
20240923;112108;692.6;13;11212975506;S
20240923;112108;692.2;2;11212975507;S
20240923;112136;693;1;11212983317;B
20240923;112153;692.2;10;11212987122;B
20240923;112204;692;1;11212989135;S
20240923;112204;692;2;11212989136;S
20240923;112219;692;38;11212992391;S
20240923;112219;692;14;11212992392;S
20240923;112229;691.6;2;11212994230;S
20240923;112236;692;10;11212995878;B
20240923;112242;691.6;1;11212997417;S
20240923;112246;692;6;11212998862;B
20240923;112250;692;1;11213000489;B
20240923;112305;691.4;1;11213004595;S
20240923;112306;692;2;11213004752;B
20240923;112321;691.8;2;11213008219;B
20240923;112321;692;15;11213008220;B
20240923;112321;692;17;11213008240;B
20240923;112321;692;17;11213008244;B
20240923;112321;692;80;11213008245;B
20240923;112321;692;1;11213008246;B
20240923;112321;692.2;19;11213008247;B
20240923;112321;692.6;2;11213008248;B
20240923;112321;692.8;44;11213008249;B
20240923;112321;692.8;17;11213008252;B
20240923;112321;692.8;146;11213008253;B
20240923;112321;692.8;17;11213008259;B
20240923;112321;692.8;146;11213008260;B
20240923;112321;692.8;5;11213008263;B
20240923;112321;692.8;17;11213008269;B
20240923;112321;692.8;108;11213008270;B
20240923;112321;693;38;11213008271;B
20240923;112321;693;5;11213008272;B
20240923;112321;693;17;11213008276;B
20240923;112321;693;40;11213008277;B
20240923;112321;693;106;11213008278;B
20240923;112322;693;5;11213008415;B
20240923;112322;693;17;11213008416;B
20240923;112322;693;146;11213008417;B
20240923;112322;693;14;11213008418;B
20240923;112322;693;5;11213008422;B
20240923;112322;693;8;11213008424;B
20240923;112322;693;17;11213008427;B
20240923;112322;693;4;11213008428;B
20240923;112322;693;4;11213008429;B
20240923;112322;693;146;11213008431;B
20240923;112322;693;14;11213008432;B
20240923;112322;693;14;11213008433;B
20240923;112322;693.4;5;11213008434;B
20240923;112322;693.4;8;11213008435;B
20240923;112322;693.4;4;11213008436;B
20240923;112322;693.4;6;11213008439;B
20240923;112322;693.4;17;11213008440;B
20240923;112326;693.6;20;11213009196;B
20240923;112329;693.6;80;11213009884;B
20240923;112329;693.6;20;11213009885;B
20240923;112331;694.4;2;11213010156;B
20240923;112331;694.4;18;11213010157;B
20240923;112333;694.4;10;11213010558;B
20240923;112338;694.4;20;11213011500;B
20240923;112338;694.4;20;11213011597;B
20240923;112338;694.4;4;11213011604;B
20240923;112338;694.4;16;11213011605;B
20240923;112339;694.2;1;11213011830;B
20240923;112339;694.2;19;11213011831;B
20240923;112343;694.4;20;11213012975;B
20240923;112345;694.4;108;11213013231;B
20240923;112345;694.4;1;11213013232;B
20240923;112345;694.4;17;11213013233;B
20240923;112345;694.4;1;11213013234;B
20240923;112345;694.6;33;11213013235;B
20240923;112345;694.6;1;11213013236;B
20240923;112345;694.6;1;11213013237;B
20240923;112345;694.6;1;11213013238;B
20240923;112345;694.6;5;11213013239;B
20240923;112345;694.6;6;11213013240;B
20240923;112345;694.6;26;11213013241;B
20240923;112345;694.6;100;11213013333;B
20240923;112345;694.6;300;11213013381;B
20240923;112345;694.6;6;11213013382;B
20240923;112346;694.6;1;11213013618;B
20240923;112346;694.6;1;11213013619;B
20240923;112346;694.6;23;11213013620;B
20240923;112347;694.8;2;11213013822;B
20240923;112347;694.8;1;11213013823;B
20240923;112347;694.8;17;11213013824;B
20240923;112348;694.8;100;11213013997;B
20240923;112348;694.8;25;11213014174;B
20240923;112348;694.8;329;11213014190;B
20240923;112349;694.8;29;11213014304;B
20240923;112349;694.8;1;11213014305;B
20240923;112349;694.8;1;11213014306;B
20240923;112349;694.8;1;11213014307;B
20240923;112349;694.8;200;11213014308;B
20240923;112349;694.8;2;11213014309;B
20240923;112349;695;1;11213014310;B
20240923;112349;695;5;11213014311;B
20240923;112349;695;15;11213014316;B
20240923;112349;695;6;11213014322;B
20240923;112349;695;74;11213014462;B
20240923;112349;695;25;11213014463;B
20240923;112349;695;1;11213014464;B
20240923;112349;695;20;11213014465;B
20240923;112349;695;5;11213014466;B
20240923;112349;695;100;11213014467;B
20240923;112349;695;3;11213014468;B
20240923;112349;695;9;11213014469;B
20240923;112349;695;1;11213014470;B
20240923;112349;695;73;11213014471;B
20240923;112349;695;1;11213014472;B
20240923;112349;695;1;11213014473;B
20240923;112349;695;1;11213014474;B
20240923;112349;695;1;11213014475;B
20240923;112349;695;3;11213014476;B
20240923;112349;695;1;11213014477;B
20240923;112349;695;1;11213014478;B
20240923;112349;695;10;11213014479;B
20240923;112349;695;120;11213014480;B
20240923;112349;695;20;11213014495;B
20240923;112349;695;15;11213014523;B
20240923;112349;695;50;11213014529;B
20240923;112349;695;50;11213014561;B
20240923;112349;695;15;11213014568;B
20240923;112349;694.8;5;11213014592;B
20240923;112349;695;5;11213014593;B
20240923;112349;695;15;11213014596;B
20240923;112350;695;25;11213014605;B
20240923;112350;695;50;11213014695;B
20240923;112350;695;15;11213014798;B
20240923;112350;695;50;11213014800;B
20240923;112350;695;100;11213014801;B
20240923;112350;695;15;11213014879;B
20240923;112351;695;20;11213014954;B
20240923;112351;695;435;11213014987;B
20240923;112351;695.4;1;11213014995;B
20240923;112351;695.4;1;11213014996;B
20240923;112351;695.6;10;11213015040;B
20240923;112351;695.6;5;11213015041;B
20240923;112353;695.4;15;11213015627;S
20240923;112353;695.8;78;11213015857;B
20240923;112353;695.8;1;11213015858;B
20240923;112353;696;2;11213015859;B
20240923;112353;696;1;11213015860;B
20240923;112353;696;1;11213015861;B
20240923;112353;696;100;11213015862;B
20240923;112353;696;1;11213015863;B
20240923;112353;696;6;11213015864;B
20240923;112354;695.8;3;11213016138;B
20240923;112354;696;4;11213016139;B
20240923;112354;696;1;11213016140;B
20240923;112354;696;32;11213016141;B
20240923;112354;696;25;11213016206;B
20240923;112356;696;40;11213016711;B
20240923;112358;695.6;1;11213017901;S
20240923;112358;695.6;4;11213017906;S
20240923;112358;695.6;5;11213017924;S
20240923;112402;695.2;10;11213018900;S
20240923;112402;695.2;1;11213018901;S
20240923;112402;695.6;5;11213018963;B
20240923;112403;695.6;15;11213019151;B
20240923;112403;695.8;5;11213019152;B
20240923;112404;696;3;11213019349;B
20240923;112404;696;2;11213019350;B
20240923;112404;696;1;11213019351;B
20240923;112404;696;50;11213019352;B
20240923;112404;696.2;50;11213019353;B
20240923;112404;696.2;1;11213019354;B
20240923;112404;696.2;93;11213019355;B
20240923;112406;696.2;7;11213019805;B
20240923;112406;696.2;40;11213019806;B
20240923;112406;696.2;5;11213019807;B
20240923;112406;696.8;1;11213019808;B
20240923;112406;696.8;27;11213019809;B
20240923;112407;696.6;2;11213019932;B
20240923;112407;696.6;19;11213019933;B
20240923;112407;696.4;1;11213019942;B
20240923;112407;696.6;21;11213019943;B
20240923;112407;696.6;50;11213019944;B
20240923;112407;696.8;18;11213019945;B
20240923;112407;696.8;5;11213019954;B
20240923;112407;696.8;5;11213019955;B
20240923;112407;697;1;11213019956;B
20240923;112407;697;1;11213019957;B
20240923;112407;697;3;11213019958;B
20240923;112407;697;1;11213019959;B
20240923;112407;697;9;11213019960;B
20240923;112409;696;1;11213020669;S
20240923;112409;695.6;4;11213020670;S
20240923;112416;696.4;20;11213022269;B
20240923;112420;695.8;50;11213023303;S
20240923;112421;695.8;25;11213023520;S
20240923;112422;695.8;16;11213023524;S
20240923;112422;695.8;1;11213023525;S
20240923;112428;695.8;20;11213025063;B
20240923;112430;695.8;1;11213025303;B
20240923;112434;695.6;50;11213026655;S
20240923;112434;695.6;50;11213026656;S
20240923;112437;694.6;4;11213027122;S
20240923;112439;694.6;50;11213027637;S
20240923;112439;694.4;149;11213027638;S
20240923;112439;694.4;1;11213027639;S
20240923;112440;694.4;20;11213027828;S
20240923;112440;694.4;40;11213027829;S
20240923;112440;694.2;269;11213027830;S
20240923;112441;695.4;15;11213027922;B
20240923;112441;695.4;5;11213027923;B
20240923;112448;694.2;2;11213029243;S
20240923;112453;695.2;14;11213030350;B
20240923;112453;695.2;6;11213030351;B
20240923;112454;694.2;48;11213030511;S
20240923;112454;694.2;40;11213030512;S
20240923;112454;694;62;11213030513;S
20240923;112506;694.4;7;11213033877;B
20240923;112506;694.8;13;11213033878;B
20240923;112506;693.8;20;11213033946;S
20240923;112506;693.8;30;11213033947;S
20240923;112518;694.8;2;11213037083;B
20240923;112518;694.8;1;11213037084;B
20240923;112518;694.8;1;11213037085;B
20240923;112518;694.8;16;11213037086;B
20240923;112522;694;10;11213037878;S
20240923;112522;694;40;11213037879;S
20240923;112522;694;81;11213037880;S
20240923;112524;693.6;1;11213038289;S
20240923;112524;693.6;1;11213038290;S
20240923;112524;693.6;1;11213038291;S
20240923;112524;693.4;4;11213038292;S
20240923;112524;693.4;1;11213038293;S
20240923;112531;693.8;10;11213039580;B
20240923;112531;693.8;10;11213039581;B
20240923;112534;693.4;3;11213040452;S
20240923;112534;693.4;146;11213040453;S
20240923;112534;693.4;14;11213040454;S
20240923;112534;693.4;5;11213040455;S
20240923;112534;693.4;8;11213040456;S
20240923;112534;693.4;4;11213040457;S
20240923;112534;693.4;6;11213040458;S
20240923;112534;693.4;7;11213040459;S
20240923;112534;693.4;5;11213040460;S
20240923;112534;693.4;4;11213040461;S
20240923;112534;693.4;12;11213040462;S
20240923;112534;693.4;10;11213040463;S
20240923;112534;693.4;4;11213040464;S
20240923;112534;693.4;10;11213040465;S
20240923;112534;693.4;4;11213040466;S
20240923;112534;693.4;49;11213040467;S
20240923;112534;693.4;8;11213040468;S
20240923;112534;693.4;4;11213040469;S
20240923;112534;693.4;5;11213040470;S
20240923;112534;693.4;4;11213040471;S
20240923;112534;693.4;25;11213040472;S
20240923;112534;693.4;8;11213040473;S
20240923;112534;693.4;6;11213040474;S
20240923;112534;693.4;84;11213040475;S
20240923;112534;693.4;40;11213040569;S
20240923;112534;693.4;69;11213040603;S
20240923;112534;693.4;9;11213040604;S
20240923;112534;693.4;6;11213040605;S
20240923;112534;693.4;6;11213040606;S
20240923;112534;693.4;8;11213040607;S
20240923;112534;693.4;4;11213040608;S
20240923;112534;693.4;16;11213040609;S
20240923;112534;693.4;28;11213040610;S
20240923;112534;693.4;7;11213040611;S
20240923;112534;693.4;8;11213040612;S
20240923;112534;693.4;114;11213040613;S
20240923;112534;693.4;16;11213040614;S
20240923;112534;693.4;6;11213040615;S
20240923;112534;693.4;9;11213040616;S
20240923;112534;693.4;8;11213040617;S
20240923;112534;693.4;18;11213040618;S
20240923;112534;693.4;4;11213040619;S
20240923;112534;693.4;17;11213040620;S
20240923;112534;693.4;8;11213040621;S
20240923;112534;693.4;6;11213040622;S
20240923;112534;693.4;8;11213040623;S
20240923;112534;693.4;5;11213040624;S
20240923;112534;693.4;9;11213040625;S
20240923;112534;693.4;15;11213040626;S
20240923;112534;693.4;5;11213040627;S
20240923;112534;693.4;10;11213040628;S
20240923;112534;693.4;12;11213040629;S
20240923;112534;693.4;7;11213040630;S
20240923;112534;693.4;11;11213040631;S
20240923;112534;693.4;4;11213040632;S
20240923;112534;693.4;8;11213040633;S
20240923;112534;693.4;4;11213040634;S
20240923;112534;693.4;6;11213040635;S
20240923;112534;693.4;7;11213040636;S
20240923;112534;693.4;2;11213040637;S
20240923;112535;693.4;2;11213040736;S
20240923;112535;693.4;11;11213040737;S
20240923;112535;693.4;41;11213040738;S
20240923;112535;693.4;8;11213040739;S
20240923;112535;693.4;5;11213040740;S
20240923;112535;693.4;5;11213040741;S
20240923;112535;693.4;20;11213040742;S
20240923;112535;693.4;4;11213040743;S
20240923;112535;693.4;7;11213040744;S
20240923;112535;693.4;97;11213040745;S
20240923;112536;693.4;49;11213041002;S
20240923;112536;693.4;8;11213041003;S
20240923;112536;693.4;4;11213041004;S
20240923;112536;693.4;9;11213041005;S
20240923;112536;693.4;4;11213041006;S
20240923;112536;693.4;4;11213041007;S
20240923;112536;693.4;2;11213041008;S
20240923;112540;693.8;40;11213041737;B
20240923;112540;693.8;3;11213041738;B
20240923;112540;694;400;11213041739;B
20240923;112543;694;20;11213042330;B
20240923;112556;694;20;11213044844;B
20240923;112558;693.6;1;11213045514;S
20240923;112558;693.6;7;11213045515;S
20240923;112559;694;110;11213045745;B
20240923;112600;694;76;11213045995;B
20240923;112602;694;243;11213046408;B
20240923;112608;695;1;11213047703;B
20240923;112608;695;19;11213047704;B
20240923;112610;694.2;1;11213048019;S
20240923;112610;694.2;27;11213048190;S
20240923;112610;694.2;23;11213048191;S
20240923;112618;694.2;1;11213049776;S
20240923;112621;695.4;20;11213050256;B
20240923;112621;694.2;4;11213050329;S
20240923;112633;695.6;20;11213052941;B
20240923;112646;695.6;20;11213055434;B
20240923;112652;694.8;14;11213056770;S
20240923;112652;694.6;86;11213056771;S
20240923;112658;695.4;20;11213058074;B
20240923;112711;695.4;20;11213061672;B
20240923;112713;695;15;11213062482;S
20240923;112719;695;1;11213063837;S
20240923;112720;695;7;11213064110;S
20240923;112723;695.4;10;11213064768;B
20240923;112723;695.4;10;11213064769;B
20240923;112736;695.6;20;11213067576;B
20240923;112748;695.6;20;11213071106;B
20240923;112748;695.2;25;11213071108;S
20240923;112750;695;2;11213071573;S
20240923;112750;694.8;2;11213071574;S
20240923;112758;694.8;2;11213073452;S
20240923;112801;695.6;20;11213074365;B
20240923;112813;695.6;20;11213079532;B
20240923;112826;695.6;20;11213081866;B
20240923;112833;694.8;4;11213083955;S
20240923;112838;695.6;10;11213085463;B
20240923;112838;695.6;10;11213085464;B
20240923;112851;695.6;11;11213087841;B
20240923;112851;695.8;9;11213087842;B
20240923;112852;696;5;11213087972;B
20240923;112852;696;1;11213087973;B
20240923;112852;696;10;11213087974;B
20240923;112852;696;40;11213087975;B
20240923;112852;696.2;5;11213087976;B
20240923;112852;696.2;50;11213087977;B
20240923;112852;696.2;10;11213087978;B
20240923;112852;696.4;18;11213087979;B
20240923;112856;695.4;1;11213088800;B
20240923;112903;695.4;20;11213090167;B
20240923;112905;695.4;2;11213090498;B
20240923;112906;695.4;25;11213090657;B
20240923;112907;695.4;2;11213090838;B
20240923;112907;695.8;40;11213090839;B
20240923;112907;695.8;9;11213090840;B
20240923;112907;696.2;10;11213090841;B
20240923;112907;696.2;1;11213090859;S
20240923;112916;696;1;11213092372;B
20240923;112916;696;19;11213092373;B
20240923;112928;696;20;11213095441;B
20240923;112929;695.6;2;11213095531;S
20240923;112940;695.8;5;11213098487;B
20240923;112941;695.8;20;11213098683;B
20240923;112948;695.2;10;11213100970;S
20240923;112948;695;10;11213100971;S
20240923;112948;695;20;11213100972;S
20240923;112948;695;11;11213100973;S
20240923;112951;694.8;1;11213101938;S
20240923;112951;694.8;24;11213101939;S
20240923;112953;695;9;11213102414;B
20240923;112953;695.2;11;11213102415;B
20240923;112957;695.2;5;11213103545;B
20240923;113006;695.2;1;11213106375;S
20240923;113006;695.4;20;11213106483;B
20240923;113017;695.4;20;11213110080;B
20240923;113017;695.4;5;11213110081;B
20240923;113019;695.6;12;11213110985;B
20240923;113019;695.6;8;11213110986;B
20240923;113027;695;5;11213113452;S
20240923;113027;695;1;11213113453;S
20240923;113029;694.8;1;11213114053;S
20240923;113029;694.6;14;11213114054;S
20240923;113029;694.6;15;11213114055;S
20240923;113030;694.8;8;11213114454;B
20240923;113030;694.8;12;11213114455;B
20240923;113032;695;1;11213114948;B
20240923;113033;694.6;48;11213115122;S
20240923;113034;695;1;11213115358;B
20240923;113044;694.4;1;11213118571;S
20240923;113044;694.8;5;11213118647;B
20240923;113044;694.8;2;11213118648;B
20240923;113044;694.8;13;11213118649;B
20240923;113049;694.4;99;11213120793;S
20240923;113049;694.4;1;11213120794;S
20240923;113049;694.4;6;11213120927;S
20240923;113050;694.4;3;11213120957;S
20240923;113053;694.4;1;11213122673;S
20240923;113055;694.6;20;11213123226;B
20240923;113102;694.4;5;11213124946;S
20240923;113106;694.4;5;11213125968;S
20240923;113108;694.6;13;11213126354;B
20240923;113108;694.6;2;11213126355;B
20240923;113108;694.8;5;11213126356;B
20240923;113108;694.4;10;11213126362;S
20240923;113109;694.4;19;11213126460;S
20240923;113109;694.2;1;11213126461;S
20240923;113111;694.2;40;11213126908;S
20240923;113111;694.2;60;11213127081;S
20240923;113111;694;13;11213127082;S
20240923;113111;694;7;11213127083;S
20240923;113115;693.8;100;11213128543;S
20240923;113120;693.8;20;11213130001;B
20240923;113122;693.8;40;11213130333;B
20240923;113122;694;1;11213130334;B
20240923;113122;694;40;11213130335;B
20240923;113125;694;2;11213131496;B
20240923;113133;694.2;6;11213134545;B
20240923;113133;694.4;14;11213134546;B
20240923;113138;694.4;6;11213136075;S
20240923;113141;694.8;1;11213136670;B
20240923;113145;694.4;1;11213137725;S
20240923;113145;694.8;4;11213137862;B
20240923;113145;694.8;16;11213137863;B
20240923;113151;694.4;18;11213139453;S
20240923;113156;694.4;17;11213140596;B
20240923;113156;694.6;33;11213140597;B
20240923;113158;694.8;1;11213141115;B
20240923;113158;694.8;2;11213141116;B
20240923;113158;695;17;11213141117;B
20240923;113159;695;100;11213141513;B
20240923;113206;695;75;11213142961;B
20240923;113206;695;4;11213142962;B
20240923;113206;695;1;11213142963;B
20240923;113206;695;1;11213142964;B
20240923;113206;695;10;11213142965;B
20240923;113210;695.6;1;11213143844;B
20240923;113210;695.6;12;11213143852;B
20240923;113210;695.6;1;11213143853;B
20240923;113210;695.6;1;11213143854;B
20240923;113210;695.8;6;11213143855;B
20240923;113212;695;109;11213144142;S
20240923;113212;695;40;11213144143;S
20240923;113212;695;18;11213144144;S
20240923;113212;694.8;100;11213144145;S
20240923;113212;694.6;149;11213144146;S
20240923;113212;694.4;50;11213144147;S
20240923;113212;694.4;149;11213144148;S
20240923;113212;694.2;50;11213144149;S
20240923;113212;694.2;100;11213144150;S
20240923;113212;694.2;267;11213144151;S
20240923;113212;694;100;11213144152;S
20240923;113212;694;100;11213144153;S
20240923;113212;693.8;100;11213144154;S
20240923;113212;693.8;100;11213144155;S
20240923;113212;693.6;20;11213144156;S
20240923;113212;693.6;2;11213144157;S
20240923;113212;693.6;46;11213144158;S
20240923;113215;695;1;11213145066;S
20240923;113220;694.6;14;11213146165;B
20240923;113220;694.8;26;11213146166;B
20240923;113223;694.8;20;11213146754;B
20240923;113227;694.2;100;11213148215;S
20240923;113227;694.2;40;11213148216;S
20240923;113227;694;1;11213148217;S
20240923;113227;693.8;148;11213148218;S
20240923;113235;694.4;1;11213150904;B
20240923;113235;694.6;1;11213150905;B
20240923;113235;694.6;18;11213150906;B
20240923;113236;694.8;4;11213151086;B
20240923;113236;694.8;1;11213151087;B
20240923;113236;695;20;11213151088;B
20240923;113236;695;25;11213151089;B
20240923;113242;694.6;1;11213152217;B
20240923;113242;694.8;10;11213152218;B
20240923;113242;694.8;39;11213152219;B
20240923;113248;694.4;10;11213153720;B
20240923;113248;694.6;1;11213153721;B
20240923;113248;694.8;9;11213153722;B
20240923;113300;694.4;10;11213156189;B
20240923;113300;694.6;10;11213156190;B
20240923;113305;694.2;10;11213157118;S
20240923;113305;694.2;25;11213157119;S
20240923;113305;694;14;11213157120;S
20240923;113305;693.8;1;11213157121;S
20240923;113305;693.8;40;11213157122;S
20240923;113313;693.8;10;11213158351;B
20240923;113313;694;10;11213158352;B
20240923;113325;693.8;20;11213161616;B
20240923;113334;693.8;1;11213163461;B
20240923;113338;693.6;5;11213165149;S
20240923;113340;693.8;20;11213165706;B
20240923;113350;693.8;20;11213168384;B
20240923;113353;693.6;43;11213168790;S
20240923;113353;693.6;6;11213168875;S
20240923;113353;693.4;10;11213168876;S
20240923;113353;693.4;1;11213168877;S
20240923;113356;693.6;1;11213169454;B
20240923;113403;693.2;10;11213170987;B
20240923;113403;693.4;10;11213170988;B
20240923;113403;692.8;1;11213171010;S
20240923;113403;692.8;35;11213171011;S
20240923;113403;692.8;100;11213171012;S
20240923;113403;692.8;48;11213171013;S
20240923;113403;692.8;40;11213171014;S
20240923;113403;692.8;29;11213171015;S
20240923;113411;693;2;11213172583;S
20240923;113415;693.2;20;11213173449;B
20240923;113418;693;1;11213173947;S
20240923;113419;693;7;11213174139;S
20240923;113419;692.8;1;11213174140;S
20240923;113419;692.6;40;11213174141;S
20240923;113419;692.4;252;11213174142;S
20240923;113419;692.2;90;11213174143;S
20240923;113419;692.2;77;11213174144;S
20240923;113420;693.2;2;11213174193;B
20240923;113421;692.4;33;11213174501;S
20240923;113421;692.2;143;11213174502;S
20240923;113422;692.4;50;11213174699;B
20240923;113426;692;1;11213176916;S
20240923;113426;691.8;130;11213176917;S
20240923;113426;691.8;40;11213176918;S
20240923;113426;691.6;1;11213176919;S
20240923;113426;691.6;30;11213176920;S
20240923;113428;691.4;41;11213177346;S
20240923;113428;692.4;20;11213177352;B
20240923;113434;691.4;1;11213179340;S
20240923;113441;692.2;14;11213181030;B
20240923;113441;692.2;6;11213181031;B
20240923;113448;691.4;50;11213182666;S
20240923;113453;692.4;20;11213183744;B
20240923;113505;692.4;20;11213186128;B
20240923;113518;692.4;20;11213189951;B
20240923;113519;691.8;1;11213190294;S
20240923;113519;691.8;2;11213190295;S
20240923;113530;692.2;1;11213192697;B
20240923;113530;692.2;16;11213192698;B
20240923;113530;692.4;3;11213192699;B
20240923;113540;692.4;1;11213194987;B
20240923;113543;692.4;20;11213195502;B
20240923;113544;692.4;1;11213195718;B
20240923;113548;692;10;11213196523;S
20240923;113555;692;20;11213197836;B
20240923;113558;691.8;5;11213198203;S
20240923;113605;691.8;45;11213199665;S
20240923;113605;691.6;22;11213199666;S
20240923;113605;691.4;11;11213199667;S
20240923;113608;692;11;11213200962;B
20240923;113608;692;9;11213200963;B
20240923;113620;692.4;20;11213204261;B
20240923;113633;692.4;20;11213206767;B
20240923;113643;692.4;20;11213209659;B
20240923;113647;692.4;20;11213212225;B
20240923;113658;692.4;20;11213215232;B
20240923;113704;691.6;15;11213216514;S
20240923;113710;692.2;20;11213217852;B
20240923;113723;692.2;20;11213220586;B
20240923;113735;692.2;10;11213223829;B
20240923;113735;692.2;10;11213223830;B
20240923;113748;692.2;14;11213227250;B
20240923;113748;692.4;6;11213227251;B
20240923;113753;692.4;64;11213228429;B
20240923;113753;692.4;12;11213228430;B
20240923;113801;692.6;20;11213229845;B
20240923;113810;692.6;50;11213232027;B
20240923;113813;693;20;11213232632;B
20240923;113815;693;82;11213232916;B
20240923;113815;693.2;18;11213232917;B
20240923;113816;693.2;77;11213233252;B
20240923;113820;693.4;1;11213233990;B
20240923;113822;693.8;1;11213234514;B
20240923;113825;694;20;11213235113;B
20240923;113827;694;20;11213235436;B
20240923;113829;694;20;11213235791;B
20240923;113832;694.2;25;11213236888;B
20240923;113832;694;1;11213236930;S
20240923;113833;694.2;25;11213236997;B
20240923;113834;694.2;50;11213237114;B
20240923;113834;694.6;6;11213237115;B
20240923;113834;694.4;2;11213237419;B
20240923;113834;694.4;20;11213237432;B
20240923;113834;694.4;8;11213237451;B
20240923;113836;694.4;3;11213237916;B
20240923;113837;694.8;5;11213238223;B
20240923;113837;694.8;45;11213238224;B
20240923;113838;694.8;5;11213238401;B
20240923;113838;694.8;1;11213238402;B
20240923;113838;694.8;14;11213238403;B
20240923;113838;694.6;1;11213238412;S
20240923;113840;694.6;1;11213238881;S
20240923;113848;694.6;23;11213240657;S
20240923;113850;694.6;20;11213241427;B
20240923;113854;694.6;1;11213242123;B
20240923;113855;694.6;3;11213242252;B
20240923;113902;694.4;21;11213243779;S
20240923;113903;694.6;20;11213243904;B
20240923;113909;694.4;25;11213245242;S
20240923;113915;694.6;20;11213246856;B
20240923;113916;694.4;7;11213247024;S
20240923;113928;694.4;3;11213249809;B
20240923;113928;694.6;17;11213249810;B
20240923;113932;694.2;1;11213250521;S
20240923;113934;694.6;1;11213251021;B
20240923;113940;694.6;20;11213252407;B
20240923;113953;694.6;20;11213254987;B
20240923;113953;694.2;1;11213255024;S
20240923;113953;694.2;1;11213255025;S
20240923;113953;694.2;8;11213255026;S
20240923;114004;694.4;13;11213257044;S
20240923;114005;694.6;20;11213257259;B
20240923;114006;694.4;27;11213257441;S
20240923;114006;694.4;25;11213257442;S
20240923;114008;694.2;3;11213257773;S
20240923;114018;694.4;20;11213259539;B
20240923;114021;694.4;1;11213259991;B
20240923;114030;694.4;4;11213261743;B
20240923;114030;694.4;11;11213261744;B
20240923;114030;694.4;5;11213261745;B
20240923;114043;694.4;20;11213264723;B
20240923;114055;694.6;20;11213267240;B
20240923;114108;694.6;20;11213269690;B
20240923;114109;694.6;56;11213269865;B
20240923;114109;694.6;31;11213269879;B
20240923;114111;694.6;8;11213270212;B
20240923;114111;694.6;5;11213270213;B
20240923;114111;694.6;37;11213270214;B
20240923;114112;694.6;13;11213270463;B
20240923;114114;694.6;40;11213271129;S
20240923;114114;694.6;10;11213271130;S
20240923;114120;694.8;1;11213273019;B
20240923;114120;694.8;1;11213273020;B
20240923;114120;694.8;5;11213273021;B
20240923;114120;695;13;11213273022;B
20240923;114130;695;2;11213274550;B
20240923;114133;695;1;11213275044;B
20240923;114133;695;4;11213275045;B
20240923;114133;695;1;11213275046;B
20240923;114133;695.2;3;11213275047;B
20240923;114133;695.2;10;11213275048;B
20240923;114133;695.2;1;11213275049;B
20240923;114136;695.4;50;11213275580;B
20240923;114138;695.2;5;11213275914;S
20240923;114138;695;25;11213275915;S
20240923;114138;695;16;11213275916;S
20240923;114138;694.8;4;11213275917;S
20240923;114145;695.2;20;11213277068;B
20240923;114147;695.2;16;11213277353;B
20240923;114157;695.2;50;11213279788;S
20240923;114158;695.4;20;11213279985;B
20240923;114203;695.4;1;11213281062;B
20240923;114203;695.2;1;11213281098;S
20240923;114210;695.4;6;11213282379;B
20240923;114210;695.4;5;11213282380;B
20240923;114210;695.6;9;11213282381;B
20240923;114213;695.4;1;11213282777;B
20240923;114220;695.6;1;11213283830;B
20240923;114220;695.6;2;11213283831;B
20240923;114223;695.4;20;11213284484;B
20240923;114225;695.2;10;11213284944;S
20240923;114235;695.4;20;11213288127;B
20240923;114240;695.2;23;11213289542;S
20240923;114240;695.2;55;11213289543;S
20240923;114240;695;15;11213289544;S
20240923;114248;695;7;11213290956;B
20240923;114248;695;5;11213290957;B
20240923;114248;695;8;11213290958;B
20240923;114253;695.2;2;11213292233;B
20240923;114300;695.4;6;11213293484;B
20240923;114300;695.4;1;11213293485;B
20240923;114300;695.4;7;11213293486;B
20240923;114300;695.4;1;11213293487;B
20240923;114300;695.6;1;11213293488;B
20240923;114300;695.6;4;11213293489;B
20240923;114313;695.4;20;11213296430;B
20240923;114317;695;1;11213297233;S
20240923;114317;695;1;11213297234;S
20240923;114325;695;20;11213299056;B
20240923;114329;694.6;5;11213299691;S
20240923;114338;694.8;20;11213303326;B
20240923;114343;694.8;30;11213304192;B
20240923;114343;695;5;11213304193;B
20240923;114350;695;20;11213305390;B
20240923;114403;695;3;11213307639;B
20240923;114403;695.2;5;11213307640;B
20240923;114403;695.2;12;11213307641;B
20240923;114407;695.2;7;11213308408;B
20240923;114415;695.2;13;11213310204;B
20240923;114415;695.2;5;11213310205;B
20240923;114415;695.2;2;11213310206;B
20240923;114417;694.8;14;11213310532;S
20240923;114417;694.8;36;11213310533;S
20240923;114428;695.2;18;11213312945;B
20240923;114428;695.2;2;11213312946;B
20240923;114439;695.2;5;11213314998;B
20240923;114439;695.4;5;11213314999;B
20240923;114439;695.4;10;11213315000;B
20240923;114440;695.4;1;11213315247;B
20240923;114440;695.6;19;11213315248;B
20240923;114441;695.6;1;11213315400;B
20240923;114441;695.6;14;11213315401;B
20240923;114441;695.8;19;11213315402;B
20240923;114441;695.8;16;11213315403;B
20240923;114443;695.8;20;11213315863;B
20240923;114443;695.2;1;11213315922;S
20240923;114448;695.8;56;11213317044;B
20240923;114448;695.6;7;11213317047;S
20240923;114453;695.8;20;11213318111;B
20240923;114505;695.8;8;11213320785;B
20240923;114505;695.8;12;11213320786;B
20240923;114509;695.6;1;11213322049;S
20240923;114517;695.6;5;11213323803;S
20240923;114518;695.8;1;11213323963;B
20240923;114518;695.8;3;11213323964;B
20240923;114518;696;1;11213323965;B
20240923;114518;696;10;11213323966;B
20240923;114518;696;5;11213323967;B
20240923;114521;695.6;1;11213324389;S
20240923;114530;695.6;20;11213325790;S
20240923;114530;695.6;1;11213325808;S
20240923;114530;695.8;15;11213325852;B
20240923;114530;695.8;20;11213325892;B
20240923;114537;695.6;5;11213327045;S
20240923;114541;695.8;15;11213328255;B
20240923;114541;695.8;145;11213328256;B
20240923;114541;695.8;5;11213328257;B
20240923;114541;696;1;11213328258;B
20240923;114541;696;40;11213328259;B
